{"brand":"&SHINE","date_range":"2024-01-01 00:00:00 to 2026-01-31 00:00:00","period_label":"All Time","summary":{"total_units":91,"total_revenue":813.969970703125,"total_cost":0.9099998474121094,"total_discounts":90.02999877929688,"total_profit":813.059814453125,"overall_margin":99.9000015258789,"fp_margin":99.9000015258789,"disc_margin":99.9000015258789,"pct_full_price":71.30000305175781,"avg_discount_rate":10.0,"fp_revenue":580.0,"disc_revenue":233.97000122070312,"brand":"&SHINE","date_range":"2024-01-01 00:00:00 to 2026-01-31 00:00:00","primary_category":"PRE ROLL","store_coverage":"3/7","stores_present":["Thrive Cactus","Thrive Cheyenne","Thrive Sahara"],"stores_missing":["Thrive Jackpot","Thrive Main Street","Thrive Reno","Thrive Sammy"],"velocity_rank":37,"velocity_total":46},"distribution":[{"store":"Thrive Cactus","carries_brand":true,"sku_count":1,"revenue":435.0,"units":50,"store_total_revenue":20455500.0,"brand_share_pct":0.0},{"store":"Thrive Cheyenne","carries_brand":true,"sku_count":1,"revenue":247.0,"units":25,"store_total_revenue":19012896.0,"brand_share_pct":0.0},{"store":"Thrive Jackpot","carries_brand":false,"sku_count":0,"revenue":0,"units":0,"store_total_revenue":22420058.0,"brand_share_pct":0},{"store":"Thrive Main Street","carries_brand":false,"sku_count":0,"revenue":0,"units":0,"store_total_revenue":778094.875,"brand_share_pct":0},{"store":"Thrive Reno","carries_brand":false,"sku_count":0,"revenue":0,"units":0,"store_total_revenue":12340074.0,"brand_share_pct":0},{"store":"Thrive Sahara","carries_brand":true,"sku_count":1,"revenue":131.97000122070312,"units":16,"store_total_revenue":11503146.0,"brand_share_pct":0.0},{"store":"Thrive Sammy","carries_brand":false,"sku_count":0,"revenue":0,"units":0,"store_total_revenue":8794803.0,"brand_share_pct":0}],"share_of_category":[{"category":"PRE ROLL","brand_revenue":813.969970703125,"category_revenue":5603916.5,"revenue_share_pct":0.0,"brand_units":91,"category_units":742868,"units_share_pct":0.0}],"share_of_category_trend":{"PRE ROLL":[{"period":"2024-01","brand_revenue":0.0,"category_revenue":203335.40625,"share_pct":0.0},{"period":"2024-02","brand_revenue":0.0,"category_revenue":195757.46875,"share_pct":0.0},{"period":"2024-03","brand_revenue":0.0,"category_revenue":208020.953125,"share_pct":0.0},{"period":"2024-04","brand_revenue":0.0,"category_revenue":196520.265625,"share_pct":0.0},{"period":"2024-05","brand_revenue":0.0,"category_revenue":216881.15625,"share_pct":0.0},{"period":"2024-06","brand_revenue":0.0,"category_revenue":202915.546875,"share_pct":0.0},{"period":"2024-07","brand_revenue":0.0,"category_revenue":209700.390625,"share_pct":0.0},{"period":"2024-08","brand_revenue":0.0,"category_revenue":245007.484375,"share_pct":0.0},{"period":"2024-09","brand_revenue":0.0,"category_revenue":234617.203125,"share_pct":0.0},{"period":"2024-10","brand_revenue":0.0,"category_revenue":256579.671875,"share_pct":0.0},{"period":"2024-11","brand_revenue":0.0,"category_revenue":231946.6875,"share_pct":0.0},{"period":"2024-12","brand_revenue":0.0,"category_revenue":233199.828125,"share_pct":0.0},{"period":"2025-01","brand_revenue":0.0,"category_revenue":217638.125,"share_pct":0.0},{"period":"2025-02","brand_revenue":0.0,"category_revenue":200350.234375,"share_pct":0.0},{"period":"2025-03","brand_revenue":0.0,"category_revenue":220568.828125,"share_pct":0.0},{"period":"2025-04","brand_revenue":0.0,"category_revenue":227275.75,"share_pct":0.0},{"period":"2025-05","brand_revenue":247.0,"category_revenue":226206.75,"share_pct":0.10000000149011612},{"period":"2025-06","brand_revenue":435.0,"category_revenue":224202.6875,"share_pct":0.20000000298023224},{"period":"2025-07","brand_revenue":0.0,"category_revenue":240366.4375,"share_pct":0.0},{"period":"2025-08","brand_revenue":20.0,"category_revenue":248099.0,"share_pct":0.0},{"period":"2025-09","brand_revenue":27.5,"category_revenue":243588.4375,"share_pct":0.0},{"period":"2025-10","brand_revenue":0.0,"category_revenue":258117.265625,"share_pct":0.0},{"period":"2025-11","brand_revenue":17.0,"category_revenue":232445.390625,"share_pct":0.0},{"period":"2025-12","brand_revenue":7.0,"category_revenue":221235.421875,"share_pct":0.0},{"period":"2026-01","brand_revenue":60.470001220703125,"category_revenue":209340.375,"share_pct":0.0}]},"velocity_by_category":[{"category":"PRE ROLL","brand_units_per_day":0.12,"category_avg_units_per_day":21.19,"velocity_index":0.6,"brand_rev_per_unit":8.94,"category_rev_per_unit":7.54,"brands_in_category":46}],"store_gaps":[{"store":"Thrive Sammy","category":"PRE ROLL","category_revenue_at_store":622321.25,"opportunity":"Brand not carried"},{"store":"Thrive Jackpot","category":"PRE ROLL","category_revenue_at_store":584348.5,"opportunity":"Brand not carried"},{"store":"Thrive Reno","category":"PRE ROLL","category_revenue_at_store":530705.6875,"opportunity":"Brand not carried"},{"store":"Thrive Main Street","category":"PRE ROLL","category_revenue_at_store":78455.640625,"opportunity":"Brand not carried"}],"product_mix":{"top":[{"product":"NIGHT OWL HAZE PRE ROLL - &SHINE","units":75,"revenue":682.0,"cost":0.75,"profit":681.25,"stores":2,"transactions":58,"margin":99.9000015258789},{"product":"ZACKS CAKE PRE ROLL - &SHINE","units":16,"revenue":131.97000122070312,"cost":0.1599999964237213,"profit":131.80999755859375,"stores":1,"transactions":13,"margin":99.9000015258789}],"bottom":[],"expansion":[{"product":"NIGHT OWL HAZE PRE ROLL - &SHINE","current_stores":2,"total_stores":3,"missing_stores":["Thrive Sahara"],"revenue":682.0}]},"pricing_consistency":[{"product":"NIGHT OWL HAZE PRE ROLL - &SHINE","min_price":8.7,"max_price":9.88,"avg_price":9.29,"std_dev":0.8343860018001278,"store_count":2,"price_range":1.1800000000000015,"range_pct":12.7}],"promotional_effectiveness":{"lift":{"fp_units_per_day":2.76,"disc_units_per_day":2.36,"lift_pct":-14.7,"fp_avg_revenue_per_unit":10.0,"disc_avg_revenue_per_unit":7.09},"by_deal":[{"deal_name":"Industry 30% Off","uses":11,"revenue":133.0,"discounts":57.0,"units":19.0,"cost":0.18999999575316906,"margin":99.9,"discount_depth":30.0},{"deal_name":"Veterans - 10% Off","uses":2,"revenue":18.0,"discounts":2.0,"units":2.0,"cost":0.019999999552965164,"margin":99.9,"discount_depth":10.0},{"deal_name":"Senior - 10% Off","uses":1,"revenue":9.0,"discounts":1.0,"units":1.0,"cost":0.009999999776482582,"margin":99.9,"discount_depth":10.0}]},"growth_opportunities":[{"type":"distribution","title":"Expand to Thrive Jackpot","detail":"Store has $584,348 in PRE ROLL \u2014 categories where &SHINE competes.","priority":"high"},{"type":"distribution","title":"Expand to Thrive Main Street","detail":"Store has $78,456 in PRE ROLL \u2014 categories where &SHINE competes.","priority":"high"},{"type":"distribution","title":"Expand to Thrive Reno","detail":"Store has $530,706 in PRE ROLL \u2014 categories where &SHINE competes.","priority":"high"},{"type":"distribution","title":"Expand to Thrive Sammy","detail":"Store has $622,321 in PRE ROLL \u2014 categories where &SHINE competes.","priority":"high"},{"type":"sku_expansion","title":"Add 'NIGHT OWL HAZE PRE ROLL - &SHINE' to 1 more store(s)","detail":"Carried in 2 stores. Missing from: Thrive Sahara","priority":"medium"},{"type":"velocity","title":"Improve velocity in PRE ROLL","detail":"Velocity index 1 (below category average). 0.1 units/day vs 21.2 avg.","priority":"medium"}],"trend":[{"period":"2025-05","revenue":247.0,"cost":0.25,"margin":99.9,"units":25,"transactions":22,"profit":246.75,"revenue_change_pct":null,"units_change_pct":null,"margin_change_pts":null},{"period":"2025-06","revenue":435.0,"cost":0.5,"margin":99.9,"units":50,"transactions":36,"profit":434.5,"revenue_change_pct":76.1,"units_change_pct":100.0,"margin_change_pts":-0.0},{"period":"2025-08","revenue":20.0,"cost":0.019999999552965164,"margin":99.9,"units":2,"transactions":2,"profit":19.979999542236328,"revenue_change_pct":-95.4,"units_change_pct":-96.0,"margin_change_pts":0.0},{"period":"2025-09","revenue":27.5,"cost":0.029999999329447746,"margin":99.9,"units":3,"transactions":2,"profit":27.469999313354492,"revenue_change_pct":37.5,"units_change_pct":50.0,"margin_change_pts":-0.0},{"period":"2025-11","revenue":17.0,"cost":0.019999999552965164,"margin":99.9,"units":2,"transactions":2,"profit":16.979999542236328,"revenue_change_pct":-38.2,"units_change_pct":-33.3,"margin_change_pts":-0.0},{"period":"2025-12","revenue":7.0,"cost":0.009999999776482582,"margin":99.9,"units":1,"transactions":1,"profit":6.989999771118164,"revenue_change_pct":-58.8,"units_change_pct":-50.0,"margin_change_pts":-0.0},{"period":"2026-01","revenue":60.470001220703125,"cost":0.07999999821186066,"margin":99.9,"units":8,"transactions":6,"profit":60.38999938964844,"revenue_change_pct":763.9,"units_change_pct":700.0,"margin_change_pts":0.0}]}