{"brand":"&SHINE","date_range":"2024-01-01 00:00:00 to 2026-01-31 00:00:00","period_label":"All Time","summary":{"total_units":182,"total_revenue":2034.9249267578125,"total_cost":2.2749996185302734,"total_discounts":225.0749969482422,"total_profit":2032.6495361328125,"overall_margin":99.9000015258789,"fp_margin":99.9000015258789,"disc_margin":99.9000015258789,"pct_full_price":71.30000305175781,"avg_discount_rate":10.0,"fp_revenue":1450.0,"disc_revenue":584.9250030517578,"unique_customers":136,"brand":"&SHINE","date_range":"2024-01-01 00:00:00 to 2026-01-31 00:00:00","months_count":14,"avg_monthly_cost":0.325,"cost_per_unit":0.025,"primary_category":"PRE ROLL","primary_cat_margin":48.29999923706055,"category_rank":36,"category_total":46,"margin_vs_category":51.599998474121094,"velocity_rank":37},"category_breakdown":[{"category_clean":"PRE ROLL","units":182,"revenue":2034.9249267578125,"cost":2.2749999165534973,"profit":2032.6499938964844,"discounts":225.0749969482422,"margin":99.9000015258789,"category_avg_margin":48.29999923706055,"vs_category":51.6,"rank":36.0,"total_brands":46.0}],"trend":[{"period":"2025-05","revenue":617.5,"cost":0.625,"margin":99.9,"units":50,"transactions":44,"profit":616.875,"revenue_change_pct":null,"units_change_pct":null,"margin_change_pts":null},{"period":"2025-06","revenue":1087.5,"cost":1.25,"margin":99.9,"units":100,"transactions":72,"profit":1086.25,"revenue_change_pct":76.1,"units_change_pct":100.0,"margin_change_pts":-0.0},{"period":"2025-08","revenue":50.0,"cost":0.04999999888241291,"margin":99.9,"units":4,"transactions":4,"profit":49.94999885559082,"revenue_change_pct":-95.4,"units_change_pct":-96.0,"margin_change_pts":0.0},{"period":"2025-09","revenue":68.75,"cost":0.07499999832361937,"margin":99.9,"units":6,"transactions":4,"profit":68.67499828338623,"revenue_change_pct":37.5,"units_change_pct":50.0,"margin_change_pts":-0.0},{"period":"2025-11","revenue":42.5,"cost":0.04999999888241291,"margin":99.9,"units":4,"transactions":4,"profit":42.44999885559082,"revenue_change_pct":-38.2,"units_change_pct":-33.3,"margin_change_pts":-0.0},{"period":"2025-12","revenue":17.5,"cost":0.024999999441206455,"margin":99.9,"units":2,"transactions":2,"profit":17.47499942779541,"revenue_change_pct":-58.8,"units_change_pct":-50.0,"margin_change_pts":-0.0},{"period":"2026-01","revenue":151.1750030517578,"cost":0.19999999552965164,"margin":99.9,"units":16,"transactions":12,"profit":150.9749984741211,"revenue_change_pct":763.9,"units_change_pct":700.0,"margin_change_pts":0.0}],"share_of_category":[{"category":"PRE ROLL","brand_revenue":2034.9249267578125,"category_revenue":14009791.25,"revenue_share_pct":0.0,"brand_units":182,"category_units":1485736,"units_share_pct":0.0}],"share_of_category_trend":{"PRE ROLL":[{"period":"2024-01","brand_revenue":0.0,"category_revenue":508338.515625,"share_pct":0.0},{"period":"2024-02","brand_revenue":0.0,"category_revenue":489393.671875,"share_pct":0.0},{"period":"2024-03","brand_revenue":0.0,"category_revenue":520052.3828125,"share_pct":0.0},{"period":"2024-04","brand_revenue":0.0,"category_revenue":491300.6640625,"share_pct":0.0},{"period":"2024-05","brand_revenue":0.0,"category_revenue":542202.890625,"share_pct":0.0},{"period":"2024-06","brand_revenue":0.0,"category_revenue":507288.8671875,"share_pct":0.0},{"period":"2024-07","brand_revenue":0.0,"category_revenue":524250.9765625,"share_pct":0.0},{"period":"2024-08","brand_revenue":0.0,"category_revenue":612518.7109375,"share_pct":0.0},{"period":"2024-09","brand_revenue":0.0,"category_revenue":586543.0078125,"share_pct":0.0},{"period":"2024-10","brand_revenue":0.0,"category_revenue":641449.1796875,"share_pct":0.0},{"period":"2024-11","brand_revenue":0.0,"category_revenue":579866.71875,"share_pct":0.0},{"period":"2024-12","brand_revenue":0.0,"category_revenue":582999.5703125,"share_pct":0.0},{"period":"2025-01","brand_revenue":0.0,"category_revenue":544095.3125,"share_pct":0.0},{"period":"2025-02","brand_revenue":0.0,"category_revenue":500875.5859375,"share_pct":0.0},{"period":"2025-03","brand_revenue":0.0,"category_revenue":551422.0703125,"share_pct":0.0},{"period":"2025-04","brand_revenue":0.0,"category_revenue":568189.375,"share_pct":0.0},{"period":"2025-05","brand_revenue":617.5,"category_revenue":565516.875,"share_pct":0.10000000149011612},{"period":"2025-06","brand_revenue":1087.5,"category_revenue":560506.71875,"share_pct":0.20000000298023224},{"period":"2025-07","brand_revenue":0.0,"category_revenue":600916.09375,"share_pct":0.0},{"period":"2025-08","brand_revenue":50.0,"category_revenue":620247.5,"share_pct":0.0},{"period":"2025-09","brand_revenue":68.75,"category_revenue":608971.09375,"share_pct":0.0},{"period":"2025-10","brand_revenue":0.0,"category_revenue":645293.1640625,"share_pct":0.0},{"period":"2025-11","brand_revenue":42.5,"category_revenue":581113.4765625,"share_pct":0.0},{"period":"2025-12","brand_revenue":17.5,"category_revenue":553088.5546875,"share_pct":0.0},{"period":"2026-01","brand_revenue":151.1750030517578,"category_revenue":523350.9375,"share_pct":0.0}]},"discount_depth":[{"tier":"0% (Full Price)","transactions":100,"pct_of_transactions":70.4,"revenue":1450.0,"avg_discount":0.0},{"tier":"1-10%","transactions":6,"pct_of_transactions":4.2,"revenue":67.5,"avg_discount":20.0},{"tier":"11-20%","transactions":0,"pct_of_transactions":0.0,"revenue":0.0,"avg_discount":0},{"tier":"21-30%","transactions":6,"pct_of_transactions":4.2,"revenue":98.24999809265137,"avg_discount":53.400001525878906},{"tier":"31%+","transactions":2,"pct_of_transactions":1.4,"revenue":16.675000190734863,"avg_discount":66.5999984741211}],"velocity":{"units_per_day":0.7,"revenue_per_day":7.850000262260437,"avg_units_per_txn":2.56,"days_of_data":259,"total_units":182,"total_transactions":142},"velocity_by_category":[{"category":"PRE ROLL","brand_units_per_day":0.24,"category_avg_units_per_day":42.38,"velocity_index":0.6,"brand_rev_per_unit":8.94,"category_rev_per_unit":7.54,"brands_in_category":46}],"deals":[{"deal_name":"Industry 30% Off","times_used":22,"units":38.0,"revenue":332.5,"discounts":142.5,"cost":0.47499998938292265,"profit":332.0249891281128,"pre_discount_revenue":475.0,"margin":99.9,"avg_discount":60.0},{"deal_name":"Veterans - 10% Off","times_used":4,"units":4.0,"revenue":45.0,"discounts":5.0,"cost":0.04999999888241291,"profit":44.94999885559082,"pre_discount_revenue":50.0,"margin":99.9,"avg_discount":20.0},{"deal_name":"Senior - 10% Off","times_used":2,"units":2.0,"revenue":22.5,"discounts":2.5,"cost":0.024999999441206455,"profit":22.47499942779541,"pre_discount_revenue":25.0,"margin":99.9,"avg_discount":20.0}],"top_products":[{"product":"NIGHT OWL HAZE PRE ROLL - &SHINE","units":150,"revenue":1705.0,"cost":1.875,"profit":1703.125,"transactions":116,"margin":99.9000015258789},{"product":"ZACKS CAKE PRE ROLL - &SHINE","units":32,"revenue":329.9250030517578,"cost":0.3999999910593033,"profit":329.5249938964844,"transactions":26,"margin":99.9000015258789}],"products_by_store":{"Elevation Springs":[{"product":"NIGHT OWL HAZE PRE ROLL - &SHINE","units":100,"revenue":1087.5,"cost":1.25,"profit":1086.25,"transactions":72,"margin":99.9000015258789}],"Elevation Mesa":[{"product":"NIGHT OWL HAZE PRE ROLL - &SHINE","units":50,"revenue":617.5,"cost":0.625,"profit":616.875,"transactions":44,"margin":99.9000015258789}],"Elevation Boulevard":[{"product":"ZACKS CAKE PRE ROLL - &SHINE","units":32,"revenue":329.9250030517578,"cost":0.3999999910593033,"profit":329.5249938964844,"transactions":26,"margin":99.9000015258789}]},"store_summary":[{"store_clean":"Elevation Springs","units":100,"revenue":1087.5,"cost":1.25,"profit":1086.25,"discounts":162.5,"margin":99.9000015258789,"discount_rate":13.0},{"store_clean":"Elevation Mesa","units":50,"revenue":617.5,"cost":0.625,"profit":616.875,"discounts":7.5,"margin":99.9000015258789,"discount_rate":1.2000000476837158},{"store_clean":"Elevation Boulevard","units":32,"revenue":329.9250030517578,"cost":0.3999999910593033,"profit":329.5249938964844,"discounts":55.07499694824219,"margin":99.9000015258789,"discount_rate":14.300000190734863}],"recommendations":[],"comparison":null}