{"brand":"HI-NOW","date_range":"2024-01-01 00:00:00 to 2026-01-31 00:00:00","period_label":"All Time","summary":{"total_units":2032,"total_revenue":12237.55126953125,"total_cost":5708.75,"total_discounts":2101.2001037597656,"total_profit":6528.800048828125,"overall_margin":53.400001525878906,"fp_margin":60.0,"disc_margin":44.70000076293945,"pct_full_price":56.599998474121094,"avg_discount_rate":14.699999809265137,"fp_revenue":6921.7498779296875,"disc_revenue":5315.8001708984375,"unique_customers":946,"brand":"HI-NOW","date_range":"2024-01-01 00:00:00 to 2026-01-31 00:00:00","months_count":16,"avg_monthly_cost":713.6,"cost_per_unit":5.625,"primary_category":"EDIBLE","primary_cat_margin":50.0,"category_rank":27,"category_total":32,"margin_vs_category":3.4000000953674316,"velocity_rank":26},"category_breakdown":[{"category_clean":"EDIBLE","units":2032,"revenue":12237.550048828125,"cost":5708.75,"profit":6528.800048828125,"discounts":2101.199951171875,"margin":53.400001525878906,"category_avg_margin":50.0,"vs_category":3.4,"rank":27.0,"total_brands":32.0}],"trend":[{"period":"2024-01","revenue":1018.75,"cost":612.5,"margin":39.9,"units":196,"transactions":126,"profit":406.25,"revenue_change_pct":null,"units_change_pct":null,"margin_change_pts":null},{"period":"2024-02","revenue":930.4000091552734,"cost":537.5,"margin":42.2,"units":172,"transactions":90,"profit":392.90000915527344,"revenue_change_pct":-8.7,"units_change_pct":-12.2,"margin_change_pts":2.4},{"period":"2024-03","revenue":941.9999694824219,"cost":443.75,"margin":52.9,"units":142,"transactions":86,"profit":498.25000762939453,"revenue_change_pct":1.2,"units_change_pct":-17.4,"margin_change_pts":10.7},{"period":"2024-04","revenue":2520.749969482422,"cost":1312.5,"margin":47.9,"units":420,"transactions":260,"profit":1208.2499694824219,"revenue_change_pct":167.6,"units_change_pct":195.8,"margin_change_pts":-5.0},{"period":"2024-05","revenue":3070.3750610351562,"cost":1323.75,"margin":56.9,"units":492,"transactions":262,"profit":1746.6250610351562,"revenue_change_pct":21.8,"units_change_pct":17.1,"margin_change_pts":9.0},{"period":"2024-06","revenue":2033.2499694824219,"cost":781.25,"margin":61.6,"units":316,"transactions":196,"profit":1251.9999694824219,"revenue_change_pct":-33.8,"units_change_pct":-35.8,"margin_change_pts":4.7},{"period":"2024-07","revenue":1669.1250610351562,"cost":675.625,"margin":59.5,"units":284,"transactions":150,"profit":993.4999847412109,"revenue_change_pct":-17.9,"units_change_pct":-10.1,"margin_change_pts":-2.1},{"period":"2024-08","revenue":52.89999961853027,"cost":21.875,"margin":58.6,"units":10,"transactions":10,"profit":31.024999618530273,"revenue_change_pct":-96.8,"units_change_pct":-96.5,"margin_change_pts":-0.9}],"share_of_category":[{"category":"EDIBLE","brand_revenue":12237.55126953125,"category_revenue":29378492.5,"revenue_share_pct":0.0,"brand_units":2032,"category_units":1706530,"units_share_pct":0.1}],"share_of_category_trend":{"EDIBLE":[{"period":"2024-01","brand_revenue":1018.75,"category_revenue":1115754.921875,"share_pct":0.10000000149011612},{"period":"2024-02","brand_revenue":930.4000091552734,"category_revenue":1235210.0,"share_pct":0.10000000149011612},{"period":"2024-03","brand_revenue":941.9999694824219,"category_revenue":1273343.671875,"share_pct":0.10000000149011612},{"period":"2024-04","brand_revenue":2520.749969482422,"category_revenue":1298159.0625,"share_pct":0.20000000298023224},{"period":"2024-05","brand_revenue":3070.3750610351562,"category_revenue":1215880.78125,"share_pct":0.30000001192092896},{"period":"2024-06","brand_revenue":2033.2499694824219,"category_revenue":1181362.421875,"share_pct":0.20000000298023224},{"period":"2024-07","brand_revenue":1669.1250610351562,"category_revenue":1128302.8125,"share_pct":0.10000000149011612},{"period":"2024-08","brand_revenue":52.89999961853027,"category_revenue":1167724.921875,"share_pct":0.0},{"period":"2024-09","brand_revenue":0.0,"category_revenue":1114619.53125,"share_pct":0.0},{"period":"2024-10","brand_revenue":0.0,"category_revenue":1205149.0625,"share_pct":0.0},{"period":"2024-11","brand_revenue":0.0,"category_revenue":1236132.421875,"share_pct":0.0},{"period":"2024-12","brand_revenue":0.0,"category_revenue":1207318.046875,"share_pct":0.0},{"period":"2025-01","brand_revenue":0.0,"category_revenue":1176202.578125,"share_pct":0.0},{"period":"2025-02","brand_revenue":0.0,"category_revenue":1097683.359375,"share_pct":0.0},{"period":"2025-03","brand_revenue":0.0,"category_revenue":1228067.265625,"share_pct":0.0},{"period":"2025-04","brand_revenue":0.0,"category_revenue":1290106.171875,"share_pct":0.0},{"period":"2025-05","brand_revenue":0.0,"category_revenue":1191670.3125,"share_pct":0.0},{"period":"2025-06","brand_revenue":0.0,"category_revenue":1110702.109375,"share_pct":0.0},{"period":"2025-07","brand_revenue":0.0,"category_revenue":1096938.125,"share_pct":0.0},{"period":"2025-08","brand_revenue":0.0,"category_revenue":1145920.859375,"share_pct":0.0},{"period":"2025-09","brand_revenue":0.0,"category_revenue":1070074.53125,"share_pct":0.0},{"period":"2025-10","brand_revenue":0.0,"category_revenue":1168865.78125,"share_pct":0.0},{"period":"2025-11","brand_revenue":0.0,"category_revenue":1192334.453125,"share_pct":0.0},{"period":"2025-12","brand_revenue":0.0,"category_revenue":1138094.375,"share_pct":0.0},{"period":"2026-01","brand_revenue":0.0,"category_revenue":1092874.21875,"share_pct":0.0}]},"discount_depth":[{"tier":"0% (Full Price)","transactions":662,"pct_of_transactions":56.1,"revenue":6921.7498779296875,"avg_discount":0.0},{"tier":"1-10%","transactions":58,"pct_of_transactions":4.9,"revenue":969.7498321533203,"avg_discount":20.0},{"tier":"11-20%","transactions":56,"pct_of_transactions":4.7,"revenue":597.9000091552734,"avg_discount":35.20000076293945},{"tier":"21-30%","transactions":220,"pct_of_transactions":18.6,"revenue":1702.4002075195312,"avg_discount":59.0},{"tier":"31%+","transactions":112,"pct_of_transactions":9.5,"revenue":771.7500305175781,"avg_discount":88.0}],"velocity":{"units_per_day":9.32,"revenue_per_day":56.12500190734863,"avg_units_per_txn":3.44,"days_of_data":218,"total_units":2032,"total_transactions":1180},"velocity_by_category":[{"category":"EDIBLE","brand_units_per_day":2.66,"category_avg_units_per_day":69.98,"velocity_index":3.8,"brand_rev_per_unit":4.82,"category_rev_per_unit":13.77,"brands_in_category":32}],"deals":[{"deal_name":"Industry - 30% Off","times_used":126,"units":298.0,"revenue":1483.6499786376953,"discounts":635.8499944210052,"cost":831.875,"profit":651.775005236268,"pre_discount_revenue":2119.500000476837,"margin":43.9,"avg_discount":60.0},{"deal_name":"30% Off Hi Now Cookies","times_used":108,"units":168.0,"revenue":886.999979019165,"discounts":377.9999941587448,"cost":525.0,"profit":362.0000058412552,"pre_discount_revenue":1265.0,"margin":40.8,"avg_discount":59.8},{"deal_name":"4/20 40% Off!!!!","times_used":70,"units":122.0,"revenue":542.9999887943268,"discounts":352.0000088214874,"cost":381.25,"profit":161.7500028014183,"pre_discount_revenue":895.0,"margin":29.8,"avg_discount":78.6},{"deal_name":"Senior - 10% Off","times_used":18,"units":42.0,"revenue":245.25000095367432,"discounts":27.25000023841858,"cost":99.375,"profit":145.87500095367432,"pre_discount_revenue":272.5,"margin":59.5,"avg_discount":20.0},{"deal_name":"Veterans - 10% Off","times_used":16,"units":26.0,"revenue":162.00000166893005,"discounts":18.000000417232513,"cost":66.25,"profit":95.75000166893005,"pre_discount_revenue":180.0,"margin":59.1,"avg_discount":20.0},{"deal_name":"Jackpot - Locals 30% Off","times_used":10,"units":16.0,"revenue":70.0,"discounts":30.0,"cost":35.0,"profit":35.0,"pre_discount_revenue":100.0,"margin":50.0,"avg_discount":60.0},{"deal_name":"Senior / Veterans - 20% Off","times_used":6,"units":26.0,"revenue":136.00000143051147,"discounts":34.00000035762787,"cost":62.5,"profit":73.49999964237213,"pre_discount_revenue":170.0,"margin":54.0,"avg_discount":40.0}],"top_products":[{"product":"CHOCOLATE SMILEY WAFER COOKIE - HI-NOW","units":2032,"revenue":12237.550048828125,"cost":5708.75,"profit":6528.800048828125,"transactions":1180,"margin":53.400001525878906}],"products_by_store":{"Elevation Springs":[{"product":"CHOCOLATE SMILEY WAFER COOKIE - HI-NOW","units":222,"revenue":1422.2500610351562,"cost":693.75,"profit":728.4999847412109,"transactions":132,"margin":51.20000076293945}],"Elevation Mesa":[{"product":"CHOCOLATE SMILEY WAFER COOKIE - HI-NOW","units":196,"revenue":1152.5,"cost":612.5,"profit":540.0,"transactions":136,"margin":46.900001525878906}],"Elevation Oasis":[{"product":"CHOCOLATE SMILEY WAFER COOKIE - HI-NOW","units":648,"revenue":3814.6249389648438,"cost":1696.875,"profit":2117.7499389648438,"transactions":284,"margin":55.5}],"Elevation Midtown":[{"product":"CHOCOLATE SMILEY WAFER COOKIE - HI-NOW","units":326,"revenue":1954.8750305175781,"cost":868.75,"profit":1086.1250305175781,"transactions":204,"margin":55.599998474121094}],"Elevation Boulevard":[{"product":"CHOCOLATE SMILEY WAFER COOKIE - HI-NOW","units":404,"revenue":2402.4000549316406,"cost":1112.5,"profit":1289.9000549316406,"transactions":250,"margin":53.70000076293945}],"Elevation Parkway":[{"product":"CHOCOLATE SMILEY WAFER COOKIE - HI-NOW","units":236,"revenue":1490.8999633789062,"cost":724.375,"profit":766.5249633789062,"transactions":174,"margin":51.400001525878906}]},"store_summary":[{"store_clean":"Elevation Oasis","units":648,"revenue":3814.6249389648438,"cost":1696.875,"profit":2117.7499389648438,"discounts":607.8749847412109,"margin":55.5,"discount_rate":13.699999809265137},{"store_clean":"Elevation Boulevard","units":404,"revenue":2402.4000549316406,"cost":1112.5,"profit":1289.9000549316406,"discounts":601.349983215332,"margin":53.70000076293945,"discount_rate":20.0},{"store_clean":"Elevation Midtown","units":326,"revenue":1954.8750305175781,"cost":868.75,"profit":1086.1250305175781,"discounts":157.62499809265137,"margin":55.599998474121094,"discount_rate":7.5},{"store_clean":"Elevation Parkway","units":236,"revenue":1490.8999633789062,"cost":724.375,"profit":766.5249633789062,"discounts":171.5999984741211,"margin":51.400001525878906,"discount_rate":10.300000190734863},{"store_clean":"Elevation Springs","units":222,"revenue":1422.2500610351562,"cost":693.75,"profit":728.4999847412109,"discounts":240.24999618530273,"margin":51.20000076293945,"discount_rate":14.5},{"store_clean":"Elevation Mesa","units":196,"revenue":1152.5,"cost":612.5,"profit":540.0,"discounts":322.5,"margin":46.900001525878906,"discount_rate":21.899999618530273}],"recommendations":[],"comparison":null}