{"brand":"BAD BATCH","date_range":"2024-01-01 00:00:00 to 2026-01-31 00:00:00","period_label":"All Time","summary":{"total_units":14794,"total_revenue":630093.8671875,"total_cost":279604.609375,"total_discounts":120381.15234375,"total_profit":350489.2578125,"overall_margin":55.599998474121094,"fp_margin":62.79999923706055,"disc_margin":52.400001525878906,"pct_full_price":30.899999618530273,"avg_discount_rate":16.0,"fp_revenue":194552.5,"disc_revenue":435541.3671875,"brand":"BAD BATCH","date_range":"2024-01-01 00:00:00 to 2026-01-31 00:00:00","primary_category":"DISPOSABLE VAPE","store_coverage":"6/7","stores_present":["Elevation Springs","Elevation Mesa","Elevation Oasis","Elevation Midtown","Elevation Boulevard","Elevation Parkway"],"stores_missing":["Elevation Downtown"],"velocity_rank":15,"velocity_total":35},"distribution":[{"store":"Elevation Springs","carries_brand":true,"sku_count":40,"revenue":127939.306640625,"units":3062,"store_total_revenue":51138750.0,"brand_share_pct":0.30000001192092896},{"store":"Elevation Mesa","carries_brand":true,"sku_count":34,"revenue":117092.978515625,"units":2908,"store_total_revenue":47532240.0,"brand_share_pct":0.20000000298023224},{"store":"Elevation Oasis","carries_brand":true,"sku_count":36,"revenue":136660.224609375,"units":3022,"store_total_revenue":56050145.0,"brand_share_pct":0.20000000298023224},{"store":"Elevation Downtown","carries_brand":false,"sku_count":0,"revenue":0.0,"units":0,"store_total_revenue":1945237.1875,"brand_share_pct":0},{"store":"Elevation Midtown","carries_brand":true,"sku_count":40,"revenue":101144.423828125,"units":2282,"store_total_revenue":30850185.0,"brand_share_pct":0.30000001192092896},{"store":"Elevation Boulevard","carries_brand":true,"sku_count":34,"revenue":77483.173828125,"units":1982,"store_total_revenue":28757865.0,"brand_share_pct":0.30000001192092896},{"store":"Elevation Parkway","carries_brand":true,"sku_count":28,"revenue":69773.75,"units":1538,"store_total_revenue":21987007.5,"brand_share_pct":0.30000001192092896}],"share_of_category":[{"category":"DISPOSABLE VAPE","brand_revenue":605569.8828125,"category_revenue":30552405.0,"revenue_share_pct":2.0,"brand_units":13964,"category_units":756548,"units_share_pct":1.8},{"category":"CONCENTRATE","brand_revenue":24523.974609375,"category_revenue":7866357.5,"revenue_share_pct":0.30000001192092896,"brand_units":830,"category_units":316632,"units_share_pct":0.3}],"share_of_category_trend":{"DISPOSABLE VAPE":[{"period":"2024-01","brand_revenue":0.0,"category_revenue":933474.921875,"share_pct":0.0},{"period":"2024-02","brand_revenue":0.0,"category_revenue":877782.109375,"share_pct":0.0},{"period":"2024-03","brand_revenue":0.0,"category_revenue":990692.03125,"share_pct":0.0},{"period":"2024-04","brand_revenue":0.0,"category_revenue":971952.1875,"share_pct":0.0},{"period":"2024-05","brand_revenue":0.0,"category_revenue":1035100.46875,"share_pct":0.0},{"period":"2024-06","brand_revenue":0.0,"category_revenue":1039794.21875,"share_pct":0.0},{"period":"2024-07","brand_revenue":0.0,"category_revenue":1081636.5625,"share_pct":0.0},{"period":"2024-08","brand_revenue":0.0,"category_revenue":1098658.125,"share_pct":0.0},{"period":"2024-09","brand_revenue":0.0,"category_revenue":1056394.53125,"share_pct":0.0},{"period":"2024-10","brand_revenue":0.0,"category_revenue":1197041.171875,"share_pct":0.0},{"period":"2024-11","brand_revenue":0.0,"category_revenue":1193980.234375,"share_pct":0.0},{"period":"2024-12","brand_revenue":0.0,"category_revenue":1222008.984375,"share_pct":0.0},{"period":"2025-01","brand_revenue":0.0,"category_revenue":1100552.421875,"share_pct":0.0},{"period":"2025-02","brand_revenue":0.0,"category_revenue":1167271.25,"share_pct":0.0},{"period":"2025-03","brand_revenue":0.0,"category_revenue":1348856.71875,"share_pct":0.0},{"period":"2025-04","brand_revenue":0.0,"category_revenue":1414639.84375,"share_pct":0.0},{"period":"2025-05","brand_revenue":0.0,"category_revenue":1460588.4375,"share_pct":0.0},{"period":"2025-06","brand_revenue":20583.57421875,"category_revenue":1320852.96875,"share_pct":1.600000023841858},{"period":"2025-07","brand_revenue":96871.25,"category_revenue":1451194.84375,"share_pct":6.699999809265137},{"period":"2025-08","brand_revenue":55349.326171875,"category_revenue":1403520.625,"share_pct":3.9000000953674316},{"period":"2025-09","brand_revenue":101592.529296875,"category_revenue":1317518.125,"share_pct":7.699999809265137},{"period":"2025-10","brand_revenue":96158.349609375,"category_revenue":1511693.75,"share_pct":6.400000095367432},{"period":"2025-11","brand_revenue":68553.8232421875,"category_revenue":1481709.21875,"share_pct":4.599999904632568},{"period":"2025-12","brand_revenue":81508.9990234375,"category_revenue":1476896.875,"share_pct":5.5},{"period":"2026-01","brand_revenue":84952.021484375,"category_revenue":1398594.84375,"share_pct":6.099999904632568}],"CONCENTRATE":[{"period":"2024-01","brand_revenue":0.0,"category_revenue":351129.609375,"share_pct":0.0},{"period":"2024-02","brand_revenue":0.0,"category_revenue":371224.4921875,"share_pct":0.0},{"period":"2024-03","brand_revenue":0.0,"category_revenue":375964.296875,"share_pct":0.0},{"period":"2024-04","brand_revenue":0.0,"category_revenue":352745.859375,"share_pct":0.0},{"period":"2024-05","brand_revenue":0.0,"category_revenue":346027.5,"share_pct":0.0},{"period":"2024-06","brand_revenue":0.0,"category_revenue":310723.3984375,"share_pct":0.0},{"period":"2024-07","brand_revenue":0.0,"category_revenue":336220.078125,"share_pct":0.0},{"period":"2024-08","brand_revenue":0.0,"category_revenue":324004.04296875,"share_pct":0.0},{"period":"2024-09","brand_revenue":0.0,"category_revenue":326834.1796875,"share_pct":0.0},{"period":"2024-10","brand_revenue":0.0,"category_revenue":324500.859375,"share_pct":0.0},{"period":"2024-11","brand_revenue":0.0,"category_revenue":351240.0390625,"share_pct":0.0},{"period":"2024-12","brand_revenue":0.0,"category_revenue":324145.4296875,"share_pct":0.0},{"period":"2025-01","brand_revenue":0.0,"category_revenue":325749.19921875,"share_pct":0.0},{"period":"2025-02","brand_revenue":0.0,"category_revenue":300499.0234375,"share_pct":0.0},{"period":"2025-03","brand_revenue":0.0,"category_revenue":298171.5234375,"share_pct":0.0},{"period":"2025-04","brand_revenue":0.0,"category_revenue":343355.625,"share_pct":0.0},{"period":"2025-05","brand_revenue":0.0,"category_revenue":288836.62109375,"share_pct":0.0},{"period":"2025-06","brand_revenue":0.0,"category_revenue":280928.33984375,"share_pct":0.0},{"period":"2025-07","brand_revenue":0.0,"category_revenue":283604.1796875,"share_pct":0.0},{"period":"2025-08","brand_revenue":0.0,"category_revenue":274773.76953125,"share_pct":0.0},{"period":"2025-09","brand_revenue":5415.4248046875,"category_revenue":264599.19921875,"share_pct":2.0},{"period":"2025-10","brand_revenue":3645.0,"category_revenue":277515.46875,"share_pct":1.2999999523162842},{"period":"2025-11","brand_revenue":5429.375,"category_revenue":295773.3203125,"share_pct":1.7999999523162842},{"period":"2025-12","brand_revenue":5268.75,"category_revenue":267042.05078125,"share_pct":2.0},{"period":"2026-01","brand_revenue":4765.425109863281,"category_revenue":270749.70703125,"share_pct":1.7999999523162842}]},"velocity_by_category":[{"category":"DISPOSABLE VAPE","brand_units_per_day":18.32,"category_avg_units_per_day":28.36,"velocity_index":64.6,"brand_rev_per_unit":34.69,"category_rev_per_unit":32.31,"brands_in_category":35},{"category":"CONCENTRATE","brand_units_per_day":1.08,"category_avg_units_per_day":15.38,"velocity_index":7.1,"brand_rev_per_unit":23.64,"category_rev_per_unit":19.88,"brands_in_category":27}],"store_gaps":[{"store":"Elevation Oasis","category":"CONCENTRATE","category_revenue_at_store":2308119.6875,"opportunity":"Category not carried at this store"},{"store":"Elevation Parkway","category":"CONCENTRATE","category_revenue_at_store":449521.640625,"opportunity":"Category not carried at this store"},{"store":"Elevation Downtown","category":"DISPOSABLE VAPE","category_revenue_at_store":386406.2890625,"opportunity":"Brand not carried"},{"store":"Elevation Downtown","category":"CONCENTRATE","category_revenue_at_store":53170.9033203125,"opportunity":"Brand not carried"}],"product_mix":{"top":[{"product":"GRAPE FROSTY LIQUID DIAMOND DISPOSABLE VAPE - BAD BATCH","units":2388,"revenue":102847.421875,"cost":44775.0,"profit":58072.4267578125,"stores":6,"transactions":2242,"margin":56.5},{"product":"JEALOUSY OG LIQUID DIAMOND DISPOSABLE VAPE - BAD BATCH","units":2028,"revenue":87817.900390625,"cost":38025.0,"profit":49792.900390625,"stores":6,"transactions":1914,"margin":56.70000076293945},{"product":"GALACTIC GAS LIQUID DIAMOND DISPOSABLE VAPE - BAD BATCH","units":1834,"revenue":78559.7998046875,"cost":34387.5,"profit":44172.2998046875,"stores":6,"transactions":1720,"margin":56.20000076293945},{"product":"CARIBBEAN BREEZE LIQUID DIAMOND DISPOSABLE VAPE - BAD BATCH","units":1638,"revenue":68453.5009765625,"cost":30712.5,"profit":37741.0009765625,"stores":6,"transactions":1544,"margin":55.099998474121094},{"product":"BLACK CHERRY FIZZ LIQUID DIAMOND DISPOSABLE VAPE - BAD BATCH","units":842,"revenue":35861.07421875,"cost":15787.5,"profit":20073.575439453125,"stores":6,"transactions":810,"margin":56.0},{"product":"MANGO SHERBERT LIQUID DIAMOND DISPOSABLE VAPE - BAD BATCH","units":856,"revenue":35490.625,"cost":16050.0,"profit":19440.625,"stores":6,"transactions":810,"margin":54.79999923706055},{"product":"BLUEBERRY DIESEL LIQUID DIAMOND DISPOSABLE VAPE - BAD BATCH","units":702,"revenue":29506.6748046875,"cost":13162.5,"profit":16344.1748046875,"stores":6,"transactions":662,"margin":55.400001525878906},{"product":"GARLIC COCKTAIL H.T.E. DIAMOND SAUCE DISPOSABLE VAPE - BAD BATCH","units":630,"revenue":29281.875,"cost":13387.5,"profit":15894.375,"stores":6,"transactions":610,"margin":54.29999923706055},{"product":"SHERB POP H.T.E. DIAMOND SAUCE DISPOSABLE VAPE - BAD BATCH","units":496,"revenue":23041.875,"cost":10540.0,"profit":12501.875,"stores":6,"transactions":468,"margin":54.29999923706055},{"product":"RAINBOW SHERBERT H.T.E. DIAMOND SAUCE DISPOSABLE VAPE - BAD BATCH","units":476,"revenue":21937.2998046875,"cost":10115.0,"profit":11822.2998046875,"stores":5,"transactions":438,"margin":53.900001525878906},{"product":"KIWI STRAWBERRY LIQUID DIAMOND DISPOSABLE VAPE - BAD BATCH","units":448,"revenue":18751.25,"cost":8400.0,"profit":10351.25,"stores":6,"transactions":440,"margin":55.20000076293945},{"product":"AM X PM H.T.E. DIAMOND SAUCE DISPOSABLE VAPE - BAD BATCH","units":378,"revenue":17562.874755859375,"cost":8039.6002197265625,"profit":9523.275146484375,"stores":5,"transactions":372,"margin":54.20000076293945},{"product":"AM X PM DIAMOND BADDER - BAD BATCH","units":476,"revenue":14627.425537109375,"cost":6177.5,"profit":8449.924926757812,"stores":4,"transactions":450,"margin":57.79999923706055},{"product":"RAINBOW SHERBET H.T.E DIAMOND SAUCE DISPOSABLE VAPE - BAD BATCH","units":266,"revenue":12019.5751953125,"cost":5652.5,"profit":6367.0751953125,"stores":4,"transactions":256,"margin":53.0},{"product":"PERMANENT MARKER H.T.E. DIAMOND SAUCE DISPOSABLE VAPE - BAD BATCH","units":248,"revenue":11325.0,"cost":5195.0,"profit":6130.0,"stores":5,"transactions":246,"margin":54.099998474121094},{"product":"ZOUR APPLE LIQUID DIAMOND DISPOSABLE VAPE - BAD BATCH","units":242,"revenue":10317.5,"cost":4537.5,"profit":5780.0,"stores":5,"transactions":220,"margin":56.0},{"product":"KUSH MINTS H.T.E. DIAMOND SAUCE DISPOSABLE VAPE - BAD BATCH","units":214,"revenue":9980.0,"cost":4522.5,"profit":5457.5,"stores":5,"transactions":204,"margin":54.70000076293945},{"product":"KUSH MINTS DIAMOND BADDER - BAD BATCH","units":354,"revenue":9896.55029296875,"cost":4460.0,"profit":5436.55029296875,"stores":4,"transactions":338,"margin":54.900001525878906},{"product":"FULLY LOADED AP H.T.E DIAMOND SAUCE DISPOSABLE VAPE - BAD BATCH","units":122,"revenue":5744.375,"cost":2592.5,"profit":3151.875,"stores":3,"transactions":110,"margin":54.900001525878906},{"product":"BLUE TANG COOKIES H.T.E DIAMOND SAUCE DISPOSABLE VAPE - BAD BATCH","units":94,"revenue":4421.25,"cost":1997.5,"profit":2423.75,"stores":4,"transactions":88,"margin":54.79999923706055}],"bottom":[{"product":"AM X PM DIAMOND BADDER - BAD BATCH","units":476,"revenue":14627.425537109375,"cost":6177.5,"profit":8449.924926757812,"stores":4,"transactions":450,"margin":57.79999923706055},{"product":"RAINBOW SHERBET H.T.E DIAMOND SAUCE DISPOSABLE VAPE - BAD BATCH","units":266,"revenue":12019.5751953125,"cost":5652.5,"profit":6367.0751953125,"stores":4,"transactions":256,"margin":53.0},{"product":"PERMANENT MARKER H.T.E. DIAMOND SAUCE DISPOSABLE VAPE - BAD BATCH","units":248,"revenue":11325.0,"cost":5195.0,"profit":6130.0,"stores":5,"transactions":246,"margin":54.099998474121094},{"product":"ZOUR APPLE LIQUID DIAMOND DISPOSABLE VAPE - BAD BATCH","units":242,"revenue":10317.5,"cost":4537.5,"profit":5780.0,"stores":5,"transactions":220,"margin":56.0},{"product":"KUSH MINTS H.T.E. DIAMOND SAUCE DISPOSABLE VAPE - BAD BATCH","units":214,"revenue":9980.0,"cost":4522.5,"profit":5457.5,"stores":5,"transactions":204,"margin":54.70000076293945},{"product":"KUSH MINTS DIAMOND BADDER - BAD BATCH","units":354,"revenue":9896.55029296875,"cost":4460.0,"profit":5436.55029296875,"stores":4,"transactions":338,"margin":54.900001525878906},{"product":"FULLY LOADED AP H.T.E DIAMOND SAUCE DISPOSABLE VAPE - BAD BATCH","units":122,"revenue":5744.375,"cost":2592.5,"profit":3151.875,"stores":3,"transactions":110,"margin":54.900001525878906},{"product":"BLUE TANG COOKIES H.T.E DIAMOND SAUCE DISPOSABLE VAPE - BAD BATCH","units":94,"revenue":4421.25,"cost":1997.5,"profit":2423.75,"stores":4,"transactions":88,"margin":54.79999923706055},{"product":"ORANGE CREAMSICLE LIQUID DIAMOND DISPOSABLE VAPE - BAD BATCH","units":50,"revenue":2102.5,"cost":937.5,"profit":1165.0,"stores":1,"transactions":50,"margin":55.400001525878906},{"product":"BOOTY CLAPPER H.T.E. DIAMOND SAUCE DISPOSABLE VAPE - BAD BATCH","units":12,"revenue":547.5,"cost":150.0,"profit":397.5,"stores":1,"transactions":12,"margin":72.5999984741211}],"expansion":[{"product":"RAINBOW SHERBERT H.T.E. DIAMOND SAUCE DISPOSABLE VAPE - BAD BATCH","current_stores":5,"total_stores":6,"missing_stores":["Elevation Mesa"],"revenue":21937.2998046875},{"product":"AM X PM H.T.E. DIAMOND SAUCE DISPOSABLE VAPE - BAD BATCH","current_stores":5,"total_stores":6,"missing_stores":["Elevation Mesa"],"revenue":17562.874755859375},{"product":"AM X PM DIAMOND BADDER - BAD BATCH","current_stores":4,"total_stores":6,"missing_stores":["Elevation Oasis","Elevation Parkway"],"revenue":14627.425537109375},{"product":"RAINBOW SHERBET H.T.E DIAMOND SAUCE DISPOSABLE VAPE - BAD BATCH","current_stores":4,"total_stores":6,"missing_stores":["Elevation Midtown","Elevation Boulevard"],"revenue":12019.5751953125},{"product":"PERMANENT MARKER H.T.E. DIAMOND SAUCE DISPOSABLE VAPE - BAD BATCH","current_stores":5,"total_stores":6,"missing_stores":["Elevation Parkway"],"revenue":11325.0},{"product":"ZOUR APPLE LIQUID DIAMOND DISPOSABLE VAPE - BAD BATCH","current_stores":5,"total_stores":6,"missing_stores":["Elevation Parkway"],"revenue":10317.5},{"product":"KUSH MINTS H.T.E. DIAMOND SAUCE DISPOSABLE VAPE - BAD BATCH","current_stores":5,"total_stores":6,"missing_stores":["Elevation Boulevard"],"revenue":9980.0},{"product":"KUSH MINTS DIAMOND BADDER - BAD BATCH","current_stores":4,"total_stores":6,"missing_stores":["Elevation Oasis","Elevation Parkway"],"revenue":9896.55029296875},{"product":"FULLY LOADED AP H.T.E DIAMOND SAUCE DISPOSABLE VAPE - BAD BATCH","current_stores":3,"total_stores":6,"missing_stores":["Elevation Mesa","Elevation Boulevard","Elevation Parkway"],"revenue":5744.375},{"product":"BLUE TANG COOKIES H.T.E DIAMOND SAUCE DISPOSABLE VAPE - BAD BATCH","current_stores":4,"total_stores":6,"missing_stores":["Elevation Springs","Elevation Parkway"],"revenue":4421.25}]},"pricing_consistency":[{"product":"BLUEBERRY DIESEL LIQUID DIAMOND DISPOSABLE VAPE - BAD BATCH","min_price":74.76284450954861,"max_price":97.44444444444443,"avg_price":85.30999228044587,"std_dev":3.2096890956779984,"store_count":12,"price_range":22.68159993489583,"range_pct":26.6},{"product":"KIWI STRAWBERRY LIQUID DIAMOND DISPOSABLE VAPE - BAD BATCH","min_price":73.65,"max_price":93.21428571428571,"avg_price":83.16338993930906,"std_dev":2.7445932536885618,"store_count":12,"price_range":19.56428571428571,"range_pct":23.5},{"product":"AM X PM DIAMOND BADDER - BAD BATCH","min_price":55.564283098493306,"max_price":69.58333333333333,"avg_price":61.536938016376794,"std_dev":2.3391395055364264,"store_count":8,"price_range":14.019050234840025,"range_pct":22.8},{"product":"ZOUR APPLE LIQUID DIAMOND DISPOSABLE VAPE - BAD BATCH","min_price":77.6,"max_price":93.6,"avg_price":84.07565789473685,"std_dev":2.8063764947830694,"store_count":10,"price_range":15.999999999999996,"range_pct":19.0},{"product":"MANGO SHERBERT LIQUID DIAMOND DISPOSABLE VAPE - BAD BATCH","min_price":76.16529756433823,"max_price":92.05645161290322,"avg_price":84.51197675569114,"std_dev":2.1576476652707206,"store_count":12,"price_range":15.891154048564982,"range_pct":18.8},{"product":"KUSH MINTS DIAMOND BADDER - BAD BATCH","min_price":51.54270490010579,"max_price":61.0125,"avg_price":55.897481780582005,"std_dev":1.5643078487230833,"store_count":8,"price_range":9.469795099894212,"range_pct":16.9},{"product":"CARIBBEAN BREEZE LIQUID DIAMOND DISPOSABLE VAPE - BAD BATCH","min_price":77.40522904829545,"max_price":90.84183673469389,"avg_price":83.92372550654969,"std_dev":1.8118351345711774,"store_count":12,"price_range":13.436607686398423,"range_pct":16.0},{"product":"BLACK CHERRY FIZZ LIQUID DIAMOND DISPOSABLE VAPE - BAD BATCH","min_price":78.1,"max_price":91.53333333333335,"avg_price":84.87087950614296,"std_dev":1.9375293770553181,"store_count":12,"price_range":13.433333333333346,"range_pct":15.8},{"product":"RAINBOW SHERBERT H.T.E. DIAMOND SAUCE DISPOSABLE VAPE - BAD BATCH","min_price":84.825,"max_price":98.07088773544521,"avg_price":90.2447331026446,"std_dev":2.047969602496884,"store_count":10,"price_range":13.245887735445212,"range_pct":14.7},{"product":"JEALOUSY OG LIQUID DIAMOND DISPOSABLE VAPE - BAD BATCH","min_price":79.85902255639098,"max_price":91.85381355932205,"avg_price":86.72863568818829,"std_dev":2.1473374198913593,"store_count":12,"price_range":11.994791002931064,"range_pct":13.8},{"product":"BLUE TANG COOKIES H.T.E DIAMOND SAUCE DISPOSABLE VAPE - BAD BATCH","min_price":84.75,"max_price":96.72794117647058,"avg_price":89.66636029411765,"std_dev":2.0693649513566004,"store_count":8,"price_range":11.977941176470583,"range_pct":13.4},{"product":"GALACTIC GAS LIQUID DIAMOND DISPOSABLE VAPE - BAD BATCH","min_price":79.30147058823529,"max_price":90.4194747569949,"avg_price":85.90893168803149,"std_dev":1.7232274802983076,"store_count":12,"price_range":11.118004168759619,"range_pct":12.9},{"product":"SHERB POP H.T.E. DIAMOND SAUCE DISPOSABLE VAPE - BAD BATCH","min_price":86.25,"max_price":98.0078125,"avg_price":92.06254157913166,"std_dev":1.7409016823548817,"store_count":12,"price_range":11.7578125,"range_pct":12.8},{"product":"GRAPE FROSTY LIQUID DIAMOND DISPOSABLE VAPE - BAD BATCH","min_price":80.56677018633539,"max_price":91.55752999441964,"avg_price":86.33877482926934,"std_dev":2.1953272528453343,"store_count":12,"price_range":10.990759808084238,"range_pct":12.7},{"product":"PERMANENT MARKER H.T.E. DIAMOND SAUCE DISPOSABLE VAPE - BAD BATCH","min_price":85.35,"max_price":96.525,"avg_price":91.3575,"std_dev":1.9925850044602855,"store_count":10,"price_range":11.174999999999997,"range_pct":12.2},{"product":"GARLIC COCKTAIL H.T.E. DIAMOND SAUCE DISPOSABLE VAPE - BAD BATCH","min_price":86.5625,"max_price":97.46323529411765,"avg_price":92.59213307555473,"std_dev":1.687776747588787,"store_count":12,"price_range":10.900735294117645,"range_pct":11.8},{"product":"KUSH MINTS H.T.E. DIAMOND SAUCE DISPOSABLE VAPE - BAD BATCH","min_price":91.25,"max_price":100.0,"avg_price":94.71882352941176,"std_dev":1.3417332693534754,"store_count":10,"price_range":8.75,"range_pct":9.2},{"product":"FULLY LOADED AP H.T.E DIAMOND SAUCE DISPOSABLE VAPE - BAD BATCH","min_price":92.8125,"max_price":101.25,"avg_price":95.92948717948717,"std_dev":1.8521121132585094,"store_count":6,"price_range":8.4375,"range_pct":8.8},{"product":"AM X PM H.T.E. DIAMOND SAUCE DISPOSABLE VAPE - BAD BATCH","min_price":88.92916870117188,"max_price":96.62280701754385,"avg_price":92.91048948336578,"std_dev":1.398775987459989,"store_count":10,"price_range":7.693638316371985,"range_pct":8.3},{"product":"RAINBOW SHERBET H.T.E DIAMOND SAUCE DISPOSABLE VAPE - BAD BATCH","min_price":88.875,"max_price":92.77756911057692,"avg_price":90.39603701448634,"std_dev":0.6697441069960427,"store_count":8,"price_range":3.9025691105769234,"range_pct":4.3}],"promotional_effectiveness":{"lift":{"fp_units_per_day":18.1,"disc_units_per_day":49.42,"lift_pct":173.0,"fp_avg_revenue_per_unit":100.45,"disc_avg_revenue_per_unit":79.775},"by_deal":[{"deal_name":"Industry 30% Off","uses":1658,"revenue":130601.71252727509,"discounts":56398.28750729561,"units":3733.0,"cost":69837.5,"margin":46.5,"discount_depth":60.4},{"deal_name":"Lit4Less - Disposables - 2 for $75 LR / HTE","uses":1192,"revenue":169451.4749956131,"discounts":19167.275002002716,"units":3619.0,"cost":70204.07499313354,"margin":58.6,"discount_depth":20.4},{"deal_name":"Matrix Rippers / Bad Batch Disposables 2 for $72","uses":225,"revenue":34096.81249380112,"discounts":6109.437500834465,"units":760.0,"cost":14985.0,"margin":56.1,"discount_depth":30.4},{"deal_name":"40% Off - G2B","uses":223,"revenue":17349.375,"discounts":11613.125,"units":592.0,"cost":10702.5,"margin":38.3,"discount_depth":80.2},{"deal_name":"Jackpot - Locals 30% Off","uses":85,"revenue":7743.75,"discounts":3318.75,"units":214.0,"cost":4132.5,"margin":46.6,"discount_depth":60.0},{"deal_name":"Senior - 10% Off","uses":76,"revenue":9720.0,"discounts":1080.0,"units":218.0,"cost":4025.0,"margin":58.6,"discount_depth":20.0},{"deal_name":"Veterans - 10% Off","uses":73,"revenue":7761.562503576279,"discounts":913.4375,"units":179.0,"cost":3231.25,"margin":58.4,"discount_depth":21.0},{"deal_name":"Matrix/ Bad Batch Dispos -  2 for $72","uses":54,"revenue":8442.5,"discounts":1532.5,"units":189.0,"cost":3723.75,"margin":55.9,"discount_depth":30.8},{"deal_name":"LVAC - 25% Off","uses":30,"revenue":2531.25,"discounts":843.75,"units":70.0,"cost":1267.5,"margin":49.9,"discount_depth":50.0},{"deal_name":"Employee - 40% OFF","uses":25,"revenue":1762.5,"discounts":1175.0,"units":64.0,"cost":1092.5,"margin":38.0,"discount_depth":80.0},{"deal_name":"Senior / Veterans - 20% Off","uses":24,"revenue":3010.0,"discounts":765.0,"units":76.0,"cost":1390.0,"margin":53.8,"discount_depth":40.6},{"deal_name":"Store Credit - $15","uses":24,"revenue":1173.5625004768372,"discounts":723.9374995231628,"units":39.0,"cost":706.25,"margin":39.8,"discount_depth":76.4},{"deal_name":"Employee 30% - NOT FRIDAYS","uses":21,"revenue":1530.0,"discounts":682.5,"units":48.0,"cost":820.0,"margin":46.4,"discount_depth":61.6},{"deal_name":"Store Credit - $25","uses":19,"revenue":787.6624953746796,"discounts":616.0875010490417,"units":29.0,"cost":522.5,"margin":33.7,"discount_depth":87.8},{"deal_name":"Matrix Rippers 2 for $72","uses":10,"revenue":1620.0,"discounts":280.0,"units":36.0,"cost":715.0,"margin":55.9,"discount_depth":29.4},{"deal_name":"Sammy Davis Early Bird - 15% Off","uses":7,"revenue":711.875,"discounts":125.625,"units":16.0,"cost":315.0,"margin":55.8,"discount_depth":30.0},{"deal_name":"Medical - 10%","uses":5,"revenue":427.5,"discounts":47.5,"units":10.0,"cost":175.0,"margin":59.1,"discount_depth":20.0},{"deal_name":"Store Credit - $50","uses":4,"revenue":234.6874976158142,"discounts":121.5625011920929,"units":7.0,"cost":133.75,"margin":43.0,"discount_depth":68.2},{"deal_name":"Store Credit - $75","uses":3,"revenue":144.48750019073486,"discounts":118.01249980926514,"units":5.0,"cost":98.75,"margin":31.7,"discount_depth":90.0},{"deal_name":"Store Credit - $100","uses":1,"revenue":28.33750009536743,"discounts":71.66250228881836,"units":2.0,"cost":37.5,"margin":-32.3,"discount_depth":143.4}]},"growth_opportunities":[{"type":"distribution","title":"Expand to Elevation Downtown","detail":"Store has $175,831 in CONCENTRATE, DISPOSABLE VAPE \u2014 categories where BAD BATCH competes.","priority":"high"},{"type":"sku_expansion","title":"Add 'AM X PM DIAMOND BADDER - BAD BATCH' to 2 more store(s)","detail":"Carried in 4 stores. Missing from: Elevation Oasis, Elevation Parkway","priority":"medium"},{"type":"sku_expansion","title":"Add 'AM X PM H.T.E. DIAMOND SAUCE DISPOSABLE VAPE - BAD BATCH' to 1 more store(s)","detail":"Carried in 5 stores. Missing from: Elevation Mesa","priority":"medium"},{"type":"sku_expansion","title":"Add 'BLUE TANG COOKIES H.T.E DIAMOND SAUCE DISPOSABLE VAPE - BAD BATCH' to 2 more store(s)","detail":"Carried in 4 stores. Missing from: Elevation Springs, Elevation Parkway","priority":"medium"},{"type":"sku_expansion","title":"Add 'FULLY LOADED AP H.T.E DIAMOND SAUCE DISPOSABLE VAPE - BAD BATCH' to 3 more store(s)","detail":"Carried in 3 stores. Missing from: Elevation Mesa, Elevation Boulevard, Elevation Parkway","priority":"medium"},{"type":"sku_expansion","title":"Add 'KUSH MINTS DIAMOND BADDER - BAD BATCH' to 2 more store(s)","detail":"Carried in 4 stores. Missing from: Elevation Oasis, Elevation Parkway","priority":"medium"},{"type":"velocity","title":"Improve velocity in DISPOSABLE VAPE","detail":"Velocity index 65 (below category average). 9.2 units/day vs 14.2 avg.","priority":"medium"},{"type":"velocity","title":"Improve velocity in CONCENTRATE","detail":"Velocity index 7 (below category average). 0.5 units/day vs 7.7 avg.","priority":"medium"}],"trend":[{"period":"2025-06","revenue":20583.57421875,"cost":9712.5,"margin":52.8,"units":510,"transactions":452,"profit":10871.075439453125,"revenue_change_pct":null,"units_change_pct":null,"margin_change_pts":null},{"period":"2025-07","revenue":96871.25,"cost":42345.0,"margin":56.3,"units":2208,"transactions":1830,"profit":54526.25,"revenue_change_pct":370.6,"units_change_pct":332.9,"margin_change_pts":3.5},{"period":"2025-08","revenue":55349.326171875,"cost":24900.0,"margin":55.0,"units":1272,"transactions":1080,"profit":30449.326171875,"revenue_change_pct":-42.9,"units_change_pct":-42.4,"margin_change_pts":-1.3},{"period":"2025-09","revenue":107007.94921875,"cost":47530.0,"margin":55.6,"units":2508,"transactions":2088,"profit":59477.94921875,"revenue_change_pct":93.3,"units_change_pct":97.2,"margin_change_pts":0.6},{"period":"2025-10","revenue":99803.349609375,"cost":43482.5,"margin":56.4,"units":2304,"transactions":1902,"profit":56320.849609375,"revenue_change_pct":-6.7,"units_change_pct":-8.1,"margin_change_pts":0.8},{"period":"2025-11","revenue":73983.1982421875,"cost":35810.0,"margin":51.6,"units":1920,"transactions":1538,"profit":38173.20068359375,"revenue_change_pct":-25.9,"units_change_pct":-16.7,"margin_change_pts":-4.8},{"period":"2025-12","revenue":86777.75390625,"cost":37317.5,"margin":57.0,"units":2006,"transactions":1592,"profit":49460.2490234375,"revenue_change_pct":17.3,"units_change_pct":4.5,"margin_change_pts":5.4},{"period":"2026-01","revenue":89717.451171875,"cost":38507.099609375,"margin":57.1,"units":2066,"transactions":1678,"profit":51210.3515625,"revenue_change_pct":3.4,"units_change_pct":3.0,"margin_change_pts":0.1}]}