{"brand":"BAD BATCH","date_range":"2024-01-01 00:00:00 to 2026-01-31 00:00:00","period_label":"All Time","summary":{"total_units":14794,"total_revenue":630093.8671875,"total_cost":279604.609375,"total_discounts":120381.15234375,"total_profit":350489.2578125,"overall_margin":55.599998474121094,"fp_margin":62.79999923706055,"disc_margin":52.400001525878906,"pct_full_price":30.899999618530273,"avg_discount_rate":16.0,"fp_revenue":194552.5,"disc_revenue":435541.3671875,"unique_customers":8766,"brand":"BAD BATCH","date_range":"2024-01-01 00:00:00 to 2026-01-31 00:00:00","months_count":16,"avg_monthly_cost":34950.575,"cost_per_unit":37.8,"primary_category":"DISPOSABLE VAPE","primary_cat_margin":52.79999923706055,"category_rank":15,"category_total":35,"margin_vs_category":2.799999952316284,"velocity_rank":15},"category_breakdown":[{"category_clean":"DISPOSABLE VAPE","units":13964,"revenue":605569.8828125,"cost":268967.109375,"profit":336602.7734375,"discounts":114292.626953125,"margin":55.599998474121094,"category_avg_margin":52.79999923706055,"vs_category":2.8,"rank":15.0,"total_brands":35.0},{"category_clean":"CONCENTRATE","units":830,"revenue":24523.974609375,"cost":10637.5,"profit":13886.474609375,"discounts":6088.5247802734375,"margin":56.599998474121094,"category_avg_margin":45.900001525878906,"vs_category":10.7,"rank":17.0,"total_brands":27.0}],"trend":[{"period":"2025-06","revenue":20583.57421875,"cost":9712.5,"margin":52.8,"units":510,"transactions":452,"profit":10871.075439453125,"revenue_change_pct":null,"units_change_pct":null,"margin_change_pts":null},{"period":"2025-07","revenue":96871.25,"cost":42345.0,"margin":56.3,"units":2208,"transactions":1830,"profit":54526.25,"revenue_change_pct":370.6,"units_change_pct":332.9,"margin_change_pts":3.5},{"period":"2025-08","revenue":55349.326171875,"cost":24900.0,"margin":55.0,"units":1272,"transactions":1080,"profit":30449.326171875,"revenue_change_pct":-42.9,"units_change_pct":-42.4,"margin_change_pts":-1.3},{"period":"2025-09","revenue":107007.94921875,"cost":47530.0,"margin":55.6,"units":2508,"transactions":2088,"profit":59477.94921875,"revenue_change_pct":93.3,"units_change_pct":97.2,"margin_change_pts":0.6},{"period":"2025-10","revenue":99803.349609375,"cost":43482.5,"margin":56.4,"units":2304,"transactions":1902,"profit":56320.849609375,"revenue_change_pct":-6.7,"units_change_pct":-8.1,"margin_change_pts":0.8},{"period":"2025-11","revenue":73983.1982421875,"cost":35810.0,"margin":51.6,"units":1920,"transactions":1538,"profit":38173.20068359375,"revenue_change_pct":-25.9,"units_change_pct":-16.7,"margin_change_pts":-4.8},{"period":"2025-12","revenue":86777.75390625,"cost":37317.5,"margin":57.0,"units":2006,"transactions":1592,"profit":49460.2490234375,"revenue_change_pct":17.3,"units_change_pct":4.5,"margin_change_pts":5.4},{"period":"2026-01","revenue":89717.451171875,"cost":38507.099609375,"margin":57.1,"units":2066,"transactions":1678,"profit":51210.3515625,"revenue_change_pct":3.4,"units_change_pct":3.0,"margin_change_pts":0.1}],"share_of_category":[{"category":"DISPOSABLE VAPE","brand_revenue":605569.8828125,"category_revenue":30552405.0,"revenue_share_pct":2.0,"brand_units":13964,"category_units":756548,"units_share_pct":1.8},{"category":"CONCENTRATE","brand_revenue":24523.974609375,"category_revenue":7866357.5,"revenue_share_pct":0.30000001192092896,"brand_units":830,"category_units":316632,"units_share_pct":0.3}],"share_of_category_trend":{"DISPOSABLE VAPE":[{"period":"2024-01","brand_revenue":0.0,"category_revenue":933474.921875,"share_pct":0.0},{"period":"2024-02","brand_revenue":0.0,"category_revenue":877782.109375,"share_pct":0.0},{"period":"2024-03","brand_revenue":0.0,"category_revenue":990692.03125,"share_pct":0.0},{"period":"2024-04","brand_revenue":0.0,"category_revenue":971952.1875,"share_pct":0.0},{"period":"2024-05","brand_revenue":0.0,"category_revenue":1035100.46875,"share_pct":0.0},{"period":"2024-06","brand_revenue":0.0,"category_revenue":1039794.21875,"share_pct":0.0},{"period":"2024-07","brand_revenue":0.0,"category_revenue":1081636.5625,"share_pct":0.0},{"period":"2024-08","brand_revenue":0.0,"category_revenue":1098658.125,"share_pct":0.0},{"period":"2024-09","brand_revenue":0.0,"category_revenue":1056394.53125,"share_pct":0.0},{"period":"2024-10","brand_revenue":0.0,"category_revenue":1197041.171875,"share_pct":0.0},{"period":"2024-11","brand_revenue":0.0,"category_revenue":1193980.234375,"share_pct":0.0},{"period":"2024-12","brand_revenue":0.0,"category_revenue":1222008.984375,"share_pct":0.0},{"period":"2025-01","brand_revenue":0.0,"category_revenue":1100552.421875,"share_pct":0.0},{"period":"2025-02","brand_revenue":0.0,"category_revenue":1167271.25,"share_pct":0.0},{"period":"2025-03","brand_revenue":0.0,"category_revenue":1348856.71875,"share_pct":0.0},{"period":"2025-04","brand_revenue":0.0,"category_revenue":1414639.84375,"share_pct":0.0},{"period":"2025-05","brand_revenue":0.0,"category_revenue":1460588.4375,"share_pct":0.0},{"period":"2025-06","brand_revenue":20583.57421875,"category_revenue":1320852.96875,"share_pct":1.600000023841858},{"period":"2025-07","brand_revenue":96871.25,"category_revenue":1451194.84375,"share_pct":6.699999809265137},{"period":"2025-08","brand_revenue":55349.326171875,"category_revenue":1403520.625,"share_pct":3.9000000953674316},{"period":"2025-09","brand_revenue":101592.529296875,"category_revenue":1317518.125,"share_pct":7.699999809265137},{"period":"2025-10","brand_revenue":96158.349609375,"category_revenue":1511693.75,"share_pct":6.400000095367432},{"period":"2025-11","brand_revenue":68553.8232421875,"category_revenue":1481709.21875,"share_pct":4.599999904632568},{"period":"2025-12","brand_revenue":81508.9990234375,"category_revenue":1476896.875,"share_pct":5.5},{"period":"2026-01","brand_revenue":84952.021484375,"category_revenue":1398594.84375,"share_pct":6.099999904632568}],"CONCENTRATE":[{"period":"2024-01","brand_revenue":0.0,"category_revenue":351129.609375,"share_pct":0.0},{"period":"2024-02","brand_revenue":0.0,"category_revenue":371224.4921875,"share_pct":0.0},{"period":"2024-03","brand_revenue":0.0,"category_revenue":375964.296875,"share_pct":0.0},{"period":"2024-04","brand_revenue":0.0,"category_revenue":352745.859375,"share_pct":0.0},{"period":"2024-05","brand_revenue":0.0,"category_revenue":346027.5,"share_pct":0.0},{"period":"2024-06","brand_revenue":0.0,"category_revenue":310723.3984375,"share_pct":0.0},{"period":"2024-07","brand_revenue":0.0,"category_revenue":336220.078125,"share_pct":0.0},{"period":"2024-08","brand_revenue":0.0,"category_revenue":324004.04296875,"share_pct":0.0},{"period":"2024-09","brand_revenue":0.0,"category_revenue":326834.1796875,"share_pct":0.0},{"period":"2024-10","brand_revenue":0.0,"category_revenue":324500.859375,"share_pct":0.0},{"period":"2024-11","brand_revenue":0.0,"category_revenue":351240.0390625,"share_pct":0.0},{"period":"2024-12","brand_revenue":0.0,"category_revenue":324145.4296875,"share_pct":0.0},{"period":"2025-01","brand_revenue":0.0,"category_revenue":325749.19921875,"share_pct":0.0},{"period":"2025-02","brand_revenue":0.0,"category_revenue":300499.0234375,"share_pct":0.0},{"period":"2025-03","brand_revenue":0.0,"category_revenue":298171.5234375,"share_pct":0.0},{"period":"2025-04","brand_revenue":0.0,"category_revenue":343355.625,"share_pct":0.0},{"period":"2025-05","brand_revenue":0.0,"category_revenue":288836.62109375,"share_pct":0.0},{"period":"2025-06","brand_revenue":0.0,"category_revenue":280928.33984375,"share_pct":0.0},{"period":"2025-07","brand_revenue":0.0,"category_revenue":283604.1796875,"share_pct":0.0},{"period":"2025-08","brand_revenue":0.0,"category_revenue":274773.76953125,"share_pct":0.0},{"period":"2025-09","brand_revenue":5415.4248046875,"category_revenue":264599.19921875,"share_pct":2.0},{"period":"2025-10","brand_revenue":3645.0,"category_revenue":277515.46875,"share_pct":1.2999999523162842},{"period":"2025-11","brand_revenue":5429.375,"category_revenue":295773.3203125,"share_pct":1.7999999523162842},{"period":"2025-12","brand_revenue":5268.75,"category_revenue":267042.05078125,"share_pct":2.0},{"period":"2026-01","brand_revenue":4765.425109863281,"category_revenue":270749.70703125,"share_pct":1.7999999523162842}]},"discount_depth":[{"tier":"0% (Full Price)","transactions":3862,"pct_of_transactions":27.6,"revenue":194552.5,"avg_discount":0.0},{"tier":"1-10%","transactions":3074,"pct_of_transactions":22.0,"revenue":160664.53125,"avg_discount":14.800000190734863},{"tier":"11-20%","transactions":1534,"pct_of_transactions":11.0,"revenue":77329.873046875,"avg_discount":35.400001525878906},{"tier":"21-30%","transactions":286,"pct_of_transactions":2.0,"revenue":12059.09912109375,"avg_discount":50.400001525878906},{"tier":"31%+","transactions":792,"pct_of_transactions":5.7,"revenue":24367.099609375,"avg_discount":84.5999984741211}],"velocity":{"units_per_day":66.64,"revenue_per_day":2838.2501220703125,"avg_units_per_txn":2.44,"days_of_data":222,"total_units":14794,"total_transactions":12160},"velocity_by_category":[{"category":"DISPOSABLE VAPE","brand_units_per_day":18.32,"category_avg_units_per_day":28.36,"velocity_index":64.6,"brand_rev_per_unit":34.69,"category_rev_per_unit":32.31,"brands_in_category":35},{"category":"CONCENTRATE","brand_units_per_day":1.08,"category_avg_units_per_day":15.38,"velocity_index":7.1,"brand_rev_per_unit":23.64,"category_rev_per_unit":19.88,"brands_in_category":27}],"deals":[{"deal_name":"Industry 30% Off","times_used":3316,"units":3733.0,"revenue":130601.71252727509,"discounts":56398.28750729561,"cost":69837.5,"profit":60764.21249344945,"pre_discount_revenue":187000.0,"margin":46.5,"avg_discount":60.4},{"deal_name":"Lit4Less - Disposables - 2 for $75 LR / HTE","times_used":2384,"units":3619.0,"revenue":169451.4749956131,"discounts":19167.275002002716,"cost":70204.07499313354,"profit":99247.40000605583,"pre_discount_revenue":188618.75,"margin":58.6,"avg_discount":20.4},{"deal_name":"Matrix Rippers / Bad Batch Disposables 2 for $72","times_used":450,"units":760.0,"revenue":34096.81249380112,"discounts":6109.437500834465,"cost":14985.0,"profit":19111.812500953674,"pre_discount_revenue":40206.25,"margin":56.1,"avg_discount":30.4},{"deal_name":"40% Off - G2B","times_used":446,"units":592.0,"revenue":17349.375,"discounts":11613.125,"cost":10702.5,"profit":6646.875,"pre_discount_revenue":28962.5,"margin":38.3,"avg_discount":80.2},{"deal_name":"Jackpot - Locals 30% Off","times_used":170,"units":214.0,"revenue":7743.75,"discounts":3318.75,"cost":4132.5,"profit":3611.25,"pre_discount_revenue":11062.5,"margin":46.6,"avg_discount":60.0},{"deal_name":"Senior - 10% Off","times_used":152,"units":218.0,"revenue":9720.0,"discounts":1080.0,"cost":4025.0,"profit":5695.0,"pre_discount_revenue":10800.0,"margin":58.6,"avg_discount":20.0},{"deal_name":"Veterans - 10% Off","times_used":146,"units":179.0,"revenue":7761.562503576279,"discounts":913.4375,"cost":3231.25,"profit":4530.312498807907,"pre_discount_revenue":8675.0,"margin":58.4,"avg_discount":21.0},{"deal_name":"Matrix/ Bad Batch Dispos -  2 for $72","times_used":108,"units":189.0,"revenue":8442.5,"discounts":1532.5,"cost":3723.75,"profit":4718.75,"pre_discount_revenue":9975.0,"margin":55.9,"avg_discount":30.8},{"deal_name":"LVAC - 25% Off","times_used":60,"units":70.0,"revenue":2531.25,"discounts":843.75,"cost":1267.5,"profit":1263.75,"pre_discount_revenue":3375.0,"margin":49.9,"avg_discount":50.0},{"deal_name":"Employee - 40% OFF","times_used":50,"units":64.0,"revenue":1762.5,"discounts":1175.0,"cost":1092.5,"profit":670.0,"pre_discount_revenue":2937.5,"margin":38.0,"avg_discount":80.0},{"deal_name":"Senior / Veterans - 20% Off","times_used":48,"units":76.0,"revenue":3010.0,"discounts":765.0,"cost":1390.0,"profit":1620.0,"pre_discount_revenue":3775.0,"margin":53.8,"avg_discount":40.6},{"deal_name":"Store Credit - $15","times_used":48,"units":39.0,"revenue":1173.5625004768372,"discounts":723.9374995231628,"cost":706.25,"profit":467.3125000298023,"pre_discount_revenue":1897.5,"margin":39.8,"avg_discount":76.4},{"deal_name":"Employee 30% - NOT FRIDAYS","times_used":42,"units":48.0,"revenue":1530.0,"discounts":682.5,"cost":820.0,"profit":710.0,"pre_discount_revenue":2212.5,"margin":46.4,"avg_discount":61.6},{"deal_name":"Store Credit - $25","times_used":38,"units":29.0,"revenue":787.6624953746796,"discounts":616.0875010490417,"cost":522.5,"profit":265.16250014305115,"pre_discount_revenue":1403.75,"margin":33.7,"avg_discount":87.8},{"deal_name":"Matrix Rippers 2 for $72","times_used":20,"units":36.0,"revenue":1620.0,"discounts":280.0,"cost":715.0,"profit":905.0,"pre_discount_revenue":1900.0,"margin":55.9,"avg_discount":29.4},{"deal_name":"Sammy Davis Early Bird - 15% Off","times_used":14,"units":16.0,"revenue":711.875,"discounts":125.625,"cost":315.0,"profit":396.875,"pre_discount_revenue":837.5,"margin":55.8,"avg_discount":30.0},{"deal_name":"Medical - 10%","times_used":10,"units":10.0,"revenue":427.5,"discounts":47.5,"cost":175.0,"profit":252.5,"pre_discount_revenue":475.0,"margin":59.1,"avg_discount":20.0},{"deal_name":"Store Credit - $50","times_used":8,"units":7.0,"revenue":234.6874976158142,"discounts":121.5625011920929,"cost":133.75,"profit":100.9374988079071,"pre_discount_revenue":356.25,"margin":43.0,"avg_discount":68.2},{"deal_name":"Store Credit - $75","times_used":6,"units":5.0,"revenue":144.48750019073486,"discounts":118.01249980926514,"cost":98.75,"profit":45.73750019073486,"pre_discount_revenue":262.5,"margin":31.7,"avg_discount":90.0},{"deal_name":"Store Credit - $100","times_used":2,"units":2.0,"revenue":28.33750009536743,"discounts":71.66250228881836,"cost":37.5,"profit":-9.162499904632568,"pre_discount_revenue":100.0,"margin":-32.3,"avg_discount":143.4},{"deal_name":"Store Credit - $150","times_used":2,"units":2.0,"revenue":43.125,"discounts":56.875,"cost":37.5,"profit":5.625,"pre_discount_revenue":100.0,"margin":13.0,"avg_discount":113.8},{"deal_name":"Reno - Early Bird - Senior / Veterans - 20%","times_used":2,"units":2.0,"revenue":90.0,"discounts":22.5,"cost":37.5,"profit":52.5,"pre_discount_revenue":112.5,"margin":58.3,"avg_discount":40.0}],"top_products":[{"product":"GRAPE FROSTY LIQUID DIAMOND DISPOSABLE VAPE - BAD BATCH","units":2388,"revenue":102847.421875,"cost":44775.0,"profit":58072.4267578125,"transactions":2242,"margin":56.5},{"product":"JEALOUSY OG LIQUID DIAMOND DISPOSABLE VAPE - BAD BATCH","units":2028,"revenue":87817.900390625,"cost":38025.0,"profit":49792.900390625,"transactions":1914,"margin":56.70000076293945},{"product":"GALACTIC GAS LIQUID DIAMOND DISPOSABLE VAPE - BAD BATCH","units":1834,"revenue":78559.7998046875,"cost":34387.5,"profit":44172.2998046875,"transactions":1720,"margin":56.20000076293945},{"product":"CARIBBEAN BREEZE LIQUID DIAMOND DISPOSABLE VAPE - BAD BATCH","units":1638,"revenue":68453.5009765625,"cost":30712.5,"profit":37741.0009765625,"transactions":1544,"margin":55.099998474121094},{"product":"BLACK CHERRY FIZZ LIQUID DIAMOND DISPOSABLE VAPE - BAD BATCH","units":842,"revenue":35861.07421875,"cost":15787.5,"profit":20073.575439453125,"transactions":810,"margin":56.0},{"product":"MANGO SHERBERT LIQUID DIAMOND DISPOSABLE VAPE - BAD BATCH","units":856,"revenue":35490.625,"cost":16050.0,"profit":19440.625,"transactions":810,"margin":54.79999923706055},{"product":"BLUEBERRY DIESEL LIQUID DIAMOND DISPOSABLE VAPE - BAD BATCH","units":702,"revenue":29506.6748046875,"cost":13162.5,"profit":16344.1748046875,"transactions":662,"margin":55.400001525878906},{"product":"GARLIC COCKTAIL H.T.E. DIAMOND SAUCE DISPOSABLE VAPE - BAD BATCH","units":630,"revenue":29281.875,"cost":13387.5,"profit":15894.375,"transactions":610,"margin":54.29999923706055},{"product":"SHERB POP H.T.E. DIAMOND SAUCE DISPOSABLE VAPE - BAD BATCH","units":496,"revenue":23041.875,"cost":10540.0,"profit":12501.875,"transactions":468,"margin":54.29999923706055},{"product":"RAINBOW SHERBERT H.T.E. DIAMOND SAUCE DISPOSABLE VAPE - BAD BATCH","units":476,"revenue":21937.2998046875,"cost":10115.0,"profit":11822.2998046875,"transactions":438,"margin":53.900001525878906},{"product":"KIWI STRAWBERRY LIQUID DIAMOND DISPOSABLE VAPE - BAD BATCH","units":448,"revenue":18751.25,"cost":8400.0,"profit":10351.25,"transactions":440,"margin":55.20000076293945},{"product":"AM X PM H.T.E. DIAMOND SAUCE DISPOSABLE VAPE - BAD BATCH","units":378,"revenue":17562.874755859375,"cost":8039.6002197265625,"profit":9523.275146484375,"transactions":372,"margin":54.20000076293945},{"product":"AM X PM DIAMOND BADDER - BAD BATCH","units":476,"revenue":14627.425537109375,"cost":6177.5,"profit":8449.924926757812,"transactions":450,"margin":57.79999923706055},{"product":"RAINBOW SHERBET H.T.E DIAMOND SAUCE DISPOSABLE VAPE - BAD BATCH","units":266,"revenue":12019.5751953125,"cost":5652.5,"profit":6367.0751953125,"transactions":256,"margin":53.0},{"product":"PERMANENT MARKER H.T.E. DIAMOND SAUCE DISPOSABLE VAPE - BAD BATCH","units":248,"revenue":11325.0,"cost":5195.0,"profit":6130.0,"transactions":246,"margin":54.099998474121094},{"product":"ZOUR APPLE LIQUID DIAMOND DISPOSABLE VAPE - BAD BATCH","units":242,"revenue":10317.5,"cost":4537.5,"profit":5780.0,"transactions":220,"margin":56.0},{"product":"KUSH MINTS H.T.E. DIAMOND SAUCE DISPOSABLE VAPE - BAD BATCH","units":214,"revenue":9980.0,"cost":4522.5,"profit":5457.5,"transactions":204,"margin":54.70000076293945},{"product":"KUSH MINTS DIAMOND BADDER - BAD BATCH","units":354,"revenue":9896.55029296875,"cost":4460.0,"profit":5436.55029296875,"transactions":338,"margin":54.900001525878906},{"product":"FULLY LOADED AP H.T.E DIAMOND SAUCE DISPOSABLE VAPE - BAD BATCH","units":122,"revenue":5744.375,"cost":2592.5,"profit":3151.875,"transactions":110,"margin":54.900001525878906},{"product":"BLUE TANG COOKIES H.T.E DIAMOND SAUCE DISPOSABLE VAPE - BAD BATCH","units":94,"revenue":4421.25,"cost":1997.5,"profit":2423.75,"transactions":88,"margin":54.79999923706055},{"product":"ORANGE CREAMSICLE LIQUID DIAMOND DISPOSABLE VAPE - BAD BATCH","units":50,"revenue":2102.5,"cost":937.5,"profit":1165.0,"transactions":50,"margin":55.400001525878906},{"product":"BOOTY CLAPPER H.T.E. DIAMOND SAUCE DISPOSABLE VAPE - BAD BATCH","units":12,"revenue":547.5,"cost":150.0,"profit":397.5,"transactions":12,"margin":72.5999984741211}],"products_by_store":{"Elevation Springs":[{"product":"GALACTIC GAS LIQUID DIAMOND DISPOSABLE VAPE - BAD BATCH","units":468,"revenue":19937.900390625,"cost":8775.0,"profit":11162.900390625,"transactions":454,"margin":56.0},{"product":"JEALOUSY OG LIQUID DIAMOND DISPOSABLE VAPE - BAD BATCH","units":420,"revenue":18225.30029296875,"cost":7875.0,"profit":10350.30029296875,"transactions":408,"margin":56.79999923706055},{"product":"GRAPE FROSTY LIQUID DIAMOND DISPOSABLE VAPE - BAD BATCH","units":408,"revenue":16720.074462890625,"cost":7650.0,"profit":9070.075073242188,"transactions":388,"margin":54.20000076293945},{"product":"CARIBBEAN BREEZE LIQUID DIAMOND DISPOSABLE VAPE - BAD BATCH","units":260,"revenue":11103.75,"cost":4875.0,"profit":6228.75,"transactions":248,"margin":56.099998474121094},{"product":"MANGO SHERBERT LIQUID DIAMOND DISPOSABLE VAPE - BAD BATCH","units":224,"revenue":9152.274780273438,"cost":4200.0,"profit":4952.275085449219,"transactions":222,"margin":54.099998474121094},{"product":"BLACK CHERRY FIZZ LIQUID DIAMOND DISPOSABLE VAPE - BAD BATCH","units":194,"revenue":8158.75,"cost":3637.5,"profit":4521.25,"transactions":186,"margin":55.400001525878906},{"product":"GARLIC COCKTAIL H.T.E. DIAMOND SAUCE DISPOSABLE VAPE - BAD BATCH","units":130,"revenue":5846.25,"cost":2762.5,"profit":3083.75,"transactions":126,"margin":52.70000076293945},{"product":"AM X PM H.T.E. DIAMOND SAUCE DISPOSABLE VAPE - BAD BATCH","units":106,"revenue":4747.5,"cost":2259.5999145507812,"profit":2487.9000854492188,"transactions":102,"margin":52.400001525878906},{"product":"SHERB POP H.T.E. DIAMOND SAUCE DISPOSABLE VAPE - BAD BATCH","units":100,"revenue":4521.25,"cost":2125.0,"profit":2396.25,"transactions":98,"margin":53.0},{"product":"AM X PM DIAMOND BADDER - BAD BATCH","units":126,"revenue":4383.75,"cost":1575.0,"profit":2808.75,"transactions":120,"margin":64.0999984741211},{"product":"KIWI STRAWBERRY LIQUID DIAMOND DISPOSABLE VAPE - BAD BATCH","units":102,"revenue":4097.5,"cost":1912.5,"profit":2185.0,"transactions":102,"margin":53.29999923706055},{"product":"BLUEBERRY DIESEL LIQUID DIAMOND DISPOSABLE VAPE - BAD BATCH","units":96,"revenue":3902.5,"cost":1800.0,"profit":2102.5,"transactions":94,"margin":53.900001525878906},{"product":"KUSH MINTS DIAMOND BADDER - BAD BATCH","units":108,"revenue":2971.875,"cost":1350.0,"profit":1621.875,"transactions":102,"margin":54.599998474121094},{"product":"FULLY LOADED AP H.T.E DIAMOND SAUCE DISPOSABLE VAPE - BAD BATCH","units":52,"revenue":2436.875,"cost":1105.0,"profit":1331.875,"transactions":52,"margin":54.70000076293945},{"product":"PERMANENT MARKER H.T.E. DIAMOND SAUCE DISPOSABLE VAPE - BAD BATCH","units":48,"revenue":2272.5,"cost":1020.0,"profit":1252.5,"transactions":48,"margin":55.099998474121094}],"Elevation Mesa":[{"product":"GRAPE FROSTY LIQUID DIAMOND DISPOSABLE VAPE - BAD BATCH","units":520,"revenue":21194.5751953125,"cost":9750.0,"profit":11444.5751953125,"transactions":502,"margin":54.0},{"product":"JEALOUSY OG LIQUID DIAMOND DISPOSABLE VAPE - BAD BATCH","units":426,"revenue":17159.47509765625,"cost":7987.5,"profit":9171.97509765625,"transactions":398,"margin":53.5},{"product":"GALACTIC GAS LIQUID DIAMOND DISPOSABLE VAPE - BAD BATCH","units":360,"revenue":14907.249755859375,"cost":6750.0,"profit":8157.249755859375,"transactions":336,"margin":54.70000076293945},{"product":"CARIBBEAN BREEZE LIQUID DIAMOND DISPOSABLE VAPE - BAD BATCH","units":368,"revenue":14891.25,"cost":6900.0,"profit":7991.25,"transactions":354,"margin":53.70000076293945},{"product":"BLACK CHERRY FIZZ LIQUID DIAMOND DISPOSABLE VAPE - BAD BATCH","units":200,"revenue":8480.0,"cost":3750.0,"profit":4730.0,"transactions":196,"margin":55.79999923706055},{"product":"BLUEBERRY DIESEL LIQUID DIAMOND DISPOSABLE VAPE - BAD BATCH","units":172,"revenue":6972.5,"cost":3225.0,"profit":3747.5,"transactions":160,"margin":53.70000076293945},{"product":"MANGO SHERBERT LIQUID DIAMOND DISPOSABLE VAPE - BAD BATCH","units":118,"revenue":5020.0,"cost":2212.5,"profit":2807.5,"transactions":114,"margin":55.900001525878906},{"product":"SHERB POP H.T.E. DIAMOND SAUCE DISPOSABLE VAPE - BAD BATCH","units":98,"revenue":4550.0,"cost":2082.5,"profit":2467.5,"transactions":94,"margin":54.20000076293945},{"product":"RAINBOW SHERBET H.T.E DIAMOND SAUCE DISPOSABLE VAPE - BAD BATCH","units":100,"revenue":4443.75,"cost":2125.0,"profit":2318.75,"transactions":96,"margin":52.20000076293945},{"product":"GARLIC COCKTAIL H.T.E. DIAMOND SAUCE DISPOSABLE VAPE - BAD BATCH","units":94,"revenue":4260.625,"cost":1997.5,"profit":2263.125,"transactions":94,"margin":53.099998474121094},{"product":"KIWI STRAWBERRY LIQUID DIAMOND DISPOSABLE VAPE - BAD BATCH","units":100,"revenue":4078.75,"cost":1875.0,"profit":2203.75,"transactions":100,"margin":54.0},{"product":"AM X PM DIAMOND BADDER - BAD BATCH","units":140,"revenue":3889.5001220703125,"cost":1750.0,"profit":2139.499969482422,"transactions":138,"margin":55.0},{"product":"KUSH MINTS DIAMOND BADDER - BAD BATCH","units":96,"revenue":2474.0499877929688,"cost":1200.0,"profit":1274.0499877929688,"transactions":94,"margin":51.5},{"product":"PERMANENT MARKER H.T.E. DIAMOND SAUCE DISPOSABLE VAPE - BAD BATCH","units":50,"revenue":2133.75,"cost":1062.5,"profit":1071.25,"transactions":50,"margin":50.20000076293945},{"product":"ZOUR APPLE LIQUID DIAMOND DISPOSABLE VAPE - BAD BATCH","units":50,"revenue":1940.0,"cost":937.5,"profit":1002.5,"transactions":44,"margin":51.70000076293945}],"Elevation Oasis":[{"product":"GRAPE FROSTY LIQUID DIAMOND DISPOSABLE VAPE - BAD BATCH","units":392,"revenue":17945.274658203125,"cost":7350.0,"profit":10595.274658203125,"transactions":342,"margin":59.0},{"product":"JEALOUSY OG LIQUID DIAMOND DISPOSABLE VAPE - BAD BATCH","units":366,"revenue":16761.25,"cost":6862.5,"profit":9898.75,"transactions":338,"margin":59.099998474121094},{"product":"CARIBBEAN BREEZE LIQUID DIAMOND DISPOSABLE VAPE - BAD BATCH","units":398,"revenue":16716.424560546875,"cost":7462.5,"profit":9253.925170898438,"transactions":354,"margin":55.400001525878906},{"product":"GALACTIC GAS LIQUID DIAMOND DISPOSABLE VAPE - BAD BATCH","units":344,"revenue":15552.149658203125,"cost":6450.0,"profit":9102.150268554688,"transactions":306,"margin":58.5},{"product":"MANGO SHERBERT LIQUID DIAMOND DISPOSABLE VAPE - BAD BATCH","units":220,"revenue":9269.299926757812,"cost":4125.0,"profit":5144.2999267578125,"transactions":196,"margin":55.5},{"product":"RAINBOW SHERBERT H.T.E. DIAMOND SAUCE DISPOSABLE VAPE - BAD BATCH","units":180,"revenue":8237.5,"cost":3825.0,"profit":4412.5,"transactions":156,"margin":53.599998474121094},{"product":"KUSH MINTS H.T.E. DIAMOND SAUCE DISPOSABLE VAPE - BAD BATCH","units":150,"revenue":6941.25,"cost":3162.5,"profit":3778.75,"transactions":144,"margin":54.400001525878906},{"product":"BLACK CHERRY FIZZ LIQUID DIAMOND DISPOSABLE VAPE - BAD BATCH","units":150,"revenue":6865.0,"cost":2812.5,"profit":4052.5,"transactions":142,"margin":59.0},{"product":"GARLIC COCKTAIL H.T.E. DIAMOND SAUCE DISPOSABLE VAPE - BAD BATCH","units":144,"revenue":6808.75,"cost":3060.0,"profit":3748.75,"transactions":136,"margin":55.099998474121094},{"product":"SHERB POP H.T.E. DIAMOND SAUCE DISPOSABLE VAPE - BAD BATCH","units":102,"revenue":4882.5,"cost":2167.5,"profit":2715.0,"transactions":86,"margin":55.599998474121094},{"product":"KIWI STRAWBERRY LIQUID DIAMOND DISPOSABLE VAPE - BAD BATCH","units":98,"revenue":4567.5,"cost":1837.5,"profit":2730.0,"transactions":96,"margin":59.79999923706055},{"product":"BLUEBERRY DIESEL LIQUID DIAMOND DISPOSABLE VAPE - BAD BATCH","units":100,"revenue":4527.5,"cost":1875.0,"profit":2652.5,"transactions":94,"margin":58.599998474121094},{"product":"RAINBOW SHERBET H.T.E DIAMOND SAUCE DISPOSABLE VAPE - BAD BATCH","units":78,"revenue":3618.3248901367188,"cost":1657.5,"profit":1960.8250427246094,"transactions":72,"margin":54.20000076293945},{"product":"ZOUR APPLE LIQUID DIAMOND DISPOSABLE VAPE - BAD BATCH","units":76,"revenue":3398.75,"cost":1425.0,"profit":1973.75,"transactions":64,"margin":58.099998474121094},{"product":"BLUE TANG COOKIES H.T.E DIAMOND SAUCE DISPOSABLE VAPE - BAD BATCH","units":68,"revenue":3288.75,"cost":1445.0,"profit":1843.75,"transactions":62,"margin":56.099998474121094}],"Elevation Midtown":[{"product":"GRAPE FROSTY LIQUID DIAMOND DISPOSABLE VAPE - BAD BATCH","units":404,"revenue":18380.625,"cost":7575.0,"profit":10805.625,"transactions":378,"margin":58.79999923706055},{"product":"JEALOUSY OG LIQUID DIAMOND DISPOSABLE VAPE - BAD BATCH","units":354,"revenue":16258.125,"cost":6637.5,"profit":9620.625,"transactions":322,"margin":59.20000076293945},{"product":"GALACTIC GAS LIQUID DIAMOND DISPOSABLE VAPE - BAD BATCH","units":256,"revenue":11480.0,"cost":4800.0,"profit":6680.0,"transactions":240,"margin":58.20000076293945},{"product":"CARIBBEAN BREEZE LIQUID DIAMOND DISPOSABLE VAPE - BAD BATCH","units":196,"revenue":8325.0,"cost":3675.0,"profit":4650.0,"transactions":190,"margin":55.900001525878906},{"product":"RAINBOW SHERBERT H.T.E. DIAMOND SAUCE DISPOSABLE VAPE - BAD BATCH","units":146,"revenue":7159.1748046875,"cost":3102.5,"profit":4056.6751098632812,"transactions":142,"margin":56.70000076293945},{"product":"SHERB POP H.T.E. DIAMOND SAUCE DISPOSABLE VAPE - BAD BATCH","units":96,"revenue":4704.375,"cost":2040.0,"profit":2664.375,"transactions":92,"margin":56.599998474121094},{"product":"GARLIC COCKTAIL H.T.E. DIAMOND SAUCE DISPOSABLE VAPE - BAD BATCH","units":96,"revenue":4625.625,"cost":2040.0,"profit":2585.625,"transactions":90,"margin":55.900001525878906},{"product":"BLUEBERRY DIESEL LIQUID DIAMOND DISPOSABLE VAPE - BAD BATCH","units":90,"revenue":4385.0,"cost":1687.5,"profit":2697.5,"transactions":80,"margin":61.5},{"product":"BLACK CHERRY FIZZ LIQUID DIAMOND DISPOSABLE VAPE - BAD BATCH","units":98,"revenue":4004.8251342773438,"cost":1837.5,"profit":2167.324981689453,"transactions":96,"margin":54.099998474121094},{"product":"AM X PM DIAMOND BADDER - BAD BATCH","units":120,"revenue":3636.6751098632812,"cost":1500.0,"profit":2136.6749572753906,"transactions":110,"margin":58.79999923706055},{"product":"KUSH MINTS DIAMOND BADDER - BAD BATCH","units":100,"revenue":3050.625,"cost":1250.0,"profit":1800.625,"transactions":94,"margin":59.0},{"product":"MANGO SHERBERT LIQUID DIAMOND DISPOSABLE VAPE - BAD BATCH","units":62,"revenue":2721.25,"cost":1162.5,"profit":1558.75,"transactions":58,"margin":57.29999923706055},{"product":"PERMANENT MARKER H.T.E. DIAMOND SAUCE DISPOSABLE VAPE - BAD BATCH","units":50,"revenue":2413.125,"cost":1062.5,"profit":1350.625,"transactions":50,"margin":56.0},{"product":"ZOUR APPLE LIQUID DIAMOND DISPOSABLE VAPE - BAD BATCH","units":50,"revenue":2340.0,"cost":937.5,"profit":1402.5,"transactions":48,"margin":59.900001525878906},{"product":"AM X PM H.T.E. DIAMOND SAUCE DISPOSABLE VAPE - BAD BATCH","units":48,"revenue":2295.0,"cost":1020.0,"profit":1275.0,"transactions":48,"margin":55.599998474121094}],"Elevation Boulevard":[{"product":"GRAPE FROSTY LIQUID DIAMOND DISPOSABLE VAPE - BAD BATCH","units":322,"revenue":12971.25,"cost":6037.5,"profit":6933.75,"transactions":316,"margin":53.5},{"product":"GALACTIC GAS LIQUID DIAMOND DISPOSABLE VAPE - BAD BATCH","units":272,"revenue":10785.0,"cost":5100.0,"profit":5685.0,"transactions":264,"margin":52.70000076293945},{"product":"JEALOUSY OG LIQUID DIAMOND DISPOSABLE VAPE - BAD BATCH","units":266,"revenue":10621.25,"cost":4987.5,"profit":5633.75,"transactions":262,"margin":53.0},{"product":"CARIBBEAN BREEZE LIQUID DIAMOND DISPOSABLE VAPE - BAD BATCH","units":220,"revenue":8514.5751953125,"cost":4125.0,"profit":4389.574890136719,"transactions":208,"margin":51.599998474121094},{"product":"MANGO SHERBERT LIQUID DIAMOND DISPOSABLE VAPE - BAD BATCH","units":170,"revenue":6474.05029296875,"cost":3187.5,"profit":3286.5499877929688,"transactions":164,"margin":50.79999923706055},{"product":"BLUEBERRY DIESEL LIQUID DIAMOND DISPOSABLE VAPE - BAD BATCH","units":144,"revenue":5382.9248046875,"cost":2700.0,"profit":2682.9251098632812,"transactions":140,"margin":49.79999923706055},{"product":"BLACK CHERRY FIZZ LIQUID DIAMOND DISPOSABLE VAPE - BAD BATCH","units":100,"revenue":3905.0,"cost":1875.0,"profit":2030.0,"transactions":96,"margin":52.0},{"product":"GARLIC COCKTAIL H.T.E. DIAMOND SAUCE DISPOSABLE VAPE - BAD BATCH","units":64,"revenue":2770.0,"cost":1360.0,"profit":1410.0,"transactions":64,"margin":50.900001525878906},{"product":"AM X PM DIAMOND BADDER - BAD BATCH","units":90,"revenue":2717.5,"cost":1352.5,"profit":1365.0,"transactions":82,"margin":50.20000076293945},{"product":"AM X PM H.T.E. DIAMOND SAUCE DISPOSABLE VAPE - BAD BATCH","units":60,"revenue":2667.8750610351562,"cost":1275.0,"profit":1392.8750610351562,"transactions":60,"margin":52.20000076293945},{"product":"PERMANENT MARKER H.T.E. DIAMOND SAUCE DISPOSABLE VAPE - BAD BATCH","units":50,"revenue":2169.375,"cost":1062.5,"profit":1106.875,"transactions":48,"margin":51.0},{"product":"SHERB POP H.T.E. DIAMOND SAUCE DISPOSABLE VAPE - BAD BATCH","units":50,"revenue":2156.25,"cost":1062.5,"profit":1093.75,"transactions":48,"margin":50.70000076293945},{"product":"RAINBOW SHERBERT H.T.E. DIAMOND SAUCE DISPOSABLE VAPE - BAD BATCH","units":50,"revenue":2120.625,"cost":1062.5,"profit":1058.125,"transactions":50,"margin":49.900001525878906},{"product":"KIWI STRAWBERRY LIQUID DIAMOND DISPOSABLE VAPE - BAD BATCH","units":50,"revenue":1841.25,"cost":937.5,"profit":903.75,"transactions":48,"margin":49.099998474121094},{"product":"KUSH MINTS DIAMOND BADDER - BAD BATCH","units":50,"revenue":1400.0,"cost":660.0,"profit":740.0,"transactions":48,"margin":52.900001525878906}],"Elevation Parkway":[{"product":"GRAPE FROSTY LIQUID DIAMOND DISPOSABLE VAPE - BAD BATCH","units":342,"revenue":15635.625,"cost":6412.5,"profit":9223.125,"transactions":316,"margin":59.0},{"product":"CARIBBEAN BREEZE LIQUID DIAMOND DISPOSABLE VAPE - BAD BATCH","units":196,"revenue":8902.5,"cost":3675.0,"profit":5227.5,"transactions":190,"margin":58.70000076293945},{"product":"JEALOUSY OG LIQUID DIAMOND DISPOSABLE VAPE - BAD BATCH","units":196,"revenue":8792.5,"cost":3675.0,"profit":5117.5,"transactions":186,"margin":58.20000076293945},{"product":"GALACTIC GAS LIQUID DIAMOND DISPOSABLE VAPE - BAD BATCH","units":134,"revenue":5897.5,"cost":2512.5,"profit":3385.0,"transactions":120,"margin":57.400001525878906},{"product":"AM X PM H.T.E. DIAMOND SAUCE DISPOSABLE VAPE - BAD BATCH","units":114,"revenue":5507.5,"cost":2422.5,"profit":3085.0,"transactions":112,"margin":56.0},{"product":"GARLIC COCKTAIL H.T.E. DIAMOND SAUCE DISPOSABLE VAPE - BAD BATCH","units":102,"revenue":4970.625,"cost":2167.5,"profit":2803.125,"transactions":100,"margin":56.400001525878906},{"product":"BLACK CHERRY FIZZ LIQUID DIAMOND DISPOSABLE VAPE - BAD BATCH","units":100,"revenue":4447.5,"cost":1875.0,"profit":2572.5,"transactions":94,"margin":57.79999923706055},{"product":"BLUEBERRY DIESEL LIQUID DIAMOND DISPOSABLE VAPE - BAD BATCH","units":100,"revenue":4336.25,"cost":1875.0,"profit":2461.25,"transactions":94,"margin":56.79999923706055},{"product":"MANGO SHERBERT LIQUID DIAMOND DISPOSABLE VAPE - BAD BATCH","units":62,"revenue":2853.75,"cost":1162.5,"profit":1691.25,"transactions":56,"margin":59.29999923706055},{"product":"RAINBOW SHERBERT H.T.E. DIAMOND SAUCE DISPOSABLE VAPE - BAD BATCH","units":50,"revenue":2252.5,"cost":1062.5,"profit":1190.0,"transactions":48,"margin":52.79999923706055},{"product":"SHERB POP H.T.E. DIAMOND SAUCE DISPOSABLE VAPE - BAD BATCH","units":50,"revenue":2227.5,"cost":1062.5,"profit":1165.0,"transactions":50,"margin":52.29999923706055},{"product":"KIWI STRAWBERRY LIQUID DIAMOND DISPOSABLE VAPE - BAD BATCH","units":50,"revenue":2037.5,"cost":937.5,"profit":1100.0,"transactions":48,"margin":54.0},{"product":"RAINBOW SHERBET H.T.E DIAMOND SAUCE DISPOSABLE VAPE - BAD BATCH","units":38,"revenue":1712.5,"cost":807.5,"profit":905.0,"transactions":38,"margin":52.79999923706055},{"product":"KUSH MINTS H.T.E. DIAMOND SAUCE DISPOSABLE VAPE - BAD BATCH","units":4,"revenue":200.0,"cost":85.0,"profit":115.0,"transactions":4,"margin":57.5}]},"store_summary":[{"store_clean":"Elevation Oasis","units":3022,"revenue":136660.224609375,"cost":58757.5,"profit":77902.724609375,"discounts":20527.275390625,"margin":57.0,"discount_rate":13.100000381469727},{"store_clean":"Elevation Springs","units":3062,"revenue":127939.296875,"cost":57347.099609375,"profit":70592.2021484375,"discounts":26998.20068359375,"margin":55.20000076293945,"discount_rate":17.399999618530273},{"store_clean":"Elevation Mesa","units":2908,"revenue":117092.978515625,"cost":53945.0,"profit":63147.9736328125,"discounts":26732.02392578125,"margin":53.900001525878906,"discount_rate":18.600000381469727},{"store_clean":"Elevation Midtown","units":2282,"revenue":101144.423828125,"cost":42567.5,"profit":58576.923828125,"discounts":14068.074951171875,"margin":57.900001525878906,"discount_rate":12.199999809265137},{"store_clean":"Elevation Boulevard","units":1982,"revenue":77483.173828125,"cost":37255.0,"profit":40228.173828125,"discounts":20991.826171875,"margin":51.900001525878906,"discount_rate":21.299999237060547},{"store_clean":"Elevation Parkway","units":1538,"revenue":69773.75,"cost":29732.5,"profit":40041.25,"discounts":11063.75,"margin":57.400001525878906,"discount_rate":13.699999809265137}],"recommendations":[{"severity":"info","title":"VOLUME LEVERAGE","detail":"$252,038 revenue provides negotiating leverage.","action":"Use volume as leverage in next vendor meeting."}],"comparison":null}