{"brand":"GOLDEN STATE BANANA","date_range":"2024-01-01 00:00:00 to 2026-01-31 00:00:00","period_label":"All Time","summary":{"total_units":5084,"total_revenue":209802.16796875,"total_cost":91465.80078125,"total_discounts":34338.75,"total_profit":118336.38671875,"overall_margin":56.400001525878906,"fp_margin":62.70000076293945,"disc_margin":47.79999923706055,"pct_full_price":57.79999923706055,"avg_discount_rate":14.100000381469727,"fp_revenue":121219.375,"disc_revenue":88582.802734375,"brand":"GOLDEN STATE BANANA","date_range":"2024-01-01 00:00:00 to 2026-01-31 00:00:00","primary_category":"FLOWER","store_coverage":"7/7","stores_present":["Elevation Springs","Elevation Mesa","Elevation Oasis","Elevation Downtown","Elevation Midtown","Elevation Boulevard","Elevation Parkway"],"stores_missing":[],"velocity_rank":44,"velocity_total":64},"distribution":[{"store":"Elevation Springs","carries_brand":true,"sku_count":24,"revenue":47832.9736328125,"units":1110,"store_total_revenue":51138750.0,"brand_share_pct":0.10000000149011612},{"store":"Elevation Mesa","carries_brand":true,"sku_count":20,"revenue":39499.697265625,"units":960,"store_total_revenue":47532240.0,"brand_share_pct":0.10000000149011612},{"store":"Elevation Oasis","carries_brand":true,"sku_count":18,"revenue":38214.29931640625,"units":912,"store_total_revenue":56050145.0,"brand_share_pct":0.10000000149011612},{"store":"Elevation Downtown","carries_brand":true,"sku_count":14,"revenue":18477.249755859375,"units":420,"store_total_revenue":1945237.1875,"brand_share_pct":0.8999999761581421},{"store":"Elevation Midtown","carries_brand":true,"sku_count":18,"revenue":34522.94921875,"units":778,"store_total_revenue":30850185.0,"brand_share_pct":0.10000000149011612},{"store":"Elevation Boulevard","carries_brand":true,"sku_count":16,"revenue":19919.12353515625,"units":596,"store_total_revenue":28757865.0,"brand_share_pct":0.10000000149011612},{"store":"Elevation Parkway","carries_brand":true,"sku_count":12,"revenue":11335.8740234375,"units":308,"store_total_revenue":21987007.5,"brand_share_pct":0.10000000149011612}],"share_of_category":[{"category":"FLOWER","brand_revenue":192365.68359375,"category_revenue":77755450.0,"revenue_share_pct":0.20000000298023224,"brand_units":3694,"category_units":2708446,"units_share_pct":0.1},{"category":"PRE ROLL","brand_revenue":17436.474609375,"category_revenue":14009791.25,"revenue_share_pct":0.10000000149011612,"brand_units":1390,"category_units":1485736,"units_share_pct":0.1}],"share_of_category_trend":{"FLOWER":[{"period":"2024-01","brand_revenue":0.0,"category_revenue":3552357.8125,"share_pct":0.0},{"period":"2024-02","brand_revenue":0.0,"category_revenue":3535245.625,"share_pct":0.0},{"period":"2024-03","brand_revenue":0.0,"category_revenue":3693805.625,"share_pct":0.0},{"period":"2024-04","brand_revenue":0.0,"category_revenue":3541899.6875,"share_pct":0.0},{"period":"2024-05","brand_revenue":0.0,"category_revenue":3537479.375,"share_pct":0.0},{"period":"2024-06","brand_revenue":0.0,"category_revenue":3403269.6875,"share_pct":0.0},{"period":"2024-07","brand_revenue":0.0,"category_revenue":3457705.9375,"share_pct":0.0},{"period":"2024-08","brand_revenue":0.0,"category_revenue":3453819.375,"share_pct":0.0},{"period":"2024-09","brand_revenue":0.0,"category_revenue":3316441.5625,"share_pct":0.0},{"period":"2024-10","brand_revenue":0.0,"category_revenue":3585775.0,"share_pct":0.0},{"period":"2024-11","brand_revenue":0.0,"category_revenue":3454855.3125,"share_pct":0.0},{"period":"2024-12","brand_revenue":0.0,"category_revenue":3226567.8125,"share_pct":0.0},{"period":"2025-01","brand_revenue":0.0,"category_revenue":2984938.125,"share_pct":0.0},{"period":"2025-02","brand_revenue":0.0,"category_revenue":2816220.0,"share_pct":0.0},{"period":"2025-03","brand_revenue":0.0,"category_revenue":2911379.6875,"share_pct":0.0},{"period":"2025-04","brand_revenue":0.0,"category_revenue":3118895.3125,"share_pct":0.0},{"period":"2025-05","brand_revenue":0.0,"category_revenue":2887345.0,"share_pct":0.0},{"period":"2025-06","brand_revenue":0.0,"category_revenue":2773698.125,"share_pct":0.0},{"period":"2025-07","brand_revenue":0.0,"category_revenue":2782763.125,"share_pct":0.0},{"period":"2025-08","brand_revenue":58487.8271484375,"category_revenue":2733122.8125,"share_pct":2.0999999046325684},{"period":"2025-09","brand_revenue":72613.57421875,"category_revenue":2603501.5625,"share_pct":2.799999952316284},{"period":"2025-10","brand_revenue":23735.97412109375,"category_revenue":2663705.0,"share_pct":0.8999999761581421},{"period":"2025-11","brand_revenue":15939.000244140625,"category_revenue":2700189.0625,"share_pct":0.6000000238418579},{"period":"2025-12","brand_revenue":9750.249633789062,"category_revenue":2515209.53125,"share_pct":0.4000000059604645},{"period":"2026-01","brand_revenue":11839.07470703125,"category_revenue":2505261.875,"share_pct":0.5}],"PRE ROLL":[{"period":"2024-01","brand_revenue":0.0,"category_revenue":508338.515625,"share_pct":0.0},{"period":"2024-02","brand_revenue":0.0,"category_revenue":489393.671875,"share_pct":0.0},{"period":"2024-03","brand_revenue":0.0,"category_revenue":520052.3828125,"share_pct":0.0},{"period":"2024-04","brand_revenue":0.0,"category_revenue":491300.6640625,"share_pct":0.0},{"period":"2024-05","brand_revenue":0.0,"category_revenue":542202.890625,"share_pct":0.0},{"period":"2024-06","brand_revenue":0.0,"category_revenue":507288.8671875,"share_pct":0.0},{"period":"2024-07","brand_revenue":0.0,"category_revenue":524250.9765625,"share_pct":0.0},{"period":"2024-08","brand_revenue":0.0,"category_revenue":612518.7109375,"share_pct":0.0},{"period":"2024-09","brand_revenue":0.0,"category_revenue":586543.0078125,"share_pct":0.0},{"period":"2024-10","brand_revenue":0.0,"category_revenue":641449.1796875,"share_pct":0.0},{"period":"2024-11","brand_revenue":0.0,"category_revenue":579866.71875,"share_pct":0.0},{"period":"2024-12","brand_revenue":0.0,"category_revenue":582999.5703125,"share_pct":0.0},{"period":"2025-01","brand_revenue":0.0,"category_revenue":544095.3125,"share_pct":0.0},{"period":"2025-02","brand_revenue":0.0,"category_revenue":500875.5859375,"share_pct":0.0},{"period":"2025-03","brand_revenue":0.0,"category_revenue":551422.0703125,"share_pct":0.0},{"period":"2025-04","brand_revenue":0.0,"category_revenue":568189.375,"share_pct":0.0},{"period":"2025-05","brand_revenue":0.0,"category_revenue":565516.875,"share_pct":0.0},{"period":"2025-06","brand_revenue":0.0,"category_revenue":560506.71875,"share_pct":0.0},{"period":"2025-07","brand_revenue":0.0,"category_revenue":600916.09375,"share_pct":0.0},{"period":"2025-08","brand_revenue":0.0,"category_revenue":620247.5,"share_pct":0.0},{"period":"2025-09","brand_revenue":0.0,"category_revenue":608971.09375,"share_pct":0.0},{"period":"2025-10","brand_revenue":8002.550048828125,"category_revenue":645293.1640625,"share_pct":1.2000000476837158},{"period":"2025-11","brand_revenue":4218.924865722656,"category_revenue":581113.4765625,"share_pct":0.699999988079071},{"period":"2025-12","brand_revenue":2238.000030517578,"category_revenue":553088.5546875,"share_pct":0.4000000059604645},{"period":"2026-01","brand_revenue":2977.0001220703125,"category_revenue":523350.9375,"share_pct":0.6000000238418579}]},"velocity_by_category":[{"category":"FLOWER","brand_units_per_day":4.84,"category_avg_units_per_day":55.54,"velocity_index":8.7,"brand_rev_per_unit":41.66,"category_rev_per_unit":22.97,"brands_in_category":64},{"category":"PRE ROLL","brand_units_per_day":1.82,"category_avg_units_per_day":42.38,"velocity_index":4.3,"brand_rev_per_unit":10.04,"category_rev_per_unit":7.54,"brands_in_category":46}],"store_gaps":[],"product_mix":{"top":[{"product":"STRAW PAPAYA HEAVY EIGHTH - GSB","units":1120,"revenue":60271.572265625,"cost":26600.0,"profit":33671.57470703125,"stores":7,"transactions":1022,"margin":55.900001525878906},{"product":"SKUNKY MONKEY HEAVY EIGHTH - GSB","units":696,"revenue":37455.10009765625,"cost":16530.0,"profit":20925.10009765625,"stores":7,"transactions":672,"margin":55.900001525878906},{"product":"BLURAZZ HEAVY EIGHTH - GSB","units":540,"revenue":29664.150390625,"cost":12825.0,"profit":16839.150390625,"stores":6,"transactions":520,"margin":56.79999923706055},{"product":"DOLCE & BANANA HEAVY EIGHTH - GSB","units":356,"revenue":18888.44970703125,"cost":8455.0,"profit":10433.44970703125,"stores":5,"transactions":336,"margin":55.20000076293945},{"product":"BLUE SLUSHIE HEAVY EIGHTH - GSB","units":396,"revenue":18765.499267578125,"cost":9405.0,"profit":9360.499877929688,"stores":5,"transactions":360,"margin":49.900001525878906},{"product":"BANANA BREAD HEAVY EIGHTH - GSB","units":194,"revenue":9702.000122070312,"cost":4607.5,"profit":5094.5001220703125,"stores":2,"transactions":182,"margin":52.5},{"product":"BANANA RUNTZ HEAVY EIGHTH - GSB","units":184,"revenue":8903.049926757812,"cost":4370.0,"profit":4533.0499267578125,"stores":5,"transactions":172,"margin":50.900001525878906},{"product":"GOLDEN STATE BANANA HEAVY EIGHTH - GSB","units":146,"revenue":7882.874755859375,"cost":3467.5,"profit":4415.375061035156,"stores":2,"transactions":136,"margin":56.0},{"product":"SKUNKY MONKEY PRE ROLL - GSB","units":384,"revenue":5219.0496826171875,"cost":1440.0,"profit":3779.0499877929688,"stores":6,"transactions":326,"margin":72.4000015258789},{"product":"DOLCE & BANANA PRE ROLL - GSB","units":372,"revenue":4911.1248779296875,"cost":1155.8000183105469,"profit":3755.3250122070312,"stores":6,"transactions":350,"margin":76.5},{"product":"BANANA RUNTZ PRE ROLL - GSB","units":190,"revenue":2293.000030517578,"cost":712.5,"profit":1580.5000305175781,"stores":3,"transactions":158,"margin":68.9000015258789},{"product":"STRAW PAPAYA PRE ROLL - GSB","units":188,"revenue":2208.9999389648438,"cost":705.0,"profit":1503.9999389648438,"stores":3,"transactions":140,"margin":68.0999984741211},{"product":"GOLDEN STATE BANANA PRE ROLL - GSB","units":118,"revenue":1617.1749877929688,"cost":442.5,"profit":1174.6749877929688,"stores":2,"transactions":108,"margin":72.5999984741211},{"product":"BANANA Z PRE ROLL - GSB","units":100,"revenue":1185.625,"cost":375.0,"profit":810.625,"stores":1,"transactions":92,"margin":68.4000015258789},{"product":"BLUE SLUSHIE PRE ROLL - GSB","units":100,"revenue":834.4999694824219,"cost":375.0,"profit":459.50000762939453,"stores":1,"transactions":92,"margin":55.099998474121094}],"bottom":[],"expansion":[{"product":"BLURAZZ HEAVY EIGHTH - GSB","current_stores":6,"total_stores":7,"missing_stores":["Elevation Mesa"],"revenue":29664.150390625},{"product":"DOLCE & BANANA HEAVY EIGHTH - GSB","current_stores":5,"total_stores":7,"missing_stores":["Elevation Oasis","Elevation Parkway"],"revenue":18888.44970703125},{"product":"BLUE SLUSHIE HEAVY EIGHTH - GSB","current_stores":5,"total_stores":7,"missing_stores":["Elevation Boulevard","Elevation Parkway"],"revenue":18765.499267578125},{"product":"BANANA BREAD HEAVY EIGHTH - GSB","current_stores":2,"total_stores":7,"missing_stores":["Elevation Oasis","Elevation Downtown","Elevation Midtown","Elevation Boulevard","Elevation Parkway"],"revenue":9702.000122070312},{"product":"BANANA RUNTZ HEAVY EIGHTH - GSB","current_stores":5,"total_stores":7,"missing_stores":["Elevation Mesa","Elevation Downtown"],"revenue":8903.049926757812},{"product":"GOLDEN STATE BANANA HEAVY EIGHTH - GSB","current_stores":2,"total_stores":7,"missing_stores":["Elevation Oasis","Elevation Downtown","Elevation Midtown","Elevation Boulevard","Elevation Parkway"],"revenue":7882.874755859375},{"product":"SKUNKY MONKEY PRE ROLL - GSB","current_stores":6,"total_stores":7,"missing_stores":["Elevation Boulevard"],"revenue":5219.0496826171875},{"product":"DOLCE & BANANA PRE ROLL - GSB","current_stores":6,"total_stores":7,"missing_stores":["Elevation Downtown"],"revenue":4911.1248779296875},{"product":"BANANA RUNTZ PRE ROLL - GSB","current_stores":3,"total_stores":7,"missing_stores":["Elevation Downtown","Elevation Midtown","Elevation Boulevard","Elevation Parkway"],"revenue":2293.000030517578},{"product":"STRAW PAPAYA PRE ROLL - GSB","current_stores":3,"total_stores":7,"missing_stores":["Elevation Downtown","Elevation Midtown","Elevation Boulevard","Elevation Parkway"],"revenue":2208.9999389648438}]},"pricing_consistency":[{"product":"BANANA RUNTZ PRE ROLL - GSB","min_price":18.765623569488525,"max_price":28.37096675749748,"avg_price":24.180946298824843,"std_dev":1.967401481374971,"store_count":6,"price_range":9.605343188008955,"range_pct":39.7},{"product":"BLUE SLUSHIE HEAVY EIGHTH - GSB","min_price":79.91666279141864,"max_price":110.80681540749289,"avg_price":96.124512137147,"std_dev":5.4305824099660915,"store_count":10,"price_range":30.890152616074246,"range_pct":32.1},{"product":"BANANA RUNTZ HEAVY EIGHTH - GSB","min_price":84.24853156594668,"max_price":116.30000027743252,"avg_price":100.50523417410201,"std_dev":4.567099613085475,"store_count":10,"price_range":32.05146871148584,"range_pct":31.9},{"product":"STRAW PAPAYA PRE ROLL - GSB","min_price":20.46875,"max_price":27.234375476837158,"avg_price":23.48437515894572,"std_dev":1.376831270926946,"store_count":6,"price_range":6.765625476837158,"range_pct":28.8},{"product":"SKUNKY MONKEY PRE ROLL - GSB","min_price":22.28281259536743,"max_price":29.437499046325684,"avg_price":27.18255122502645,"std_dev":1.023835277739593,"store_count":12,"price_range":7.154686450958252,"range_pct":26.3},{"product":"DOLCE & BANANA PRE ROLL - GSB","min_price":23.515625,"max_price":29.046874046325684,"avg_price":26.39583184983995,"std_dev":0.9363138441030847,"store_count":12,"price_range":5.531249046325684,"range_pct":21.0},{"product":"DOLCE & BANANA HEAVY EIGHTH - GSB","min_price":96.29615196814903,"max_price":118.48047256469727,"avg_price":107.34025117954604,"std_dev":3.482888014151567,"store_count":10,"price_range":22.184320596548233,"range_pct":20.7},{"product":"BLURAZZ HEAVY EIGHTH - GSB","min_price":100.32499694824219,"max_price":116.56641006469727,"avg_price":108.70773616213378,"std_dev":2.742480656549594,"store_count":12,"price_range":16.241413116455075,"range_pct":14.9},{"product":"STRAW PAPAYA HEAVY EIGHTH - GSB","min_price":101.64761982266866,"max_price":114.42023383246529,"avg_price":107.66316330675065,"std_dev":1.927795243568809,"store_count":14,"price_range":12.77261400979663,"range_pct":11.9},{"product":"SKUNKY MONKEY HEAVY EIGHTH - GSB","min_price":102.18416341145833,"max_price":112.1640682220459,"avg_price":107.59643079796616,"std_dev":1.4602346984084318,"store_count":14,"price_range":9.97990481058757,"range_pct":9.3},{"product":"BANANA BREAD HEAVY EIGHTH - GSB","min_price":95.5500013563368,"max_price":103.8894301194411,"avg_price":99.71971573788895,"std_dev":2.3587466518452795,"store_count":4,"price_range":8.339428763104308,"range_pct":8.4},{"product":"GOLDEN STATE BANANA PRE ROLL - GSB","min_price":26.239999389648435,"max_price":28.26985303093405,"avg_price":27.25492621029124,"std_dev":0.5741293098277063,"store_count":4,"price_range":2.029853641285615,"range_pct":7.4},{"product":"GOLDEN STATE BANANA HEAVY EIGHTH - GSB","min_price":105.1129150390625,"max_price":110.10418119884673,"avg_price":107.60854811895462,"std_dev":1.4117432593161452,"store_count":4,"price_range":4.9912661597842245,"range_pct":4.6}],"promotional_effectiveness":{"lift":{"fp_units_per_day":15.38,"disc_units_per_day":14.88,"lift_pct":-3.2,"fp_avg_revenue_per_unit":94.39999999999999,"disc_avg_revenue_per_unit":70.42500000000001},"by_deal":[{"deal_name":"Industry 30% Off","uses":394,"revenue":34612.16185808182,"discounts":15016.037318706512,"units":893.0,"cost":18963.899999996647,"margin":45.2,"discount_depth":60.6},{"deal_name":"Senior - 10% Off","uses":68,"revenue":10245.924680233002,"discounts":1149.0000218153,"units":198.0,"cost":4382.5,"margin":57.2,"discount_depth":20.2},{"deal_name":"40% Off Special","uses":54,"revenue":4997.9999351501465,"discounts":3332.0000648498535,"units":136.0,"cost":3230.0,"margin":35.4,"discount_depth":80.0},{"deal_name":"30% Off Special","uses":47,"revenue":2666.999945640564,"discounts":1142.9999816417694,"units":110.0,"cost":1372.5,"margin":48.5,"discount_depth":60.0},{"deal_name":"Veterans - 10% Off","uses":43,"revenue":4148.999876976013,"discounts":461.00000977516174,"units":98.0,"cost":1720.0249999994412,"margin":58.5,"discount_depth":20.0},{"deal_name":"Jackpot - Locals 30% Off","uses":41,"revenue":2572.499933242798,"discounts":1112.4999856948853,"units":110.0,"cost":1292.5,"margin":49.8,"discount_depth":60.4},{"deal_name":"Employee 30% - NOT FRIDAYS","uses":34,"revenue":2385.1624661684036,"discounts":1078.4874856472015,"units":73.0,"cost":1293.75,"margin":45.8,"discount_depth":62.2},{"deal_name":"Senior / Veterans - 20% Off","uses":34,"revenue":3108.13756108284,"discounts":835.6125164031982,"units":81.0,"cost":1483.75,"margin":52.3,"discount_depth":42.4},{"deal_name":"35% Off Special","uses":32,"revenue":1652.6625221967697,"discounts":938.5874795913696,"units":71.0,"cost":926.25,"margin":44.0,"discount_depth":72.4},{"deal_name":"Employee - 40% OFF","uses":14,"revenue":1046.9749879837036,"discounts":698.0000114440918,"units":36.0,"cost":655.0,"margin":37.4,"discount_depth":80.0},{"deal_name":"LVAC - 25% Off","uses":11,"revenue":1104.325008392334,"discounts":368.125,"units":30.0,"cost":552.5,"margin":50.0,"discount_depth":50.0},{"deal_name":"Main St Happy Hour - 25% Off","uses":7,"revenue":457.5,"discounts":152.5,"units":16.0,"cost":220.0,"margin":51.9,"discount_depth":50.0},{"deal_name":"Store Credit - $25","uses":6,"revenue":552.3624920845032,"discounts":303.88749837875366,"units":17.0,"cost":323.75,"margin":41.4,"discount_depth":71.0},{"deal_name":"Store Credit - $15","uses":4,"revenue":64.375,"discounts":55.625,"units":8.0,"cost":30.0,"margin":53.4,"discount_depth":92.8},{"deal_name":"Store Credit - $100","uses":3,"revenue":31.112500429153442,"discounts":152.63750076293945,"units":3.0,"cost":71.25,"margin":-129.0,"discount_depth":166.2},{"deal_name":"Store Credit - $50","uses":3,"revenue":196.5375053882599,"discounts":109.71250057220459,"units":5.0,"cost":118.75,"margin":39.6,"discount_depth":71.6},{"deal_name":"Sammy Davis Early Bird - 15% Off","uses":3,"revenue":72.24999904632568,"discounts":12.749999761581421,"units":6.0,"cost":22.5,"margin":68.9,"discount_depth":30.0},{"deal_name":"Neighborhood / ShareDowntown - 15%","uses":2,"revenue":208.25000762939453,"discounts":36.74999952316284,"units":4.0,"cost":95.0,"margin":54.4,"discount_depth":30.0},{"deal_name":"Store Credit - $75","uses":2,"revenue":77.76250004768372,"discounts":105.98750114440918,"units":3.0,"cost":71.25,"margin":8.4,"discount_depth":115.4},{"deal_name":"Store Credit - $150","uses":1,"revenue":95.0,"discounts":150.0,"units":4.0,"cost":95.0,"margin":0.0,"discount_depth":122.4}]},"growth_opportunities":[{"type":"sku_expansion","title":"Add 'BANANA BREAD HEAVY EIGHTH - GSB' to 5 more store(s)","detail":"Carried in 2 stores. Missing from: Elevation Oasis, Elevation Downtown, Elevation Midtown, Elevation Boulevard, Elevation Parkway","priority":"medium"},{"type":"sku_expansion","title":"Add 'BANANA RUNTZ HEAVY EIGHTH - GSB' to 2 more store(s)","detail":"Carried in 5 stores. Missing from: Elevation Mesa, Elevation Downtown","priority":"medium"},{"type":"sku_expansion","title":"Add 'BANANA RUNTZ PRE ROLL - GSB' to 4 more store(s)","detail":"Carried in 3 stores. Missing from: Elevation Downtown, Elevation Midtown, Elevation Boulevard, Elevation Parkway","priority":"medium"},{"type":"sku_expansion","title":"Add 'BLUE SLUSHIE HEAVY EIGHTH - GSB' to 2 more store(s)","detail":"Carried in 5 stores. Missing from: Elevation Boulevard, Elevation Parkway","priority":"medium"},{"type":"sku_expansion","title":"Add 'BLURAZZ HEAVY EIGHTH - GSB' to 1 more store(s)","detail":"Carried in 6 stores. Missing from: Elevation Mesa","priority":"medium"},{"type":"velocity","title":"Improve velocity in FLOWER","detail":"Velocity index 9 (below category average). 2.4 units/day vs 27.8 avg.","priority":"medium"},{"type":"velocity","title":"Improve velocity in PRE ROLL","detail":"Velocity index 4 (below category average). 0.9 units/day vs 21.2 avg.","priority":"medium"}],"trend":[{"period":"2025-08","revenue":58487.8271484375,"cost":25982.5,"margin":55.6,"units":1094,"transactions":970,"profit":32505.32470703125,"revenue_change_pct":null,"units_change_pct":null,"margin_change_pts":null},{"period":"2025-09","revenue":72613.57421875,"cost":31587.5,"margin":56.5,"units":1330,"transactions":1170,"profit":41026.07421875,"revenue_change_pct":24.2,"units_change_pct":21.6,"margin_change_pts":0.9},{"period":"2025-10","revenue":31738.525390625,"cost":12513.299560546875,"margin":60.6,"units":1086,"transactions":898,"profit":19225.224609375,"revenue_change_pct":-56.3,"units_change_pct":-18.3,"margin_change_pts":4.1},{"period":"2025-11","revenue":20157.9248046875,"cost":8530.0,"margin":57.7,"units":664,"transactions":564,"profit":11627.9248046875,"revenue_change_pct":-36.5,"units_change_pct":-38.9,"margin_change_pts":-2.9},{"period":"2025-12","revenue":11988.24951171875,"cost":4977.5,"margin":58.5,"units":346,"transactions":290,"profit":7010.7501220703125,"revenue_change_pct":-40.5,"units_change_pct":-47.9,"margin_change_pts":0.8},{"period":"2026-01","revenue":14816.07421875,"cost":7875.0,"margin":46.8,"units":564,"transactions":474,"profit":6941.0748291015625,"revenue_change_pct":23.6,"units_change_pct":63.0,"margin_change_pts":-11.6}]}