{"brand":"GOLDEN STATE BANANA","date_range":"2024-01-01 00:00:00 to 2026-01-31 00:00:00","period_label":"All Time","summary":{"total_units":5084,"total_revenue":209802.16796875,"total_cost":91465.80078125,"total_discounts":34338.75,"total_profit":118336.38671875,"overall_margin":56.400001525878906,"fp_margin":62.70000076293945,"disc_margin":47.79999923706055,"pct_full_price":57.79999923706055,"avg_discount_rate":14.100000381469727,"fp_revenue":121219.375,"disc_revenue":88582.802734375,"unique_customers":3604,"brand":"GOLDEN STATE BANANA","date_range":"2024-01-01 00:00:00 to 2026-01-31 00:00:00","months_count":12,"avg_monthly_cost":15244.300000000001,"cost_per_unit":35.975,"primary_category":"FLOWER","primary_cat_margin":54.099998474121094,"category_rank":39,"category_total":64,"margin_vs_category":2.299999952316284,"velocity_rank":44},"category_breakdown":[{"category_clean":"FLOWER","units":3694,"revenue":192365.703125,"cost":86492.5,"profit":105873.203125,"discounts":31180.224609375,"margin":55.0,"category_avg_margin":54.099998474121094,"vs_category":0.9,"rank":39.0,"total_brands":64.0},{"category_clean":"PRE ROLL","units":1390,"revenue":17436.474609375,"cost":4973.299865722656,"profit":12463.175048828125,"discounts":3158.5250854492188,"margin":71.5,"category_avg_margin":48.29999923706055,"vs_category":23.2,"rank":31.0,"total_brands":46.0}],"trend":[{"period":"2025-08","revenue":58487.8271484375,"cost":25982.5,"margin":55.6,"units":1094,"transactions":970,"profit":32505.32470703125,"revenue_change_pct":null,"units_change_pct":null,"margin_change_pts":null},{"period":"2025-09","revenue":72613.57421875,"cost":31587.5,"margin":56.5,"units":1330,"transactions":1170,"profit":41026.07421875,"revenue_change_pct":24.2,"units_change_pct":21.6,"margin_change_pts":0.9},{"period":"2025-10","revenue":31738.525390625,"cost":12513.299560546875,"margin":60.6,"units":1086,"transactions":898,"profit":19225.224609375,"revenue_change_pct":-56.3,"units_change_pct":-18.3,"margin_change_pts":4.1},{"period":"2025-11","revenue":20157.9248046875,"cost":8530.0,"margin":57.7,"units":664,"transactions":564,"profit":11627.9248046875,"revenue_change_pct":-36.5,"units_change_pct":-38.9,"margin_change_pts":-2.9},{"period":"2025-12","revenue":11988.24951171875,"cost":4977.5,"margin":58.5,"units":346,"transactions":290,"profit":7010.7501220703125,"revenue_change_pct":-40.5,"units_change_pct":-47.9,"margin_change_pts":0.8},{"period":"2026-01","revenue":14816.07421875,"cost":7875.0,"margin":46.8,"units":564,"transactions":474,"profit":6941.0748291015625,"revenue_change_pct":23.6,"units_change_pct":63.0,"margin_change_pts":-11.6}],"share_of_category":[{"category":"FLOWER","brand_revenue":192365.68359375,"category_revenue":77755450.0,"revenue_share_pct":0.20000000298023224,"brand_units":3694,"category_units":2708446,"units_share_pct":0.1},{"category":"PRE ROLL","brand_revenue":17436.474609375,"category_revenue":14009791.25,"revenue_share_pct":0.10000000149011612,"brand_units":1390,"category_units":1485736,"units_share_pct":0.1}],"share_of_category_trend":{"FLOWER":[{"period":"2024-01","brand_revenue":0.0,"category_revenue":3552357.8125,"share_pct":0.0},{"period":"2024-02","brand_revenue":0.0,"category_revenue":3535245.625,"share_pct":0.0},{"period":"2024-03","brand_revenue":0.0,"category_revenue":3693805.625,"share_pct":0.0},{"period":"2024-04","brand_revenue":0.0,"category_revenue":3541899.6875,"share_pct":0.0},{"period":"2024-05","brand_revenue":0.0,"category_revenue":3537479.375,"share_pct":0.0},{"period":"2024-06","brand_revenue":0.0,"category_revenue":3403269.6875,"share_pct":0.0},{"period":"2024-07","brand_revenue":0.0,"category_revenue":3457705.9375,"share_pct":0.0},{"period":"2024-08","brand_revenue":0.0,"category_revenue":3453819.375,"share_pct":0.0},{"period":"2024-09","brand_revenue":0.0,"category_revenue":3316441.5625,"share_pct":0.0},{"period":"2024-10","brand_revenue":0.0,"category_revenue":3585775.0,"share_pct":0.0},{"period":"2024-11","brand_revenue":0.0,"category_revenue":3454855.3125,"share_pct":0.0},{"period":"2024-12","brand_revenue":0.0,"category_revenue":3226567.8125,"share_pct":0.0},{"period":"2025-01","brand_revenue":0.0,"category_revenue":2984938.125,"share_pct":0.0},{"period":"2025-02","brand_revenue":0.0,"category_revenue":2816220.0,"share_pct":0.0},{"period":"2025-03","brand_revenue":0.0,"category_revenue":2911379.6875,"share_pct":0.0},{"period":"2025-04","brand_revenue":0.0,"category_revenue":3118895.3125,"share_pct":0.0},{"period":"2025-05","brand_revenue":0.0,"category_revenue":2887345.0,"share_pct":0.0},{"period":"2025-06","brand_revenue":0.0,"category_revenue":2773698.125,"share_pct":0.0},{"period":"2025-07","brand_revenue":0.0,"category_revenue":2782763.125,"share_pct":0.0},{"period":"2025-08","brand_revenue":58487.8271484375,"category_revenue":2733122.8125,"share_pct":2.0999999046325684},{"period":"2025-09","brand_revenue":72613.57421875,"category_revenue":2603501.5625,"share_pct":2.799999952316284},{"period":"2025-10","brand_revenue":23735.97412109375,"category_revenue":2663705.0,"share_pct":0.8999999761581421},{"period":"2025-11","brand_revenue":15939.000244140625,"category_revenue":2700189.0625,"share_pct":0.6000000238418579},{"period":"2025-12","brand_revenue":9750.249633789062,"category_revenue":2515209.53125,"share_pct":0.4000000059604645},{"period":"2026-01","brand_revenue":11839.07470703125,"category_revenue":2505261.875,"share_pct":0.5}],"PRE ROLL":[{"period":"2024-01","brand_revenue":0.0,"category_revenue":508338.515625,"share_pct":0.0},{"period":"2024-02","brand_revenue":0.0,"category_revenue":489393.671875,"share_pct":0.0},{"period":"2024-03","brand_revenue":0.0,"category_revenue":520052.3828125,"share_pct":0.0},{"period":"2024-04","brand_revenue":0.0,"category_revenue":491300.6640625,"share_pct":0.0},{"period":"2024-05","brand_revenue":0.0,"category_revenue":542202.890625,"share_pct":0.0},{"period":"2024-06","brand_revenue":0.0,"category_revenue":507288.8671875,"share_pct":0.0},{"period":"2024-07","brand_revenue":0.0,"category_revenue":524250.9765625,"share_pct":0.0},{"period":"2024-08","brand_revenue":0.0,"category_revenue":612518.7109375,"share_pct":0.0},{"period":"2024-09","brand_revenue":0.0,"category_revenue":586543.0078125,"share_pct":0.0},{"period":"2024-10","brand_revenue":0.0,"category_revenue":641449.1796875,"share_pct":0.0},{"period":"2024-11","brand_revenue":0.0,"category_revenue":579866.71875,"share_pct":0.0},{"period":"2024-12","brand_revenue":0.0,"category_revenue":582999.5703125,"share_pct":0.0},{"period":"2025-01","brand_revenue":0.0,"category_revenue":544095.3125,"share_pct":0.0},{"period":"2025-02","brand_revenue":0.0,"category_revenue":500875.5859375,"share_pct":0.0},{"period":"2025-03","brand_revenue":0.0,"category_revenue":551422.0703125,"share_pct":0.0},{"period":"2025-04","brand_revenue":0.0,"category_revenue":568189.375,"share_pct":0.0},{"period":"2025-05","brand_revenue":0.0,"category_revenue":565516.875,"share_pct":0.0},{"period":"2025-06","brand_revenue":0.0,"category_revenue":560506.71875,"share_pct":0.0},{"period":"2025-07","brand_revenue":0.0,"category_revenue":600916.09375,"share_pct":0.0},{"period":"2025-08","brand_revenue":0.0,"category_revenue":620247.5,"share_pct":0.0},{"period":"2025-09","brand_revenue":0.0,"category_revenue":608971.09375,"share_pct":0.0},{"period":"2025-10","brand_revenue":8002.550048828125,"category_revenue":645293.1640625,"share_pct":1.2000000476837158},{"period":"2025-11","brand_revenue":4218.924865722656,"category_revenue":581113.4765625,"share_pct":0.699999988079071},{"period":"2025-12","brand_revenue":2238.000030517578,"category_revenue":553088.5546875,"share_pct":0.4000000059604645},{"period":"2026-01","brand_revenue":2977.0001220703125,"category_revenue":523350.9375,"share_pct":0.6000000238418579}]},"discount_depth":[{"tier":"0% (Full Price)","transactions":2408,"pct_of_transactions":51.6,"revenue":121219.375,"avg_discount":0.0},{"tier":"1-10%","transactions":296,"pct_of_transactions":6.3,"revenue":16834.02587890625,"avg_discount":19.600000381469727},{"tier":"11-20%","transactions":124,"pct_of_transactions":2.7,"revenue":5920.3741455078125,"avg_discount":38.79999923706055},{"tier":"21-30%","transactions":1318,"pct_of_transactions":28.2,"revenue":51595.01953125,"avg_discount":59.20000076293945},{"tier":"31%+","transactions":410,"pct_of_transactions":8.8,"revenue":10616.724853515625,"avg_discount":87.5999984741211}],"velocity":{"units_per_day":28.56,"revenue_per_day":1178.6750030517578,"avg_units_per_txn":2.32,"days_of_data":178,"total_units":5084,"total_transactions":4366},"velocity_by_category":[{"category":"FLOWER","brand_units_per_day":4.84,"category_avg_units_per_day":55.54,"velocity_index":8.7,"brand_rev_per_unit":41.66,"category_rev_per_unit":22.97,"brands_in_category":64},{"category":"PRE ROLL","brand_units_per_day":1.82,"category_avg_units_per_day":42.38,"velocity_index":4.3,"brand_rev_per_unit":10.04,"category_rev_per_unit":7.54,"brands_in_category":46}],"deals":[{"deal_name":"Industry 30% Off","times_used":788,"units":893.0,"revenue":34612.16185808182,"discounts":15016.037318706512,"cost":18963.899999996647,"profit":15648.26267182827,"pre_discount_revenue":49628.200092315674,"margin":45.2,"avg_discount":60.6},{"deal_name":"Senior - 10% Off","times_used":136,"units":198.0,"revenue":10245.924680233002,"discounts":1149.0000218153,"cost":4382.5,"profit":5863.425085544586,"pre_discount_revenue":11394.925012588501,"margin":57.2,"avg_discount":20.2},{"deal_name":"40% Off Special","times_used":108,"units":136.0,"revenue":4997.9999351501465,"discounts":3332.0000648498535,"cost":3230.0,"profit":1767.9999351501465,"pre_discount_revenue":8330.0,"margin":35.4,"avg_discount":80.0},{"deal_name":"30% Off Special","times_used":94,"units":110.0,"revenue":2666.999945640564,"discounts":1142.9999816417694,"cost":1372.5,"profit":1294.5000183582306,"pre_discount_revenue":3810.0,"margin":48.5,"avg_discount":60.0},{"deal_name":"Veterans - 10% Off","times_used":86,"units":98.0,"revenue":4148.999876976013,"discounts":461.00000977516174,"cost":1720.0249999994412,"profit":2428.9750385284424,"pre_discount_revenue":4610.0,"margin":58.5,"avg_discount":20.0},{"deal_name":"Jackpot - Locals 30% Off","times_used":82,"units":110.0,"revenue":2572.499933242798,"discounts":1112.4999856948853,"cost":1292.5,"profit":1280.0000143051147,"pre_discount_revenue":3685.0,"margin":49.8,"avg_discount":60.4},{"deal_name":"Employee 30% - NOT FRIDAYS","times_used":68,"units":73.0,"revenue":2385.1624661684036,"discounts":1078.4874856472015,"cost":1293.75,"profit":1091.4125096797943,"pre_discount_revenue":3463.650016784668,"margin":45.8,"avg_discount":62.2},{"deal_name":"Senior / Veterans - 20% Off","times_used":68,"units":81.0,"revenue":3108.13756108284,"discounts":835.6125164031982,"cost":1483.75,"profit":1624.387550354004,"pre_discount_revenue":3943.75,"margin":52.3,"avg_discount":42.4},{"deal_name":"35% Off Special","times_used":64,"units":71.0,"revenue":1652.6625221967697,"discounts":938.5874795913696,"cost":926.25,"profit":726.4125216007233,"pre_discount_revenue":2591.25,"margin":44.0,"avg_discount":72.4},{"deal_name":"Employee - 40% OFF","times_used":28,"units":36.0,"revenue":1046.9749879837036,"discounts":698.0000114440918,"cost":655.0,"profit":391.9749879837036,"pre_discount_revenue":1744.975004196167,"margin":37.4,"avg_discount":80.0},{"deal_name":"LVAC - 25% Off","times_used":22,"units":30.0,"revenue":1104.325008392334,"discounts":368.125,"cost":552.5,"profit":551.8249988555908,"pre_discount_revenue":1472.450008392334,"margin":50.0,"avg_discount":50.0},{"deal_name":"Main St Happy Hour - 25% Off","times_used":14,"units":16.0,"revenue":457.5,"discounts":152.5,"cost":220.0,"profit":237.5,"pre_discount_revenue":610.0,"margin":51.9,"avg_discount":50.0},{"deal_name":"Store Credit - $25","times_used":12,"units":17.0,"revenue":552.3624920845032,"discounts":303.88749837875366,"cost":323.75,"profit":228.61249804496765,"pre_discount_revenue":856.25,"margin":41.4,"avg_discount":71.0},{"deal_name":"Store Credit - $15","times_used":8,"units":8.0,"revenue":64.375,"discounts":55.625,"cost":30.0,"profit":34.375,"pre_discount_revenue":120.0,"margin":53.4,"avg_discount":92.8},{"deal_name":"Store Credit - $100","times_used":6,"units":3.0,"revenue":31.112500429153442,"discounts":152.63750076293945,"cost":71.25,"profit":-40.13750106096268,"pre_discount_revenue":183.75,"margin":-129.0,"avg_discount":166.2},{"deal_name":"Store Credit - $50","times_used":6,"units":5.0,"revenue":196.5375053882599,"discounts":109.71250057220459,"cost":118.75,"profit":77.78750032186508,"pre_discount_revenue":306.25,"margin":39.6,"avg_discount":71.6},{"deal_name":"Sammy Davis Early Bird - 15% Off","times_used":6,"units":6.0,"revenue":72.24999904632568,"discounts":12.749999761581421,"cost":22.5,"profit":49.749999046325684,"pre_discount_revenue":85.0,"margin":68.9,"avg_discount":30.0},{"deal_name":"Neighborhood / ShareDowntown - 15%","times_used":4,"units":4.0,"revenue":208.25000762939453,"discounts":36.74999952316284,"cost":95.0,"profit":113.24999809265137,"pre_discount_revenue":245.0,"margin":54.4,"avg_discount":30.0},{"deal_name":"Store Credit - $75","times_used":4,"units":3.0,"revenue":77.76250004768372,"discounts":105.98750114440918,"cost":71.25,"profit":6.51249885559082,"pre_discount_revenue":183.75,"margin":8.4,"avg_discount":115.4},{"deal_name":"Store Credit - $150","times_used":2,"units":4.0,"revenue":95.0,"discounts":150.0,"cost":95.0,"profit":0.0,"pre_discount_revenue":245.0,"margin":0.0,"avg_discount":122.4}],"top_products":[{"product":"STRAW PAPAYA HEAVY EIGHTH - GSB","units":1120,"revenue":60271.572265625,"cost":26600.0,"profit":33671.57470703125,"transactions":1022,"margin":55.900001525878906},{"product":"SKUNKY MONKEY HEAVY EIGHTH - GSB","units":696,"revenue":37455.10009765625,"cost":16530.0,"profit":20925.10009765625,"transactions":672,"margin":55.900001525878906},{"product":"BLURAZZ HEAVY EIGHTH - GSB","units":540,"revenue":29664.150390625,"cost":12825.0,"profit":16839.150390625,"transactions":520,"margin":56.79999923706055},{"product":"DOLCE & BANANA HEAVY EIGHTH - GSB","units":356,"revenue":18888.44970703125,"cost":8455.0,"profit":10433.44970703125,"transactions":336,"margin":55.20000076293945},{"product":"BLUE SLUSHIE HEAVY EIGHTH - GSB","units":396,"revenue":18765.499267578125,"cost":9405.0,"profit":9360.499877929688,"transactions":360,"margin":49.900001525878906},{"product":"BANANA BREAD HEAVY EIGHTH - GSB","units":194,"revenue":9702.000122070312,"cost":4607.5,"profit":5094.5001220703125,"transactions":182,"margin":52.5},{"product":"BANANA RUNTZ HEAVY EIGHTH - GSB","units":184,"revenue":8903.049926757812,"cost":4370.0,"profit":4533.0499267578125,"transactions":172,"margin":50.900001525878906},{"product":"GOLDEN STATE BANANA HEAVY EIGHTH - GSB","units":146,"revenue":7882.874755859375,"cost":3467.5,"profit":4415.375061035156,"transactions":136,"margin":56.0},{"product":"SKUNKY MONKEY PRE ROLL - GSB","units":384,"revenue":5219.0496826171875,"cost":1440.0,"profit":3779.0499877929688,"transactions":326,"margin":72.4000015258789},{"product":"DOLCE & BANANA PRE ROLL - GSB","units":372,"revenue":4911.1248779296875,"cost":1155.8000183105469,"profit":3755.3250122070312,"transactions":350,"margin":76.5},{"product":"BANANA RUNTZ PRE ROLL - GSB","units":190,"revenue":2293.000030517578,"cost":712.5,"profit":1580.5000305175781,"transactions":158,"margin":68.9000015258789},{"product":"STRAW PAPAYA PRE ROLL - GSB","units":188,"revenue":2208.9999389648438,"cost":705.0,"profit":1503.9999389648438,"transactions":140,"margin":68.0999984741211},{"product":"GOLDEN STATE BANANA PRE ROLL - GSB","units":118,"revenue":1617.1749877929688,"cost":442.5,"profit":1174.6749877929688,"transactions":108,"margin":72.5999984741211},{"product":"BANANA Z PRE ROLL - GSB","units":100,"revenue":1185.625,"cost":375.0,"profit":810.625,"transactions":92,"margin":68.4000015258789},{"product":"BLUE SLUSHIE PRE ROLL - GSB","units":100,"revenue":834.4999694824219,"cost":375.0,"profit":459.50000762939453,"transactions":92,"margin":55.099998474121094}],"products_by_store":{"Elevation Springs":[{"product":"STRAW PAPAYA HEAVY EIGHTH - GSB","units":190,"revenue":9933.499755859375,"cost":4512.5,"profit":5420.999755859375,"transactions":180,"margin":54.599998474121094},{"product":"SKUNKY MONKEY HEAVY EIGHTH - GSB","units":128,"revenue":6810.999755859375,"cost":3040.0,"profit":3771.0000610351562,"transactions":126,"margin":55.400001525878906},{"product":"BLURAZZ HEAVY EIGHTH - GSB","units":128,"revenue":6694.1497802734375,"cost":3040.0,"profit":3654.1500854492188,"transactions":124,"margin":54.599998474121094},{"product":"BANANA BREAD HEAVY EIGHTH - GSB","units":104,"revenue":5402.249755859375,"cost":2470.0,"profit":2932.2500610351562,"transactions":100,"margin":54.29999923706055},{"product":"GOLDEN STATE BANANA HEAVY EIGHTH - GSB","units":84,"revenue":4624.375,"cost":1995.0,"profit":2629.375,"transactions":78,"margin":56.900001525878906},{"product":"BLUE SLUSHIE HEAVY EIGHTH - GSB","units":88,"revenue":4426.875,"cost":2090.0,"profit":2336.875,"transactions":86,"margin":52.79999923706055},{"product":"DOLCE & BANANA HEAVY EIGHTH - GSB","units":64,"revenue":3520.3750610351562,"cost":1520.0,"profit":2000.3750610351562,"transactions":62,"margin":56.79999923706055},{"product":"BANANA RUNTZ HEAVY EIGHTH - GSB","units":68,"revenue":2864.4500732421875,"cost":1615.0,"profit":1249.4499969482422,"transactions":64,"margin":43.599998474121094},{"product":"SKUNKY MONKEY PRE ROLL - GSB","units":64,"revenue":941.9999694824219,"cost":240.0,"profit":701.9999694824219,"transactions":60,"margin":74.5},{"product":"DOLCE & BANANA PRE ROLL - GSB","units":64,"revenue":929.4999694824219,"cost":240.0,"profit":689.4999694824219,"transactions":60,"margin":74.19999694824219},{"product":"STRAW PAPAYA PRE ROLL - GSB","units":64,"revenue":871.5000152587891,"cost":240.0,"profit":631.5000152587891,"transactions":34,"margin":72.5},{"product":"BANANA RUNTZ PRE ROLL - GSB","units":64,"revenue":812.9999542236328,"cost":240.0,"profit":572.9999923706055,"transactions":44,"margin":70.5}],"Elevation Mesa":[{"product":"STRAW PAPAYA HEAVY EIGHTH - GSB","units":228,"revenue":11822.149658203125,"cost":5415.0,"profit":6407.1502685546875,"transactions":218,"margin":54.20000076293945},{"product":"SKUNKY MONKEY HEAVY EIGHTH - GSB","units":126,"revenue":6633.275146484375,"cost":2992.5,"profit":3640.775146484375,"transactions":122,"margin":54.900001525878906},{"product":"BLUE SLUSHIE HEAVY EIGHTH - GSB","units":100,"revenue":5273.6248779296875,"cost":2375.0,"profit":2898.6248779296875,"transactions":100,"margin":55.0},{"product":"DOLCE & BANANA HEAVY EIGHTH - GSB","units":104,"revenue":5007.39990234375,"cost":2470.0,"profit":2537.4000549316406,"transactions":98,"margin":50.70000076293945},{"product":"BANANA BREAD HEAVY EIGHTH - GSB","units":90,"revenue":4299.750061035156,"cost":2137.5,"profit":2162.2500610351562,"transactions":82,"margin":50.29999923706055},{"product":"GOLDEN STATE BANANA HEAVY EIGHTH - GSB","units":62,"revenue":3258.5000610351562,"cost":1472.5,"profit":1786.0000610351562,"transactions":58,"margin":54.79999923706055},{"product":"SKUNKY MONKEY PRE ROLL - GSB","units":64,"revenue":890.5000305175781,"cost":240.0,"profit":650.5000305175781,"transactions":54,"margin":73.0},{"product":"BANANA RUNTZ PRE ROLL - GSB","units":62,"revenue":879.4999694824219,"cost":232.5,"profit":646.9999694824219,"transactions":56,"margin":73.5999984741211},{"product":"DOLCE & BANANA PRE ROLL - GSB","units":64,"revenue":752.5,"cost":0.7999999821186066,"profit":751.6999816894531,"transactions":62,"margin":99.9000015258789},{"product":"STRAW PAPAYA PRE ROLL - GSB","units":60,"revenue":682.5,"cost":225.0,"profit":457.5,"transactions":58,"margin":67.0}],"Elevation Oasis":[{"product":"STRAW PAPAYA HEAVY EIGHTH - GSB","units":252,"revenue":14416.949462890625,"cost":5985.0,"profit":8431.950073242188,"transactions":204,"margin":58.5},{"product":"BLURAZZ HEAVY EIGHTH - GSB","units":128,"revenue":7460.250244140625,"cost":3040.0,"profit":4420.249938964844,"transactions":122,"margin":59.29999923706055},{"product":"SKUNKY MONKEY HEAVY EIGHTH - GSB","units":128,"revenue":7178.499755859375,"cost":3040.0,"profit":4138.500061035156,"transactions":120,"margin":57.70000076293945},{"product":"BLUE SLUSHIE HEAVY EIGHTH - GSB","units":126,"revenue":5034.750061035156,"cost":2992.5,"profit":2042.2499084472656,"transactions":100,"margin":40.599998474121094},{"product":"BANANA RUNTZ HEAVY EIGHTH - GSB","units":22,"revenue":1279.3000030517578,"cost":522.5,"profit":756.8000030517578,"transactions":22,"margin":59.20000076293945},{"product":"DOLCE & BANANA PRE ROLL - GSB","units":64,"revenue":875.9999847412109,"cost":240.0,"profit":635.9999847412109,"transactions":62,"margin":72.5999984741211},{"product":"SKUNKY MONKEY PRE ROLL - GSB","units":64,"revenue":713.0500030517578,"cost":240.0,"profit":473.0500030517578,"transactions":40,"margin":66.30000305175781},{"product":"STRAW PAPAYA PRE ROLL - GSB","units":64,"revenue":655.0,"cost":240.0,"profit":415.0,"transactions":48,"margin":63.400001525878906},{"product":"BANANA RUNTZ PRE ROLL - GSB","units":64,"revenue":600.4999923706055,"cost":240.0,"profit":360.49999237060547,"transactions":58,"margin":60.0}],"Elevation Downtown":[{"product":"STRAW PAPAYA HEAVY EIGHTH - GSB","units":80,"revenue":4532.5,"cost":1900.0,"profit":2632.5,"transactions":78,"margin":58.099998474121094},{"product":"DOLCE & BANANA HEAVY EIGHTH - GSB","units":64,"revenue":3791.3751220703125,"cost":1520.0,"profit":2271.374969482422,"transactions":64,"margin":59.900001525878906},{"product":"SKUNKY MONKEY HEAVY EIGHTH - GSB","units":64,"revenue":3589.2498779296875,"cost":1520.0,"profit":2069.250030517578,"transactions":62,"margin":57.70000076293945},{"product":"BLURAZZ HEAVY EIGHTH - GSB","units":60,"revenue":3460.625,"cost":1425.0,"profit":2035.625,"transactions":60,"margin":58.79999923706055},{"product":"BLUE SLUSHIE HEAVY EIGHTH - GSB","units":38,"revenue":1592.5,"cost":902.5,"profit":690.0,"transactions":36,"margin":43.29999923706055},{"product":"SKUNKY MONKEY PRE ROLL - GSB","units":64,"revenue":855.0,"cost":240.0,"profit":615.0,"transactions":60,"margin":71.9000015258789},{"product":"GOLDEN STATE BANANA PRE ROLL - GSB","units":50,"revenue":655.9999847412109,"cost":187.5,"profit":468.49998474121094,"transactions":50,"margin":71.4000015258789}],"Elevation Midtown":[{"product":"STRAW PAPAYA HEAVY EIGHTH - GSB","units":184,"revenue":9916.425170898438,"cost":4370.0,"profit":5546.4251708984375,"transactions":156,"margin":55.900001525878906},{"product":"BLURAZZ HEAVY EIGHTH - GSB","units":122,"revenue":6842.3248291015625,"cost":2897.5,"profit":3944.8251342773438,"transactions":112,"margin":57.70000076293945},{"product":"SKUNKY MONKEY HEAVY EIGHTH - GSB","units":126,"revenue":6704.6746826171875,"cost":2992.5,"profit":3712.1749877929688,"transactions":120,"margin":55.400001525878906},{"product":"DOLCE & BANANA HEAVY EIGHTH - GSB","units":62,"revenue":3433.6749267578125,"cost":1472.5,"profit":1961.1750793457031,"transactions":56,"margin":57.099998474121094},{"product":"BANANA RUNTZ HEAVY EIGHTH - GSB","units":48,"revenue":2465.9249877929688,"cost":1140.0,"profit":1325.9249877929688,"transactions":42,"margin":53.79999923706055},{"product":"BLUE SLUSHIE HEAVY EIGHTH - GSB","units":44,"revenue":2437.7499389648438,"cost":1045.0,"profit":1392.7499389648438,"transactions":38,"margin":57.099998474121094},{"product":"GOLDEN STATE BANANA PRE ROLL - GSB","units":68,"revenue":961.1750030517578,"cost":255.0,"profit":706.1750030517578,"transactions":58,"margin":73.5},{"product":"SKUNKY MONKEY PRE ROLL - GSB","units":64,"revenue":909.0000152587891,"cost":240.0,"profit":669.0000152587891,"transactions":54,"margin":73.5999984741211},{"product":"DOLCE & BANANA PRE ROLL - GSB","units":60,"revenue":851.9999694824219,"cost":225.0,"profit":627.0000076293945,"transactions":58,"margin":73.5999984741211}],"Elevation Boulevard":[{"product":"STRAW PAPAYA HEAVY EIGHTH - GSB","units":126,"revenue":6403.800048828125,"cost":2992.5,"profit":3411.300048828125,"transactions":126,"margin":53.29999923706055},{"product":"BLURAZZ HEAVY EIGHTH - GSB","units":62,"revenue":3200.2999877929688,"cost":1472.5,"profit":1727.7999877929688,"transactions":62,"margin":54.0},{"product":"DOLCE & BANANA HEAVY EIGHTH - GSB","units":62,"revenue":3135.625,"cost":1472.5,"profit":1663.125,"transactions":56,"margin":53.0},{"product":"SKUNKY MONKEY HEAVY EIGHTH - GSB","units":60,"revenue":3065.5252075195312,"cost":1425.0,"profit":1640.5250549316406,"transactions":60,"margin":53.5},{"product":"BANANA RUNTZ HEAVY EIGHTH - GSB","units":26,"revenue":1304.6249389648438,"cost":617.5,"profit":687.1250152587891,"transactions":26,"margin":52.70000076293945},{"product":"BANANA Z PRE ROLL - GSB","units":100,"revenue":1185.625,"cost":375.0,"profit":810.625,"transactions":92,"margin":68.4000015258789},{"product":"BLUE SLUSHIE PRE ROLL - GSB","units":100,"revenue":834.4999694824219,"cost":375.0,"profit":459.50000762939453,"transactions":92,"margin":55.099998474121094},{"product":"DOLCE & BANANA PRE ROLL - GSB","units":60,"revenue":789.1249847412109,"cost":225.0,"profit":564.1249847412109,"transactions":54,"margin":71.5}],"Elevation Parkway":[{"product":"SKUNKY MONKEY HEAVY EIGHTH - GSB","units":64,"revenue":3472.8750610351562,"cost":1520.0,"profit":1952.8750610351562,"transactions":62,"margin":56.20000076293945},{"product":"STRAW PAPAYA HEAVY EIGHTH - GSB","units":60,"revenue":3246.25,"cost":1425.0,"profit":1821.25,"transactions":60,"margin":56.099998474121094},{"product":"BLURAZZ HEAVY EIGHTH - GSB","units":40,"revenue":2006.4999389648438,"cost":950.0,"profit":1056.500015258789,"transactions":40,"margin":52.70000076293945},{"product":"BANANA RUNTZ HEAVY EIGHTH - GSB","units":20,"revenue":988.75,"cost":475.0,"profit":513.75,"transactions":18,"margin":52.0},{"product":"SKUNKY MONKEY PRE ROLL - GSB","units":64,"revenue":909.4999694824219,"cost":240.0,"profit":669.4999694824219,"transactions":58,"margin":73.5999984741211},{"product":"DOLCE & BANANA PRE ROLL - GSB","units":60,"revenue":711.9999694824219,"cost":225.0,"profit":487.00000762939453,"transactions":54,"margin":68.4000015258789}]},"store_summary":[{"store_clean":"Elevation Springs","units":1110,"revenue":47832.9736328125,"cost":21242.5,"profit":26590.47607421875,"discounts":8314.525146484375,"margin":55.599998474121094,"discount_rate":14.800000190734863},{"store_clean":"Elevation Mesa","units":960,"revenue":39499.69970703125,"cost":17560.799560546875,"profit":21938.89892578125,"discounts":7517.7996826171875,"margin":55.5,"discount_rate":16.0},{"store_clean":"Elevation Oasis","units":912,"revenue":38214.29931640625,"cost":16540.0,"profit":21674.29931640625,"discounts":5805.7000732421875,"margin":56.70000076293945,"discount_rate":13.199999809265137},{"store_clean":"Elevation Midtown","units":778,"revenue":34522.94921875,"cost":14637.5,"profit":19885.450439453125,"discounts":4249.549865722656,"margin":57.599998474121094,"discount_rate":11.0},{"store_clean":"Elevation Boulevard","units":596,"revenue":19919.124755859375,"cost":8955.0,"profit":10964.124755859375,"discounts":4716.7999267578125,"margin":55.0,"discount_rate":19.100000381469727},{"store_clean":"Elevation Downtown","units":420,"revenue":18477.249755859375,"cost":7695.0,"profit":10782.249755859375,"discounts":1970.2499389648438,"margin":58.400001525878906,"discount_rate":9.600000381469727},{"store_clean":"Elevation Parkway","units":308,"revenue":11335.875244140625,"cost":4835.0,"profit":6500.875244140625,"discounts":1764.1249084472656,"margin":57.29999923706055,"discount_rate":13.5}],"recommendations":[{"severity":"info","title":"VOLUME LEVERAGE","detail":"$83,921 revenue provides negotiating leverage.","action":"Use volume as leverage in next vendor meeting."}],"comparison":null}