{"brand":"BLUNT WRAP","date_range":"2024-01-01 00:00:00 to 2026-01-31 00:00:00","period_label":"All Time","summary":{"total_units":20,"total_revenue":106.25,"total_cost":41.500000953674316,"total_discounts":18.75,"total_profit":64.74999904632568,"overall_margin":60.900001525878906,"fp_margin":66.80000305175781,"disc_margin":46.900001525878906,"pct_full_price":70.5999984741211,"avg_discount_rate":15.0,"fp_revenue":75.0,"disc_revenue":31.25,"unique_customers":18,"brand":"BLUNT WRAP","date_range":"2024-01-01 00:00:00 to 2026-01-31 00:00:00","months_count":8,"avg_monthly_cost":10.375,"cost_per_unit":4.1499999999999995,"primary_category":"ACCESSORY","primary_cat_margin":61.099998474121094,"category_rank":116,"category_total":136,"margin_vs_category":-0.20000000298023224,"velocity_rank":86},"category_breakdown":[{"category_clean":"ACCESSORY","units":20,"revenue":106.25,"cost":41.500000953674316,"profit":64.74999904632568,"discounts":18.75,"margin":60.900001525878906,"category_avg_margin":61.099998474121094,"vs_category":-0.2,"rank":116.0,"total_brands":136.0}],"trend":[{"period":"2025-06","revenue":50.0,"cost":20.750000476837158,"margin":58.5,"units":10,"transactions":10,"profit":29.249999523162842,"revenue_change_pct":null,"units_change_pct":null,"margin_change_pts":null},{"period":"2025-07","revenue":33.75,"cost":12.450000047683716,"margin":63.1,"units":6,"transactions":6,"profit":21.29999876022339,"revenue_change_pct":-32.5,"units_change_pct":-40.0,"margin_change_pts":4.6},{"period":"2025-08","revenue":12.5,"cost":4.149999916553497,"margin":66.8,"units":2,"transactions":2,"profit":8.349999785423279,"revenue_change_pct":-63.0,"units_change_pct":-66.7,"margin_change_pts":3.7},{"period":"2025-11","revenue":10.0,"cost":4.149999916553497,"margin":58.5,"units":2,"transactions":2,"profit":5.849999785423279,"revenue_change_pct":-20.0,"units_change_pct":0,"margin_change_pts":-8.3}],"share_of_category":[{"category":"ACCESSORY","brand_revenue":106.25,"category_revenue":4128754.0625,"revenue_share_pct":0.0,"brand_units":20,"category_units":2130096,"units_share_pct":0.0}],"share_of_category_trend":{"ACCESSORY":[{"period":"2024-01","brand_revenue":0.0,"category_revenue":153543.9453125,"share_pct":0.0},{"period":"2024-02","brand_revenue":0.0,"category_revenue":152399.47265625,"share_pct":0.0},{"period":"2024-03","brand_revenue":0.0,"category_revenue":154678.876953125,"share_pct":0.0},{"period":"2024-04","brand_revenue":0.0,"category_revenue":163353.65234375,"share_pct":0.0},{"period":"2024-05","brand_revenue":0.0,"category_revenue":179676.4453125,"share_pct":0.0},{"period":"2024-06","brand_revenue":0.0,"category_revenue":185008.828125,"share_pct":0.0},{"period":"2024-07","brand_revenue":0.0,"category_revenue":186675.46875,"share_pct":0.0},{"period":"2024-08","brand_revenue":0.0,"category_revenue":180226.328125,"share_pct":0.0},{"period":"2024-09","brand_revenue":0.0,"category_revenue":162386.298828125,"share_pct":0.0},{"period":"2024-10","brand_revenue":0.0,"category_revenue":166088.73046875,"share_pct":0.0},{"period":"2024-11","brand_revenue":0.0,"category_revenue":171706.09375,"share_pct":0.0},{"period":"2024-12","brand_revenue":0.0,"category_revenue":176502.03125,"share_pct":0.0},{"period":"2025-01","brand_revenue":0.0,"category_revenue":167261.34765625,"share_pct":0.0},{"period":"2025-02","brand_revenue":0.0,"category_revenue":155260.927734375,"share_pct":0.0},{"period":"2025-03","brand_revenue":0.0,"category_revenue":176420.390625,"share_pct":0.0},{"period":"2025-04","brand_revenue":0.0,"category_revenue":182694.82421875,"share_pct":0.0},{"period":"2025-05","brand_revenue":0.0,"category_revenue":179904.4921875,"share_pct":0.0},{"period":"2025-06","brand_revenue":50.0,"category_revenue":161148.75,"share_pct":0.0},{"period":"2025-07","brand_revenue":33.75,"category_revenue":165549.8046875,"share_pct":0.0},{"period":"2025-08","brand_revenue":12.5,"category_revenue":171752.05078125,"share_pct":0.0},{"period":"2025-09","brand_revenue":0.0,"category_revenue":168198.9453125,"share_pct":0.0},{"period":"2025-10","brand_revenue":0.0,"category_revenue":171844.55078125,"share_pct":0.0},{"period":"2025-11","brand_revenue":10.0,"category_revenue":172839.74609375,"share_pct":0.0},{"period":"2025-12","brand_revenue":0.0,"category_revenue":141954.873046875,"share_pct":0.0},{"period":"2026-01","brand_revenue":0.0,"category_revenue":81677.1484375,"share_pct":0.0}]},"discount_depth":[{"tier":"0% (Full Price)","transactions":12,"pct_of_transactions":60.0,"revenue":75.0,"avg_discount":0.0},{"tier":"1-10%","transactions":0,"pct_of_transactions":0.0,"revenue":0.0,"avg_discount":0},{"tier":"11-20%","transactions":2,"pct_of_transactions":10.0,"revenue":10.0,"avg_discount":40.0},{"tier":"21-30%","transactions":0,"pct_of_transactions":0.0,"revenue":0.0,"avg_discount":0},{"tier":"31%+","transactions":4,"pct_of_transactions":20.0,"revenue":12.5,"avg_discount":100.0}],"velocity":{"units_per_day":0.14,"revenue_per_day":0.7500000298023224,"avg_units_per_txn":2.0,"days_of_data":143,"total_units":20,"total_transactions":20},"velocity_by_category":[{"category":"ACCESSORY","brand_units_per_day":0.02,"category_avg_units_per_day":20.56,"velocity_index":0.1,"brand_rev_per_unit":4.25,"category_rev_per_unit":1.55,"brands_in_category":136}],"deals":[{"deal_name":"Employee 30% - NOT FRIDAYS","times_used":2,"units":2.0,"revenue":8.75,"discounts":3.75,"cost":4.149999916553497,"profit":4.600000083446503,"pre_discount_revenue":12.5,"margin":52.6,"avg_discount":60.0}],"top_products":[{"product":"THE ORIGINAL BLUNT WRAPS + CBD 4 PK","units":20,"revenue":106.25,"cost":41.500000953674316,"profit":64.74999904632568,"transactions":20,"margin":60.900001525878906}],"products_by_store":{"Elevation Oasis":[{"product":"THE ORIGINAL BLUNT WRAPS + CBD 4 PK","units":20,"revenue":106.25,"cost":41.500000953674316,"profit":64.74999904632568,"transactions":20,"margin":60.900001525878906}]},"store_summary":[{"store_clean":"Elevation Oasis","units":20,"revenue":106.25,"cost":41.500000953674316,"profit":64.74999904632568,"discounts":18.75,"margin":60.900001525878906,"discount_rate":15.0}],"recommendations":[],"comparison":null}