{"brand":"MJ ARSENAL","date_range":"2024-01-01 00:00:00 to 2026-01-31 00:00:00","period_label":"All Time","summary":{"total_units":78,"total_revenue":3581.2249755859375,"total_cost":1244.0248107910156,"total_discounts":306.2750053405762,"total_profit":2337.200164794922,"overall_margin":65.30000305175781,"fp_margin":68.19999694824219,"disc_margin":59.79999923706055,"pct_full_price":65.30000305175781,"avg_discount_rate":7.900000095367432,"fp_revenue":2337.5,"disc_revenue":1243.7249755859375,"unique_customers":72,"brand":"MJ ARSENAL","date_range":"2024-01-01 00:00:00 to 2026-01-31 00:00:00","months_count":26,"avg_monthly_cost":95.7,"cost_per_unit":31.9,"primary_category":"ACCESSORY","primary_cat_margin":61.099998474121094,"category_rank":28,"category_total":136,"margin_vs_category":4.199999809265137,"velocity_rank":48},"category_breakdown":[{"category_clean":"ACCESSORY","units":64,"revenue":3072.5,"cost":1044.1999816894531,"profit":2028.3000183105469,"discounts":215.0,"margin":66.0,"category_avg_margin":61.099998474121094,"vs_category":4.9,"rank":28.0,"total_brands":136.0},{"category_clean":"PIPE","units":8,"revenue":388.75,"cost":139.89999771118164,"profit":248.85000228881836,"discounts":61.25,"margin":64.0,"category_avg_margin":58.70000076293945,"vs_category":5.3,"rank":3.0,"total_brands":3.0}],"trend":[{"period":"2024-06","revenue":69.97499942779541,"cost":39.94999885559082,"margin":42.9,"units":4,"transactions":4,"profit":30.02500057220459,"revenue_change_pct":null,"units_change_pct":null,"margin_change_pts":null},{"period":"2024-07","revenue":50.0,"cost":19.97499942779541,"margin":60.1,"units":2,"transactions":2,"profit":30.02500057220459,"revenue_change_pct":-28.5,"units_change_pct":-50.0,"margin_change_pts":17.1},{"period":"2025-01","revenue":438.75,"cost":139.89999771118164,"margin":68.1,"units":8,"transactions":6,"profit":298.85000228881836,"revenue_change_pct":777.5,"units_change_pct":300.0,"margin_change_pts":8.1},{"period":"2025-02","revenue":393.75,"cost":139.89999771118164,"margin":64.5,"units":8,"transactions":8,"profit":253.85000228881836,"revenue_change_pct":-10.3,"units_change_pct":0,"margin_change_pts":-3.6},{"period":"2025-03","revenue":500.0,"cost":179.85000610351562,"margin":64.0,"units":12,"transactions":12,"profit":320.1499938964844,"revenue_change_pct":27.0,"units_change_pct":50.0,"margin_change_pts":-0.4},{"period":"2025-04","revenue":446.25,"cost":164.85000610351562,"margin":63.1,"units":12,"transactions":12,"profit":281.3999938964844,"revenue_change_pct":-10.8,"units_change_pct":0,"margin_change_pts":-1.0},{"period":"2025-05","revenue":287.5,"cost":104.92500305175781,"margin":63.5,"units":6,"transactions":6,"profit":182.5749969482422,"revenue_change_pct":-35.6,"units_change_pct":-50.0,"margin_change_pts":0.4},{"period":"2025-06","revenue":405.0,"cost":139.89999771118164,"margin":65.5,"units":8,"transactions":8,"profit":265.10000228881836,"revenue_change_pct":40.9,"units_change_pct":33.3,"margin_change_pts":2.0},{"period":"2025-07","revenue":112.5,"cost":34.97499942779541,"margin":68.9,"units":2,"transactions":2,"profit":77.52500057220459,"revenue_change_pct":-72.2,"units_change_pct":-75.0,"margin_change_pts":3.5},{"period":"2025-08","revenue":213.75,"cost":69.94999885559082,"margin":67.3,"units":4,"transactions":4,"profit":143.80000114440918,"revenue_change_pct":90.0,"units_change_pct":100.0,"margin_change_pts":-1.6},{"period":"2025-10","revenue":438.75,"cost":139.89999771118164,"margin":68.1,"units":8,"transactions":8,"profit":298.85000228881836,"revenue_change_pct":105.3,"units_change_pct":100.0,"margin_change_pts":0.8},{"period":"2025-11","revenue":112.5,"cost":34.97499942779541,"margin":68.9,"units":2,"transactions":2,"profit":77.52500057220459,"revenue_change_pct":-74.4,"units_change_pct":-75.0,"margin_change_pts":0.8},{"period":"2026-01","revenue":112.5,"cost":34.97499942779541,"margin":68.9,"units":2,"transactions":2,"profit":77.52500057220459,"revenue_change_pct":0,"units_change_pct":0,"margin_change_pts":0.0}],"share_of_category":[{"category":"ACCESSORY","brand_revenue":3072.5,"category_revenue":4128754.0625,"revenue_share_pct":0.10000000149011612,"brand_units":64,"category_units":2130096,"units_share_pct":0.0},{"category":"PIPE","brand_revenue":388.75,"category_revenue":1313.75,"revenue_share_pct":29.600000381469727,"brand_units":8,"category_units":22,"units_share_pct":36.4},{"category":0.0,"brand_revenue":0.0,"category_revenue":0.0,"revenue_share_pct":0.0,"brand_units":0,"category_units":0,"units_share_pct":0.0}],"share_of_category_trend":{"ACCESSORY":[{"period":"2024-01","brand_revenue":0.0,"category_revenue":153543.9453125,"share_pct":0.0},{"period":"2024-02","brand_revenue":0.0,"category_revenue":152399.47265625,"share_pct":0.0},{"period":"2024-03","brand_revenue":0.0,"category_revenue":154678.876953125,"share_pct":0.0},{"period":"2024-04","brand_revenue":0.0,"category_revenue":163353.65234375,"share_pct":0.0},{"period":"2024-05","brand_revenue":0.0,"category_revenue":179676.4453125,"share_pct":0.0},{"period":"2024-06","brand_revenue":0.0,"category_revenue":185008.828125,"share_pct":0.0},{"period":"2024-07","brand_revenue":0.0,"category_revenue":186675.46875,"share_pct":0.0},{"period":"2024-08","brand_revenue":0.0,"category_revenue":180226.328125,"share_pct":0.0},{"period":"2024-09","brand_revenue":0.0,"category_revenue":162386.298828125,"share_pct":0.0},{"period":"2024-10","brand_revenue":0.0,"category_revenue":166088.73046875,"share_pct":0.0},{"period":"2024-11","brand_revenue":0.0,"category_revenue":171706.09375,"share_pct":0.0},{"period":"2024-12","brand_revenue":0.0,"category_revenue":176502.03125,"share_pct":0.0},{"period":"2025-01","brand_revenue":438.75,"category_revenue":167261.34765625,"share_pct":0.30000001192092896},{"period":"2025-02","brand_revenue":393.75,"category_revenue":155260.927734375,"share_pct":0.30000001192092896},{"period":"2025-03","brand_revenue":500.0,"category_revenue":176420.390625,"share_pct":0.30000001192092896},{"period":"2025-04","brand_revenue":446.25,"category_revenue":182694.82421875,"share_pct":0.20000000298023224},{"period":"2025-05","brand_revenue":112.5,"category_revenue":179904.4921875,"share_pct":0.10000000149011612},{"period":"2025-06","brand_revenue":405.0,"category_revenue":161148.75,"share_pct":0.30000001192092896},{"period":"2025-07","brand_revenue":112.5,"category_revenue":165549.8046875,"share_pct":0.10000000149011612},{"period":"2025-08","brand_revenue":0.0,"category_revenue":171752.05078125,"share_pct":0.0},{"period":"2025-09","brand_revenue":0.0,"category_revenue":168198.9453125,"share_pct":0.0},{"period":"2025-10","brand_revenue":438.75,"category_revenue":171844.55078125,"share_pct":0.30000001192092896},{"period":"2025-11","brand_revenue":112.5,"category_revenue":172839.74609375,"share_pct":0.10000000149011612},{"period":"2025-12","brand_revenue":0.0,"category_revenue":141954.873046875,"share_pct":0.0},{"period":"2026-01","brand_revenue":112.5,"category_revenue":81677.1484375,"share_pct":0.10000000149011612}],"PIPE":[{"period":"2025-03","brand_revenue":0.0,"category_revenue":461.25,"share_pct":0.0},{"period":"2025-05","brand_revenue":175.0,"category_revenue":306.25,"share_pct":57.099998474121094},{"period":"2025-08","brand_revenue":213.75,"category_revenue":213.75,"share_pct":100.0},{"period":"2025-09","brand_revenue":0.0,"category_revenue":87.5,"share_pct":0.0},{"period":"2025-10","brand_revenue":0.0,"category_revenue":245.0,"share_pct":0.0}]},"discount_depth":[{"tier":"0% (Full Price)","transactions":46,"pct_of_transactions":59.0,"revenue":2337.5,"avg_discount":0.0},{"tier":"1-10%","transactions":16,"pct_of_transactions":20.5,"revenue":753.75,"avg_discount":20.0},{"tier":"11-20%","transactions":4,"pct_of_transactions":5.1,"revenue":180.0,"avg_discount":40.0},{"tier":"21-30%","transactions":0,"pct_of_transactions":0.0,"revenue":0.0,"avg_discount":0},{"tier":"31%+","transactions":4,"pct_of_transactions":5.1,"revenue":82.47499465942383,"avg_discount":104.4000015258789}],"velocity":{"units_per_day":0.14,"revenue_per_day":6.150000095367432,"avg_units_per_txn":2.06,"days_of_data":582,"total_units":78,"total_transactions":76},"velocity_by_category":[{"category":"PIPE","brand_units_per_day":0.02,"category_avg_units_per_day":0.0,"velocity_index":109.1,"brand_rev_per_unit":38.88,"category_rev_per_unit":47.77,"brands_in_category":3},{"category":"ACCESSORY","brand_units_per_day":0.08,"category_avg_units_per_day":20.56,"velocity_index":0.4,"brand_rev_per_unit":38.41,"category_rev_per_unit":1.55,"brands_in_category":136},{"category":0.0,"brand_units_per_day":0.0,"category_avg_units_per_day":0,"velocity_index":0,"brand_rev_per_unit":0.0,"category_rev_per_unit":0.0,"brands_in_category":0}],"deals":[{"deal_name":"Senior - 10% Off","times_used":6,"units":6.0,"revenue":303.75,"discounts":33.75,"cost":104.92499828338623,"profit":198.82500171661377,"pre_discount_revenue":337.5,"margin":65.5,"avg_discount":20.0},{"deal_name":"Employee 30% - NOT FRIDAYS","times_used":4,"units":4.0,"revenue":113.75,"discounts":48.75,"cost":54.94999885559082,"profit":58.80000114440918,"pre_discount_revenue":162.5,"margin":51.7,"avg_discount":60.0},{"deal_name":"Industry - 30% Off","times_used":2,"units":2.0,"revenue":35.0,"discounts":15.0,"cost":19.97499942779541,"profit":15.02500057220459,"pre_discount_revenue":50.0,"margin":42.9,"avg_discount":60.0},{"deal_name":"Industry 30% Off","times_used":2,"units":2.0,"revenue":78.75,"discounts":33.75,"cost":34.97499942779541,"profit":43.77500057220459,"pre_discount_revenue":112.5,"margin":55.6,"avg_discount":60.0}],"top_products":[{"product":"MJ ARSENAL VULKAN","units":26,"revenue":1361.25,"cost":454.67498779296875,"profit":906.5750122070312,"transactions":26,"margin":66.5999984741211},{"product":"MJ ARSENAL BASIN","units":14,"revenue":753.75,"cost":244.82500076293945,"profit":508.9250183105469,"transactions":14,"margin":67.5},{"product":"MJ Arsenal Fulcrum","units":14,"revenue":742.5,"cost":244.82500076293945,"profit":497.6750183105469,"transactions":14,"margin":67.0},{"product":"MJ ARSENAL BULB","units":8,"revenue":388.75,"cost":139.89999771118164,"profit":248.85000228881836,"transactions":8,"margin":64.0},{"product":"Mj Arsenal Kettle spoon","units":10,"revenue":215.0,"cost":99.87499237060547,"profit":115.12500762939453,"transactions":10,"margin":53.5},{"product":"Deco Spoon Pipe","units":4,"revenue":100.0,"cost":39.94999885559082,"profit":60.05000114440918,"transactions":4,"margin":60.0},{"product":"MJ Arsenal Kickstand","units":2,"revenue":19.97499942779541,"cost":19.97499942779541,"profit":0.0,"transactions":2,"margin":0.0}],"products_by_store":{"Elevation Midtown":[{"product":"MJ ARSENAL VULKAN","units":26,"revenue":1361.25,"cost":454.67498779296875,"profit":906.5750122070312,"transactions":26,"margin":66.5999984741211},{"product":"MJ ARSENAL BASIN","units":14,"revenue":753.75,"cost":244.82500076293945,"profit":508.9250183105469,"transactions":14,"margin":67.5},{"product":"MJ Arsenal Fulcrum","units":14,"revenue":742.5,"cost":244.82500076293945,"profit":497.6750183105469,"transactions":14,"margin":67.0},{"product":"MJ ARSENAL BULB","units":8,"revenue":388.75,"cost":139.89999771118164,"profit":248.85000228881836,"transactions":8,"margin":64.0},{"product":"Mj Arsenal Kettle spoon","units":10,"revenue":215.0,"cost":99.87499237060547,"profit":115.12500762939453,"transactions":10,"margin":53.5},{"product":"Deco Spoon Pipe","units":4,"revenue":100.0,"cost":39.94999885559082,"profit":60.05000114440918,"transactions":4,"margin":60.0},{"product":"MJ Arsenal Kickstand","units":2,"revenue":19.97499942779541,"cost":19.97499942779541,"profit":0.0,"transactions":2,"margin":0.0}]},"store_summary":[{"store_clean":"Elevation Midtown","units":78,"revenue":3581.2249755859375,"cost":1244.0249633789062,"profit":2337.2000122070312,"discounts":306.2750053405762,"margin":65.30000305175781,"discount_rate":7.900000095367432}],"recommendations":[],"comparison":null}