{"brand":"FUZE","date_range":"2024-01-01 00:00:00 to 2026-01-31 00:00:00","period_label":"All Time","summary":{"total_units":1467,"total_revenue":42045.5703125,"total_cost":21111.0,"total_discounts":8015.4296875,"total_profit":20934.5703125,"overall_margin":49.79999923706055,"fp_margin":58.099998474121094,"disc_margin":40.599998474121094,"pct_full_price":52.5,"avg_discount_rate":16.0,"fp_revenue":22057.0,"disc_revenue":19988.5703125,"brand":"FUZE","date_range":"2024-01-01 00:00:00 to 2026-01-31 00:00:00","primary_category":"CONCENTRATE","store_coverage":"6/7","stores_present":["Thrive Cactus","Thrive Cheyenne","Thrive Jackpot","Thrive Reno","Thrive Sahara","Thrive Sammy"],"stores_missing":["Thrive Main Street"],"velocity_rank":13,"velocity_total":27},"distribution":[{"store":"Thrive Cactus","carries_brand":true,"sku_count":6,"revenue":7800.2197265625,"units":287,"store_total_revenue":20455500.0,"brand_share_pct":0.0},{"store":"Thrive Cheyenne","carries_brand":true,"sku_count":6,"revenue":6666.14990234375,"units":242,"store_total_revenue":19012896.0,"brand_share_pct":0.0},{"store":"Thrive Jackpot","carries_brand":true,"sku_count":6,"revenue":9451.310546875,"units":298,"store_total_revenue":22420058.0,"brand_share_pct":0.0},{"store":"Thrive Main Street","carries_brand":false,"sku_count":0,"revenue":0,"units":0,"store_total_revenue":778094.875,"brand_share_pct":0},{"store":"Thrive Reno","carries_brand":true,"sku_count":6,"revenue":5889.2998046875,"units":193,"store_total_revenue":12340074.0,"brand_share_pct":0.0},{"store":"Thrive Sahara","carries_brand":true,"sku_count":6,"revenue":6441.83984375,"units":253,"store_total_revenue":11503146.0,"brand_share_pct":0.10000000149011612},{"store":"Thrive Sammy","carries_brand":true,"sku_count":6,"revenue":5796.75,"units":194,"store_total_revenue":8794803.0,"brand_share_pct":0.10000000149011612}],"share_of_category":[{"category":"CONCENTRATE","brand_revenue":22256.41015625,"category_revenue":3146543.0,"revenue_share_pct":0.699999988079071,"brand_units":789,"category_units":158316,"units_share_pct":0.5},{"category":"CARTRIDGE","brand_revenue":19789.16015625,"category_revenue":18462052.0,"revenue_share_pct":0.10000000149011612,"brand_units":678,"category_units":766448,"units_share_pct":0.1}],"share_of_category_trend":{"CONCENTRATE":[{"period":"2024-01","brand_revenue":70.39999389648438,"category_revenue":140451.84375,"share_pct":0.10000000149011612},{"period":"2024-02","brand_revenue":5291.0498046875,"category_revenue":148489.796875,"share_pct":3.5999999046325684},{"period":"2024-03","brand_revenue":5487.10986328125,"category_revenue":150385.71875,"share_pct":3.5999999046325684},{"period":"2024-04","brand_revenue":4646.16015625,"category_revenue":141098.34375,"share_pct":3.299999952316284},{"period":"2024-05","brand_revenue":4582.43994140625,"category_revenue":138411.0,"share_pct":3.299999952316284},{"period":"2024-06","brand_revenue":1434.050048828125,"category_revenue":124289.359375,"share_pct":1.2000000476837158},{"period":"2024-07","brand_revenue":251.39999389648438,"category_revenue":134488.03125,"share_pct":0.20000000298023224},{"period":"2024-08","brand_revenue":261.0,"category_revenue":129601.6171875,"share_pct":0.20000000298023224},{"period":"2024-09","brand_revenue":163.8000030517578,"category_revenue":130733.671875,"share_pct":0.10000000149011612},{"period":"2024-10","brand_revenue":69.0,"category_revenue":129800.34375,"share_pct":0.10000000149011612},{"period":"2024-11","brand_revenue":0.0,"category_revenue":140496.015625,"share_pct":0.0},{"period":"2024-12","brand_revenue":0.0,"category_revenue":129658.171875,"share_pct":0.0},{"period":"2025-01","brand_revenue":0.0,"category_revenue":130299.6796875,"share_pct":0.0},{"period":"2025-02","brand_revenue":0.0,"category_revenue":120199.609375,"share_pct":0.0},{"period":"2025-03","brand_revenue":0.0,"category_revenue":119268.609375,"share_pct":0.0},{"period":"2025-04","brand_revenue":0.0,"category_revenue":137342.25,"share_pct":0.0},{"period":"2025-05","brand_revenue":0.0,"category_revenue":115534.6484375,"share_pct":0.0},{"period":"2025-06","brand_revenue":0.0,"category_revenue":112371.3359375,"share_pct":0.0},{"period":"2025-07","brand_revenue":0.0,"category_revenue":113441.671875,"share_pct":0.0},{"period":"2025-08","brand_revenue":0.0,"category_revenue":109909.5078125,"share_pct":0.0},{"period":"2025-09","brand_revenue":0.0,"category_revenue":105839.6796875,"share_pct":0.0},{"period":"2025-10","brand_revenue":0.0,"category_revenue":111006.1875,"share_pct":0.0},{"period":"2025-11","brand_revenue":0.0,"category_revenue":118309.328125,"share_pct":0.0},{"period":"2025-12","brand_revenue":0.0,"category_revenue":106816.8203125,"share_pct":0.0},{"period":"2026-01","brand_revenue":0.0,"category_revenue":108299.8828125,"share_pct":0.0}],"CARTRIDGE":[{"period":"2024-01","brand_revenue":0.0,"category_revenue":823070.25,"share_pct":0.0},{"period":"2024-02","brand_revenue":4061.75,"category_revenue":856711.125,"share_pct":0.5},{"period":"2024-03","brand_revenue":4249.0,"category_revenue":915420.875,"share_pct":0.5},{"period":"2024-04","brand_revenue":4197.60009765625,"category_revenue":838728.1875,"share_pct":0.5},{"period":"2024-05","brand_revenue":3275.31005859375,"category_revenue":855215.4375,"share_pct":0.4000000059604645},{"period":"2024-06","brand_revenue":2000.699951171875,"category_revenue":807049.5625,"share_pct":0.20000000298023224},{"period":"2024-07","brand_revenue":1265.199951171875,"category_revenue":812767.3125,"share_pct":0.20000000298023224},{"period":"2024-08","brand_revenue":739.5999755859375,"category_revenue":852953.0625,"share_pct":0.10000000149011612},{"period":"2024-09","brand_revenue":0.0,"category_revenue":782162.8125,"share_pct":0.0},{"period":"2024-10","brand_revenue":0.0,"category_revenue":833597.25,"share_pct":0.0},{"period":"2024-11","brand_revenue":0.0,"category_revenue":815443.75,"share_pct":0.0},{"period":"2024-12","brand_revenue":0.0,"category_revenue":801572.8125,"share_pct":0.0},{"period":"2025-01","brand_revenue":0.0,"category_revenue":768687.6875,"share_pct":0.0},{"period":"2025-02","brand_revenue":0.0,"category_revenue":667459.0,"share_pct":0.0},{"period":"2025-03","brand_revenue":0.0,"category_revenue":703484.5,"share_pct":0.0},{"period":"2025-04","brand_revenue":0.0,"category_revenue":694399.0,"share_pct":0.0},{"period":"2025-05","brand_revenue":0.0,"category_revenue":675520.1875,"share_pct":0.0},{"period":"2025-06","brand_revenue":0.0,"category_revenue":637806.0,"share_pct":0.0},{"period":"2025-07","brand_revenue":0.0,"category_revenue":638295.8125,"share_pct":0.0},{"period":"2025-08","brand_revenue":0.0,"category_revenue":670995.875,"share_pct":0.0},{"period":"2025-09","brand_revenue":0.0,"category_revenue":615819.1875,"share_pct":0.0},{"period":"2025-10","brand_revenue":0.0,"category_revenue":619563.6875,"share_pct":0.0},{"period":"2025-11","brand_revenue":0.0,"category_revenue":618172.0625,"share_pct":0.0},{"period":"2025-12","brand_revenue":0.0,"category_revenue":587131.3125,"share_pct":0.0},{"period":"2026-01","brand_revenue":0.0,"category_revenue":570025.625,"share_pct":0.0}]},"velocity_by_category":[{"category":"CONCENTRATE","brand_units_per_day":1.04,"category_avg_units_per_day":7.69,"velocity_index":13.5,"brand_rev_per_unit":28.21,"category_rev_per_unit":19.88,"brands_in_category":27},{"category":"CARTRIDGE","brand_units_per_day":0.89,"category_avg_units_per_day":37.25,"velocity_index":2.4,"brand_rev_per_unit":29.19,"category_rev_per_unit":24.09,"brands_in_category":27}],"store_gaps":[{"store":"Thrive Main Street","category":"CARTRIDGE","category_revenue_at_store":76197.7734375,"opportunity":"Brand not carried"},{"store":"Thrive Main Street","category":"CONCENTRATE","category_revenue_at_store":21268.361328125,"opportunity":"Brand not carried"}],"product_mix":{"top":[{"product":"JUNGLE JUICE LIVE RESIN CART - FUZE","units":382,"revenue":11118.7001953125,"cost":5148.0,"profit":5970.7001953125,"stores":6,"transactions":341,"margin":53.70000076293945},{"product":"PAPAYA PUNCH LIVE RESIN CART - FUZE","units":296,"revenue":8670.4599609375,"cost":4144.0,"profit":4526.4599609375,"stores":6,"transactions":258,"margin":52.20000076293945},{"product":"FIRE BANANAS LIVE RESIN BADDER - FUZE","units":245,"revenue":5901.60986328125,"cost":3062.5,"profit":2839.110107421875,"stores":6,"transactions":206,"margin":48.099998474121094},{"product":"GRAPE GAS LIVE RESIN SUGAR - FUZE","units":243,"revenue":5689.64013671875,"cost":3037.5,"profit":2652.14013671875,"stores":6,"transactions":203,"margin":46.599998474121094},{"product":"C3BO LIVE ROSIN - FUZE","units":146,"revenue":5365.5498046875,"cost":2774.0,"profit":2591.550048828125,"stores":6,"transactions":122,"margin":48.29999923706055},{"product":"GARLIC DURBAN LIVE ROSIN BADDER - FUZE","units":155,"revenue":5299.60986328125,"cost":2945.0,"profit":2354.610107421875,"stores":6,"transactions":117,"margin":44.400001525878906}],"bottom":[],"expansion":[]},"pricing_consistency":[{"product":"JUNGLE JUICE LIVE RESIN CART - FUZE","min_price":24.307304468047754,"max_price":32.90800048828125,"avg_price":29.119083948376787,"std_dev":2.9783077086317458,"store_count":6,"price_range":8.6006960202335,"range_pct":29.5},{"product":"FIRE BANANAS LIVE RESIN BADDER - FUZE","min_price":20.298366001674108,"max_price":27.144082828443878,"avg_price":24.19897035213825,"std_dev":2.5382557264017245,"store_count":6,"price_range":6.84571682676977,"range_pct":28.3},{"product":"GARLIC DURBAN LIVE ROSIN BADDER - FUZE","min_price":30.27199951171875,"max_price":39.60039794921875,"avg_price":34.316732042100696,"std_dev":3.997442259174575,"store_count":6,"price_range":9.328398437500002,"range_pct":27.2},{"product":"PAPAYA PUNCH LIVE RESIN CART - FUZE","min_price":25.60419921875,"max_price":32.55,"avg_price":29.294160045528628,"std_dev":2.684927463922856,"store_count":6,"price_range":6.9458007812499964,"range_pct":23.7},{"product":"C3BO LIVE ROSIN - FUZE","min_price":33.77599609375,"max_price":41.5360009765625,"avg_price":36.72949137369792,"std_dev":2.9604006601273833,"store_count":6,"price_range":7.7600048828124955,"range_pct":21.1},{"product":"GRAPE GAS LIVE RESIN SUGAR - FUZE","min_price":20.775713239397323,"max_price":25.469564686650816,"avg_price":23.57027938084573,"std_dev":1.5769499018652153,"store_count":6,"price_range":4.693851447253493,"range_pct":19.9}],"promotional_effectiveness":{"lift":{"fp_units_per_day":3.96,"disc_units_per_day":4.49,"lift_pct":13.2,"fp_avg_revenue_per_unit":34.14,"disc_avg_revenue_per_unit":24.35},"by_deal":[{"deal_name":"Industry - 30% Off","uses":270,"revenue":7685.09987449646,"discounts":3294.8999757766724,"units":325.0,"cost":4638.5,"margin":39.6,"discount_depth":30.0},{"deal_name":"Veterans - 10% Off","uses":22,"revenue":899.0999927520752,"discounts":99.90000081062317,"units":29.0,"cost":413.5,"margin":54.0,"discount_depth":10.0},{"deal_name":"30% Off Special","uses":15,"revenue":455.6999931335449,"discounts":195.29999923706055,"units":19.0,"cost":287.0,"margin":37.0,"discount_depth":30.0},{"deal_name":"Senior - 10% Off","uses":12,"revenue":605.7000026702881,"discounts":67.30000066757202,"units":21.0,"cost":290.0,"margin":52.1,"discount_depth":10.0},{"deal_name":"Fuze / Baseline Concentrates - B2G1","uses":11,"revenue":581.1099910736084,"discounts":333.88999938964844,"units":30.0,"cost":394.5,"margin":32.1,"discount_depth":36.5},{"deal_name":"Jackpot - Locals 30% Off","uses":10,"revenue":302.399995803833,"discounts":129.5999994277954,"units":12.0,"cost":180.0,"margin":40.5,"discount_depth":30.0},{"deal_name":"Senior / Veterans - 20% Off","uses":8,"revenue":285.6000003814697,"discounts":71.40000009536743,"units":11.0,"cost":151.0,"margin":47.1,"discount_depth":20.0},{"deal_name":"Fuze / Baseline - B2G1","uses":2,"revenue":58.02000045776367,"discounts":57.97999954223633,"units":4.0,"cost":50.0,"margin":13.8,"discount_depth":50.0},{"deal_name":"30% OFF SPECIAL","uses":1,"revenue":28.0,"discounts":12.0,"units":1.0,"cost":19.0,"margin":32.1,"discount_depth":30.0},{"deal_name":"Employee - 40% OFF","uses":1,"revenue":24.0,"discounts":16.0,"units":1.0,"cost":19.0,"margin":20.8,"discount_depth":40.0}]},"growth_opportunities":[{"type":"distribution","title":"Expand to Thrive Main Street","detail":"Store has $97,466 in CARTRIDGE, CONCENTRATE \u2014 categories where FUZE competes.","priority":"high"},{"type":"velocity","title":"Improve velocity in CONCENTRATE","detail":"Velocity index 14 (below category average). 1.0 units/day vs 7.7 avg.","priority":"medium"},{"type":"velocity","title":"Improve velocity in CARTRIDGE","detail":"Velocity index 2 (below category average). 0.9 units/day vs 37.2 avg.","priority":"medium"}],"trend":[{"period":"2024-01","revenue":70.39999389648438,"cost":38.0,"margin":46.0,"units":2,"transactions":2,"profit":32.400001525878906,"revenue_change_pct":null,"units_change_pct":null,"margin_change_pts":null},{"period":"2024-02","revenue":9352.7998046875,"cost":4638.0,"margin":50.4,"units":308,"transactions":217,"profit":4714.7998046875,"revenue_change_pct":13185.2,"units_change_pct":15300.0,"margin_change_pts":4.4},{"period":"2024-03","revenue":9736.1103515625,"cost":4760.5,"margin":51.1,"units":320,"transactions":229,"profit":4975.60986328125,"revenue_change_pct":4.1,"units_change_pct":3.9,"margin_change_pts":0.7},{"period":"2024-04","revenue":8843.759765625,"cost":4484.5,"margin":49.3,"units":329,"transactions":258,"profit":4359.259765625,"revenue_change_pct":-9.2,"units_change_pct":2.8,"margin_change_pts":-1.8},{"period":"2024-05","revenue":7857.75,"cost":3891.5,"margin":50.5,"units":279,"transactions":205,"profit":3966.25,"revenue_change_pct":-11.1,"units_change_pct":-15.2,"margin_change_pts":1.2},{"period":"2024-06","revenue":3434.75,"cost":1798.0,"margin":47.7,"units":131,"transactions":109,"profit":1636.75,"revenue_change_pct":-56.3,"units_change_pct":-53.0,"margin_change_pts":-2.8},{"period":"2024-07","revenue":1516.5999755859375,"cost":775.5,"margin":48.9,"units":53,"transactions":45,"profit":741.0999755859375,"revenue_change_pct":-55.8,"units_change_pct":-59.5,"margin_change_pts":1.2},{"period":"2024-08","revenue":1000.5999755859375,"cost":535.0,"margin":46.5,"units":35,"transactions":31,"profit":465.6000061035156,"revenue_change_pct":-34.0,"units_change_pct":-34.0,"margin_change_pts":-2.3},{"period":"2024-09","revenue":163.8000030517578,"cost":133.0,"margin":18.8,"units":7,"transactions":6,"profit":30.799999237060547,"revenue_change_pct":-83.6,"units_change_pct":-80.0,"margin_change_pts":-27.7},{"period":"2024-10","revenue":69.0,"cost":57.0,"margin":17.4,"units":3,"transactions":3,"profit":12.0,"revenue_change_pct":-57.9,"units_change_pct":-57.1,"margin_change_pts":-1.4}]}