{"brand":"PROVISIONS","date_range":"2024-01-01 00:00:00 to 2026-01-31 00:00:00","period_label":"All Time","summary":{"total_units":657,"total_revenue":16827.8984375,"total_cost":10800.0,"total_discounts":4413.1005859375,"total_profit":6027.89990234375,"overall_margin":35.79999923706055,"fp_margin":47.599998474121094,"disc_margin":28.0,"pct_full_price":39.900001525878906,"avg_discount_rate":20.799999237060547,"fp_revenue":6717.5,"disc_revenue":10110.400390625,"brand":"PROVISIONS","date_range":"2024-01-01 00:00:00 to 2026-01-31 00:00:00","primary_category":"FLOWER","store_coverage":"5/7","stores_present":["Thrive Cactus","Thrive Cheyenne","Thrive Reno","Thrive Sahara","Thrive Sammy"],"stores_missing":["Thrive Jackpot","Thrive Main Street"],"velocity_rank":54,"velocity_total":64},"distribution":[{"store":"Thrive Cactus","carries_brand":true,"sku_count":1,"revenue":446.25,"units":14,"store_total_revenue":20455500.0,"brand_share_pct":0.0},{"store":"Thrive Cheyenne","carries_brand":true,"sku_count":6,"revenue":11401.4296875,"units":427,"store_total_revenue":19012896.0,"brand_share_pct":0.10000000149011612},{"store":"Thrive Jackpot","carries_brand":false,"sku_count":0,"revenue":0,"units":0,"store_total_revenue":22420058.0,"brand_share_pct":0},{"store":"Thrive Main Street","carries_brand":false,"sku_count":0,"revenue":0,"units":0,"store_total_revenue":778094.875,"brand_share_pct":0},{"store":"Thrive Reno","carries_brand":true,"sku_count":4,"revenue":1366.800048828125,"units":58,"store_total_revenue":12340074.0,"brand_share_pct":0.0},{"store":"Thrive Sahara","carries_brand":true,"sku_count":3,"revenue":617.0,"units":21,"store_total_revenue":11503146.0,"brand_share_pct":0.0},{"store":"Thrive Sammy","carries_brand":true,"sku_count":5,"revenue":2996.419921875,"units":137,"store_total_revenue":8794803.0,"brand_share_pct":0.0}],"share_of_category":[{"category":"FLOWER","brand_revenue":9000.62890625,"category_revenue":31102180.0,"revenue_share_pct":0.0,"brand_units":366,"category_units":1354223,"units_share_pct":0.0},{"category":"DISPOSABLE VAPE","brand_revenue":4179.2001953125,"category_revenue":12220962.0,"revenue_share_pct":0.0,"brand_units":144,"category_units":378274,"units_share_pct":0.0},{"category":"CARTRIDGE","brand_revenue":3648.06982421875,"category_revenue":18462052.0,"revenue_share_pct":0.0,"brand_units":147,"category_units":766448,"units_share_pct":0.0}],"share_of_category_trend":{"FLOWER":[{"period":"2024-01","brand_revenue":3118.550048828125,"category_revenue":1420943.125,"share_pct":0.20000000298023224},{"period":"2024-02","brand_revenue":1364.3299560546875,"category_revenue":1414098.25,"share_pct":0.10000000149011612},{"period":"2024-03","brand_revenue":3734.550048828125,"category_revenue":1477522.25,"share_pct":0.30000001192092896},{"period":"2024-04","brand_revenue":783.2000122070312,"category_revenue":1416759.875,"share_pct":0.10000000149011612},{"period":"2024-05","brand_revenue":0.0,"category_revenue":1414991.75,"share_pct":0.0},{"period":"2024-06","brand_revenue":0.0,"category_revenue":1361307.875,"share_pct":0.0},{"period":"2024-07","brand_revenue":0.0,"category_revenue":1383082.375,"share_pct":0.0},{"period":"2024-08","brand_revenue":0.0,"category_revenue":1381527.75,"share_pct":0.0},{"period":"2024-09","brand_revenue":0.0,"category_revenue":1326576.625,"share_pct":0.0},{"period":"2024-10","brand_revenue":0.0,"category_revenue":1434310.0,"share_pct":0.0},{"period":"2024-11","brand_revenue":0.0,"category_revenue":1381942.125,"share_pct":0.0},{"period":"2024-12","brand_revenue":0.0,"category_revenue":1290627.125,"share_pct":0.0},{"period":"2025-01","brand_revenue":0.0,"category_revenue":1193975.25,"share_pct":0.0},{"period":"2025-02","brand_revenue":0.0,"category_revenue":1126488.0,"share_pct":0.0},{"period":"2025-03","brand_revenue":0.0,"category_revenue":1164551.875,"share_pct":0.0},{"period":"2025-04","brand_revenue":0.0,"category_revenue":1247558.125,"share_pct":0.0},{"period":"2025-05","brand_revenue":0.0,"category_revenue":1154938.0,"share_pct":0.0},{"period":"2025-06","brand_revenue":0.0,"category_revenue":1109479.25,"share_pct":0.0},{"period":"2025-07","brand_revenue":0.0,"category_revenue":1113105.25,"share_pct":0.0},{"period":"2025-08","brand_revenue":0.0,"category_revenue":1093249.125,"share_pct":0.0},{"period":"2025-09","brand_revenue":0.0,"category_revenue":1041400.625,"share_pct":0.0},{"period":"2025-10","brand_revenue":0.0,"category_revenue":1065482.0,"share_pct":0.0},{"period":"2025-11","brand_revenue":0.0,"category_revenue":1080075.625,"share_pct":0.0},{"period":"2025-12","brand_revenue":0.0,"category_revenue":1006083.8125,"share_pct":0.0},{"period":"2026-01","brand_revenue":0.0,"category_revenue":1002104.75,"share_pct":0.0}],"DISPOSABLE VAPE":[{"period":"2024-01","brand_revenue":4179.2001953125,"category_revenue":373389.96875,"share_pct":1.100000023841858},{"period":"2024-02","brand_revenue":0.0,"category_revenue":351112.84375,"share_pct":0.0},{"period":"2024-03","brand_revenue":0.0,"category_revenue":396276.8125,"share_pct":0.0},{"period":"2024-04","brand_revenue":0.0,"category_revenue":388780.875,"share_pct":0.0},{"period":"2024-05","brand_revenue":0.0,"category_revenue":414040.1875,"share_pct":0.0},{"period":"2024-06","brand_revenue":0.0,"category_revenue":415917.6875,"share_pct":0.0},{"period":"2024-07","brand_revenue":0.0,"category_revenue":432654.625,"share_pct":0.0},{"period":"2024-08","brand_revenue":0.0,"category_revenue":439463.25,"share_pct":0.0},{"period":"2024-09","brand_revenue":0.0,"category_revenue":422557.8125,"share_pct":0.0},{"period":"2024-10","brand_revenue":0.0,"category_revenue":478816.46875,"share_pct":0.0},{"period":"2024-11","brand_revenue":0.0,"category_revenue":477592.09375,"share_pct":0.0},{"period":"2024-12","brand_revenue":0.0,"category_revenue":488803.59375,"share_pct":0.0},{"period":"2025-01","brand_revenue":0.0,"category_revenue":440220.96875,"share_pct":0.0},{"period":"2025-02","brand_revenue":0.0,"category_revenue":466908.5,"share_pct":0.0},{"period":"2025-03","brand_revenue":0.0,"category_revenue":539542.6875,"share_pct":0.0},{"period":"2025-04","brand_revenue":0.0,"category_revenue":565855.9375,"share_pct":0.0},{"period":"2025-05","brand_revenue":0.0,"category_revenue":584235.375,"share_pct":0.0},{"period":"2025-06","brand_revenue":0.0,"category_revenue":528341.1875,"share_pct":0.0},{"period":"2025-07","brand_revenue":0.0,"category_revenue":580477.9375,"share_pct":0.0},{"period":"2025-08","brand_revenue":0.0,"category_revenue":561408.25,"share_pct":0.0},{"period":"2025-09","brand_revenue":0.0,"category_revenue":527007.25,"share_pct":0.0},{"period":"2025-10","brand_revenue":0.0,"category_revenue":604677.5,"share_pct":0.0},{"period":"2025-11","brand_revenue":0.0,"category_revenue":592683.6875,"share_pct":0.0},{"period":"2025-12","brand_revenue":0.0,"category_revenue":590758.75,"share_pct":0.0},{"period":"2026-01","brand_revenue":0.0,"category_revenue":559437.9375,"share_pct":0.0}],"CARTRIDGE":[{"period":"2024-01","brand_revenue":3588.570068359375,"category_revenue":823070.25,"share_pct":0.4000000059604645},{"period":"2024-02","brand_revenue":59.5,"category_revenue":856711.125,"share_pct":0.0},{"period":"2024-03","brand_revenue":0.0,"category_revenue":915420.875,"share_pct":0.0},{"period":"2024-04","brand_revenue":0.0,"category_revenue":838728.1875,"share_pct":0.0},{"period":"2024-05","brand_revenue":0.0,"category_revenue":855215.4375,"share_pct":0.0},{"period":"2024-06","brand_revenue":0.0,"category_revenue":807049.5625,"share_pct":0.0},{"period":"2024-07","brand_revenue":0.0,"category_revenue":812767.3125,"share_pct":0.0},{"period":"2024-08","brand_revenue":0.0,"category_revenue":852953.0625,"share_pct":0.0},{"period":"2024-09","brand_revenue":0.0,"category_revenue":782162.8125,"share_pct":0.0},{"period":"2024-10","brand_revenue":0.0,"category_revenue":833597.25,"share_pct":0.0},{"period":"2024-11","brand_revenue":0.0,"category_revenue":815443.75,"share_pct":0.0},{"period":"2024-12","brand_revenue":0.0,"category_revenue":801572.8125,"share_pct":0.0},{"period":"2025-01","brand_revenue":0.0,"category_revenue":768687.6875,"share_pct":0.0},{"period":"2025-02","brand_revenue":0.0,"category_revenue":667459.0,"share_pct":0.0},{"period":"2025-03","brand_revenue":0.0,"category_revenue":703484.5,"share_pct":0.0},{"period":"2025-04","brand_revenue":0.0,"category_revenue":694399.0,"share_pct":0.0},{"period":"2025-05","brand_revenue":0.0,"category_revenue":675520.1875,"share_pct":0.0},{"period":"2025-06","brand_revenue":0.0,"category_revenue":637806.0,"share_pct":0.0},{"period":"2025-07","brand_revenue":0.0,"category_revenue":638295.8125,"share_pct":0.0},{"period":"2025-08","brand_revenue":0.0,"category_revenue":670995.875,"share_pct":0.0},{"period":"2025-09","brand_revenue":0.0,"category_revenue":615819.1875,"share_pct":0.0},{"period":"2025-10","brand_revenue":0.0,"category_revenue":619563.6875,"share_pct":0.0},{"period":"2025-11","brand_revenue":0.0,"category_revenue":618172.0625,"share_pct":0.0},{"period":"2025-12","brand_revenue":0.0,"category_revenue":587131.3125,"share_pct":0.0},{"period":"2026-01","brand_revenue":0.0,"category_revenue":570025.625,"share_pct":0.0}]},"velocity_by_category":[{"category":"FLOWER","brand_units_per_day":0.48,"category_avg_units_per_day":27.77,"velocity_index":1.7,"brand_rev_per_unit":24.59,"category_rev_per_unit":22.97,"brands_in_category":64},{"category":"DISPOSABLE VAPE","brand_units_per_day":0.19,"category_avg_units_per_day":14.18,"velocity_index":1.3,"brand_rev_per_unit":29.02,"category_rev_per_unit":32.31,"brands_in_category":35},{"category":"CARTRIDGE","brand_units_per_day":0.19,"category_avg_units_per_day":37.25,"velocity_index":0.5,"brand_rev_per_unit":24.82,"category_rev_per_unit":24.09,"brands_in_category":27}],"store_gaps":[{"store":"Thrive Jackpot","category":"FLOWER","category_revenue_at_store":7586392.0,"opportunity":"Brand not carried"},{"store":"Thrive Jackpot","category":"CARTRIDGE","category_revenue_at_store":5759666.0,"opportunity":"Brand not carried"},{"store":"Thrive Sahara","category":"FLOWER","category_revenue_at_store":4239316.0,"opportunity":"Category not carried at this store"},{"store":"Thrive Cactus","category":"CARTRIDGE","category_revenue_at_store":3570476.5,"opportunity":"Category not carried at this store"},{"store":"Thrive Cactus","category":"DISPOSABLE VAPE","category_revenue_at_store":2814085.5,"opportunity":"Category not carried at this store"},{"store":"Thrive Jackpot","category":"DISPOSABLE VAPE","category_revenue_at_store":2567060.75,"opportunity":"Brand not carried"},{"store":"Thrive Sammy","category":"DISPOSABLE VAPE","category_revenue_at_store":1887368.875,"opportunity":"Category not carried at this store"},{"store":"Thrive Reno","category":"DISPOSABLE VAPE","category_revenue_at_store":1457349.75,"opportunity":"Category not carried at this store"},{"store":"Thrive Main Street","category":"DISPOSABLE VAPE","category_revenue_at_store":154562.515625,"opportunity":"Brand not carried"},{"store":"Thrive Main Street","category":"FLOWER","category_revenue_at_store":129971.953125,"opportunity":"Brand not carried"},{"store":"Thrive Main Street","category":"CARTRIDGE","category_revenue_at_store":76197.7734375,"opportunity":"Brand not carried"}],"product_mix":{"top":[{"product":"MEMORY LOSS EIGHTH - PROVISIONS","units":330,"revenue":8170.830078125,"cost":5280.0,"profit":2890.830078125,"stores":3,"transactions":228,"margin":35.400001525878906},{"product":"JACK HERER DISPOSABLE VAPE 0.9G - PROVISIONS","units":80,"revenue":2318.10009765625,"cost":1440.0,"profit":878.1000366210938,"stores":1,"transactions":75,"margin":37.900001525878906},{"product":"MELONADE CART 0.9G - PROVISIONS","units":94,"revenue":2251.820068359375,"cost":1504.0,"profit":747.8200073242188,"stores":3,"transactions":83,"margin":33.20000076293945},{"product":"MELONADE DISPOSABLE VAPE - PROVISIONS","units":52,"revenue":1499.5999755859375,"cost":936.0,"profit":563.5999755859375,"stores":1,"transactions":50,"margin":37.599998474121094},{"product":"STRAWNANA CART 0.9G - PROVISIONS","units":33,"revenue":886.9500122070312,"cost":528.0,"profit":358.95001220703125,"stores":3,"transactions":31,"margin":40.5},{"product":"LA KUSH CAKE EIGHTH - PROVISIONS","units":34,"revenue":787.2999877929688,"cost":544.0,"profit":243.3000030517578,"stores":1,"transactions":30,"margin":30.899999618530273},{"product":"MELONADE CART 0.85G - PROVISIONS","units":14,"revenue":389.5,"cost":224.0,"profit":165.5,"stores":2,"transactions":12,"margin":42.5},{"product":"CANDYLAND DISPOSABLE VAPE - PROVISIONS","units":12,"revenue":361.5,"cost":216.0,"profit":145.5,"stores":2,"transactions":12,"margin":40.20000076293945},{"product":"FIRE OG CART 0.9G - PROVISIONS","units":4,"revenue":83.80000305175781,"cost":64.0,"profit":19.799999237060547,"stores":1,"transactions":4,"margin":23.600000381469727},{"product":"GUAVA GELATO EIGHTH - PROVISIONS","units":2,"revenue":42.5,"cost":32.0,"profit":10.5,"stores":1,"transactions":2,"margin":24.700000762939453},{"product":"BLUE POWER CART 0.9G - PROVISIONS","units":2,"revenue":36.0,"cost":32.0,"profit":4.0,"stores":1,"transactions":2,"margin":11.100000381469727}],"bottom":[],"expansion":[{"product":"MEMORY LOSS EIGHTH - PROVISIONS","current_stores":3,"total_stores":5,"missing_stores":["Thrive Reno","Thrive Sahara"],"revenue":8170.830078125},{"product":"MELONADE CART 0.9G - PROVISIONS","current_stores":3,"total_stores":5,"missing_stores":["Thrive Cactus","Thrive Sahara"],"revenue":2251.820068359375},{"product":"STRAWNANA CART 0.9G - PROVISIONS","current_stores":3,"total_stores":5,"missing_stores":["Thrive Cactus","Thrive Cheyenne"],"revenue":886.9500122070312},{"product":"MELONADE CART 0.85G - PROVISIONS","current_stores":2,"total_stores":5,"missing_stores":["Thrive Cactus","Thrive Reno","Thrive Sammy"],"revenue":389.5},{"product":"CANDYLAND DISPOSABLE VAPE - PROVISIONS","current_stores":2,"total_stores":5,"missing_stores":["Thrive Cactus","Thrive Reno","Thrive Sammy"],"revenue":361.5}]},"pricing_consistency":[{"product":"MEMORY LOSS EIGHTH - PROVISIONS","min_price":21.57376189279084,"max_price":31.875,"avg_price":26.414129751569817,"std_dev":5.178575484341875,"store_count":3,"price_range":10.301238107209159,"range_pct":39.0},{"product":"CANDYLAND DISPOSABLE VAPE - PROVISIONS","min_price":28.55,"max_price":38.0,"avg_price":33.275,"std_dev":6.6821590822128725,"store_count":2,"price_range":9.45,"range_pct":28.4},{"product":"MELONADE CART 0.85G - PROVISIONS","min_price":27.26923076923077,"max_price":35.0,"avg_price":31.134615384615387,"std_dev":5.466479346865231,"store_count":2,"price_range":7.73076923076923,"range_pct":24.8},{"product":"STRAWNANA CART 0.9G - PROVISIONS","min_price":25.111539400540867,"max_price":29.65,"avg_price":27.053846466846952,"std_dev":2.3388122102612092,"store_count":3,"price_range":4.538460599459132,"range_pct":16.8},{"product":"MELONADE CART 0.9G - PROVISIONS","min_price":21.83647066004136,"max_price":24.73230731670673,"avg_price":23.1062593255827,"std_dev":1.4804249443386845,"store_count":3,"price_range":2.89583665666537,"range_pct":12.5}],"promotional_effectiveness":{"lift":{"fp_units_per_day":4.35,"disc_units_per_day":6.17,"lift_pct":41.9,"fp_avg_revenue_per_unit":31.54,"disc_avg_revenue_per_unit":22.77},"by_deal":[{"deal_name":"30% Off Special","uses":94,"revenue":2654.3999919891357,"discounts":1137.6000032424927,"units":109.0,"cost":1824.0,"margin":31.3,"discount_depth":30.0},{"deal_name":"Industry - 30% Off","uses":50,"revenue":1272.949993133545,"discounts":545.5500059127808,"units":56.0,"cost":914.0,"margin":28.2,"discount_depth":30.0},{"deal_name":"25-30% Off","uses":46,"revenue":1267.1999788284302,"discounts":556.8000221252441,"units":57.0,"cost":912.0,"margin":28.0,"discount_depth":30.5},{"deal_name":"Senior - 10% Off","uses":6,"revenue":216.89999961853027,"discounts":24.09999990463257,"units":8.0,"cost":132.0,"margin":39.1,"discount_depth":10.0},{"deal_name":"25% OFF SALE","uses":3,"revenue":111.0,"discounts":37.0,"units":4.0,"cost":64.0,"margin":42.3,"discount_depth":25.0},{"deal_name":"Senior / Veterans - 20% Off","uses":3,"revenue":109.60000038146973,"discounts":27.40000009536743,"units":4.0,"cost":64.0,"margin":41.6,"discount_depth":20.0},{"deal_name":"Veterans - 10% Off","uses":2,"revenue":68.4000015258789,"discounts":7.599999904632568,"units":2.0,"cost":36.0,"margin":47.4,"discount_depth":10.0}]},"growth_opportunities":[{"type":"distribution","title":"Expand to Thrive Jackpot","detail":"Store has $15,913,118 in CARTRIDGE, DISPOSABLE VAPE, FLOWER \u2014 categories where PROVISIONS competes.","priority":"high"},{"type":"distribution","title":"Expand to Thrive Main Street","detail":"Store has $360,732 in CARTRIDGE, DISPOSABLE VAPE, FLOWER \u2014 categories where PROVISIONS competes.","priority":"high"},{"type":"sku_expansion","title":"Add 'CANDYLAND DISPOSABLE VAPE - PROVISIONS' to 3 more store(s)","detail":"Carried in 2 stores. Missing from: Thrive Cactus, Thrive Reno, Thrive Sammy","priority":"medium"},{"type":"sku_expansion","title":"Add 'MELONADE CART 0.85G - PROVISIONS' to 3 more store(s)","detail":"Carried in 2 stores. Missing from: Thrive Cactus, Thrive Reno, Thrive Sammy","priority":"medium"},{"type":"sku_expansion","title":"Add 'MELONADE CART 0.9G - PROVISIONS' to 2 more store(s)","detail":"Carried in 3 stores. Missing from: Thrive Cactus, Thrive Sahara","priority":"medium"},{"type":"sku_expansion","title":"Add 'MEMORY LOSS EIGHTH - PROVISIONS' to 2 more store(s)","detail":"Carried in 3 stores. Missing from: Thrive Reno, Thrive Sahara","priority":"medium"},{"type":"sku_expansion","title":"Add 'STRAWNANA CART 0.9G - PROVISIONS' to 2 more store(s)","detail":"Carried in 3 stores. Missing from: Thrive Cactus, Thrive Cheyenne","priority":"medium"},{"type":"velocity","title":"Improve velocity in FLOWER","detail":"Velocity index 2 (below category average). 0.5 units/day vs 27.8 avg.","priority":"medium"},{"type":"velocity","title":"Improve velocity in DISPOSABLE VAPE","detail":"Velocity index 1 (below category average). 0.2 units/day vs 14.2 avg.","priority":"medium"},{"type":"velocity","title":"Improve velocity in CARTRIDGE","detail":"Velocity index 0 (below category average). 0.2 units/day vs 37.2 avg.","priority":"medium"}],"trend":[{"period":"2024-01","revenue":10886.3203125,"cost":6656.0,"margin":38.9,"units":398,"transactions":337,"profit":4230.31982421875,"revenue_change_pct":null,"units_change_pct":null,"margin_change_pts":null},{"period":"2024-02","revenue":1423.8299560546875,"cost":752.0,"margin":47.2,"units":47,"transactions":32,"profit":671.8300170898438,"revenue_change_pct":-86.9,"units_change_pct":-88.2,"margin_change_pts":8.3},{"period":"2024-03","revenue":3734.550048828125,"cost":2688.0,"margin":28.0,"units":168,"transactions":128,"profit":1046.550048828125,"revenue_change_pct":162.3,"units_change_pct":257.4,"margin_change_pts":-19.2},{"period":"2024-04","revenue":783.2000122070312,"cost":704.0,"margin":10.1,"units":44,"transactions":21,"profit":79.19999694824219,"revenue_change_pct":-79.0,"units_change_pct":-73.8,"margin_change_pts":-17.9}]}