{"brand":"SAUCED","date_range":"2024-01-01 00:00:00 to 2026-01-31 00:00:00","period_label":"All Time","summary":{"total_units":34530,"total_revenue":878537.8125,"total_cost":413052.109375,"total_discounts":174489.6484375,"total_profit":465485.703125,"overall_margin":53.0,"fp_margin":60.0,"disc_margin":46.099998474121094,"pct_full_price":49.5,"avg_discount_rate":16.600000381469727,"fp_revenue":434937.5,"disc_revenue":443600.3515625,"unique_customers":18320,"brand":"SAUCED","date_range":"2024-01-01 00:00:00 to 2026-01-31 00:00:00","months_count":40,"avg_monthly_cost":20652.600000000002,"cost_per_unit":23.925,"primary_category":"DISPOSABLE VAPE","primary_cat_margin":52.79999923706055,"category_rank":16,"category_total":35,"margin_vs_category":0.20000000298023224,"velocity_rank":17},"category_breakdown":[{"category_clean":"DISPOSABLE VAPE","units":10190,"revenue":428336.5234375,"cost":192239.62890625,"profit":236096.89453125,"discounts":78233.4765625,"margin":55.099998474121094,"category_avg_margin":52.79999923706055,"vs_category":2.3,"rank":16.0,"total_brands":35.0},{"category_clean":"PRE ROLL","units":15682,"revenue":170532.94921875,"cost":78410.0,"profit":92122.94921875,"discounts":29177.05078125,"margin":54.0,"category_avg_margin":48.29999923706055,"vs_category":5.7,"rank":18.0,"total_brands":46.0},{"category_clean":"FLOWER","units":3030,"revenue":99821.6015625,"cost":56812.5,"profit":43009.1015625,"discounts":30053.40087890625,"margin":43.099998474121094,"category_avg_margin":54.099998474121094,"vs_category":-11.0,"rank":47.0,"total_brands":64.0},{"category_clean":"CONCENTRATE","units":3180,"revenue":94110.87890625,"cost":46045.0,"profit":48065.8740234375,"discounts":23841.6259765625,"margin":51.099998474121094,"category_avg_margin":45.900001525878906,"vs_category":5.2,"rank":11.0,"total_brands":27.0},{"category_clean":"CARTRIDGE","units":2448,"revenue":85735.8984375,"cost":39545.0,"profit":46190.8984375,"discounts":13184.100341796875,"margin":53.900001525878906,"category_avg_margin":50.400001525878906,"vs_category":3.5,"rank":20.0,"total_brands":27.0}],"trend":[{"period":"2024-01","revenue":154879.052734375,"cost":77357.5,"margin":50.1,"units":6488,"transactions":4710,"profit":77521.5478515625,"revenue_change_pct":null,"units_change_pct":null,"margin_change_pts":null},{"period":"2024-02","revenue":122178.22265625,"cost":56731.25,"margin":53.6,"units":4556,"transactions":3622,"profit":65446.97265625,"revenue_change_pct":-21.1,"units_change_pct":-29.8,"margin_change_pts":3.5},{"period":"2024-03","revenue":111162.548828125,"cost":52026.25,"margin":53.2,"units":4592,"transactions":3630,"profit":59136.298828125,"revenue_change_pct":-9.0,"units_change_pct":0.8,"margin_change_pts":-0.4},{"period":"2024-04","revenue":55646.42578125,"cost":26742.5,"margin":51.9,"units":2768,"transactions":2234,"profit":28903.92578125,"revenue_change_pct":-49.9,"units_change_pct":-39.7,"margin_change_pts":-1.3},{"period":"2024-05","revenue":78968.349609375,"cost":37366.25,"margin":52.7,"units":3348,"transactions":2696,"profit":41602.099609375,"revenue_change_pct":41.9,"units_change_pct":21.0,"margin_change_pts":0.7},{"period":"2024-06","revenue":62981.0986328125,"cost":29368.75,"margin":53.4,"units":2738,"transactions":2186,"profit":33612.35107421875,"revenue_change_pct":-20.2,"units_change_pct":-18.2,"margin_change_pts":0.7},{"period":"2024-07","revenue":54201.25,"cost":26075.0,"margin":51.9,"units":2006,"transactions":1662,"profit":28126.25,"revenue_change_pct":-13.9,"units_change_pct":-26.7,"margin_change_pts":-1.5},{"period":"2024-08","revenue":48940.498046875,"cost":22040.0,"margin":55.0,"units":1840,"transactions":1464,"profit":26900.50048828125,"revenue_change_pct":-9.7,"units_change_pct":-8.3,"margin_change_pts":3.1},{"period":"2024-09","revenue":30956.25,"cost":14520.0,"margin":53.1,"units":1386,"transactions":1184,"profit":16436.25,"revenue_change_pct":-36.7,"units_change_pct":-24.7,"margin_change_pts":-1.9},{"period":"2024-10","revenue":15430.150146484375,"cost":7870.0,"margin":49.0,"units":716,"transactions":524,"profit":7560.150146484375,"revenue_change_pct":-50.2,"units_change_pct":-48.3,"margin_change_pts":-4.1},{"period":"2024-11","revenue":2609.5001220703125,"cost":1520.0,"margin":41.8,"units":76,"transactions":70,"profit":1089.5000457763672,"revenue_change_pct":-83.1,"units_change_pct":-89.4,"margin_change_pts":-7.2},{"period":"2024-12","revenue":435.0,"cost":240.0,"margin":44.8,"units":12,"transactions":10,"profit":195.0,"revenue_change_pct":-83.3,"units_change_pct":-84.2,"margin_change_pts":3.1},{"period":"2025-03","revenue":13455.750732421875,"cost":6175.050048828125,"margin":54.1,"units":414,"transactions":354,"profit":7280.7000732421875,"revenue_change_pct":2993.3,"units_change_pct":3350.0,"margin_change_pts":9.3},{"period":"2025-04","revenue":40935.50048828125,"cost":17390.849609375,"margin":57.5,"units":1170,"transactions":798,"profit":23544.65087890625,"revenue_change_pct":204.2,"units_change_pct":182.6,"margin_change_pts":3.4},{"period":"2025-05","revenue":40733.125,"cost":17013.7255859375,"margin":58.2,"units":1138,"transactions":714,"profit":23719.3994140625,"revenue_change_pct":-0.5,"units_change_pct":-2.7,"margin_change_pts":0.7},{"period":"2025-06","revenue":33433.75,"cost":14748.75,"margin":55.9,"units":894,"transactions":556,"profit":18685.0,"revenue_change_pct":-17.9,"units_change_pct":-21.4,"margin_change_pts":-2.3},{"period":"2025-07","revenue":3755.1251220703125,"cost":1770.0,"margin":52.9,"units":116,"transactions":110,"profit":1985.1249694824219,"revenue_change_pct":-88.8,"units_change_pct":-87.0,"margin_change_pts":-3.0},{"period":"2025-08","revenue":3317.0001220703125,"cost":1698.75,"margin":48.8,"units":114,"transactions":104,"profit":1618.2499694824219,"revenue_change_pct":-11.7,"units_change_pct":-1.7,"margin_change_pts":-4.1},{"period":"2025-09","revenue":3050.0,"cost":1671.25,"margin":45.2,"units":112,"transactions":108,"profit":1378.75,"revenue_change_pct":-8.0,"units_change_pct":-1.8,"margin_change_pts":-3.6},{"period":"2025-10","revenue":1469.2500305175781,"cost":726.25,"margin":50.6,"units":46,"transactions":40,"profit":743.0000305175781,"revenue_change_pct":-51.8,"units_change_pct":-58.9,"margin_change_pts":5.4}],"share_of_category":[{"category":"DISPOSABLE VAPE","brand_revenue":428336.5625,"category_revenue":30552405.0,"revenue_share_pct":1.399999976158142,"brand_units":10190,"category_units":756548,"units_share_pct":1.3},{"category":"PRE ROLL","brand_revenue":170532.9296875,"category_revenue":14009791.25,"revenue_share_pct":1.2000000476837158,"brand_units":15682,"category_units":1485736,"units_share_pct":1.1},{"category":"FLOWER","brand_revenue":99821.591796875,"category_revenue":77755450.0,"revenue_share_pct":0.10000000149011612,"brand_units":3030,"category_units":2708446,"units_share_pct":0.1},{"category":"CONCENTRATE","brand_revenue":94110.87890625,"category_revenue":7866357.5,"revenue_share_pct":1.2000000476837158,"brand_units":3180,"category_units":316632,"units_share_pct":1.0},{"category":"CARTRIDGE","brand_revenue":85735.8984375,"category_revenue":46155130.0,"revenue_share_pct":0.20000000298023224,"brand_units":2448,"category_units":1532896,"units_share_pct":0.2}],"share_of_category_trend":{"DISPOSABLE VAPE":[{"period":"2024-01","brand_revenue":36897.5,"category_revenue":933474.921875,"share_pct":4.0},{"period":"2024-02","brand_revenue":45369.1259765625,"category_revenue":877782.109375,"share_pct":5.199999809265137},{"period":"2024-03","brand_revenue":36529.27490234375,"category_revenue":990692.03125,"share_pct":3.700000047683716},{"period":"2024-04","brand_revenue":7833.2501220703125,"category_revenue":971952.1875,"share_pct":0.800000011920929},{"period":"2024-05","brand_revenue":42270.3759765625,"category_revenue":1035100.46875,"share_pct":4.099999904632568},{"period":"2024-06","brand_revenue":37080.74951171875,"category_revenue":1039794.21875,"share_pct":3.5999999046325684},{"period":"2024-07","brand_revenue":39481.75048828125,"category_revenue":1081636.5625,"share_pct":3.700000047683716},{"period":"2024-08","brand_revenue":37957.7490234375,"category_revenue":1098658.125,"share_pct":3.5},{"period":"2024-09","brand_revenue":21636.4990234375,"category_revenue":1056394.53125,"share_pct":2.0},{"period":"2024-10","brand_revenue":11219.25048828125,"category_revenue":1197041.171875,"share_pct":0.8999999761581421},{"period":"2024-11","brand_revenue":2609.5001220703125,"category_revenue":1193980.234375,"share_pct":0.20000000298023224},{"period":"2024-12","brand_revenue":435.0,"category_revenue":1222008.984375,"share_pct":0.0},{"period":"2025-01","brand_revenue":0.0,"category_revenue":1100552.421875,"share_pct":0.0},{"period":"2025-02","brand_revenue":0.0,"category_revenue":1167271.25,"share_pct":0.0},{"period":"2025-03","brand_revenue":7180.0,"category_revenue":1348856.71875,"share_pct":0.5},{"period":"2025-04","brand_revenue":30446.25,"category_revenue":1414639.84375,"share_pct":2.200000047683716},{"period":"2025-05","brand_revenue":34556.4990234375,"category_revenue":1460588.4375,"share_pct":2.4000000953674316},{"period":"2025-06","brand_revenue":30540.0,"category_revenue":1320852.96875,"share_pct":2.299999952316284},{"period":"2025-07","brand_revenue":2152.5,"category_revenue":1451194.84375,"share_pct":0.10000000149011612},{"period":"2025-08","brand_revenue":1640.0,"category_revenue":1403520.625,"share_pct":0.10000000149011612},{"period":"2025-09","brand_revenue":1398.75,"category_revenue":1317518.125,"share_pct":0.10000000149011612},{"period":"2025-10","brand_revenue":1102.5,"category_revenue":1511693.75,"share_pct":0.10000000149011612},{"period":"2025-11","brand_revenue":0.0,"category_revenue":1481709.21875,"share_pct":0.0},{"period":"2025-12","brand_revenue":0.0,"category_revenue":1476896.875,"share_pct":0.0},{"period":"2026-01","brand_revenue":0.0,"category_revenue":1398594.84375,"share_pct":0.0}],"PRE ROLL":[{"period":"2024-01","brand_revenue":33665.32470703125,"category_revenue":508338.515625,"share_pct":6.599999904632568},{"period":"2024-02","brand_revenue":22430.74951171875,"category_revenue":489393.671875,"share_pct":4.599999904632568},{"period":"2024-03","brand_revenue":25758.24951171875,"category_revenue":520052.3828125,"share_pct":5.0},{"period":"2024-04","brand_revenue":17242.5,"category_revenue":491300.6640625,"share_pct":3.5},{"period":"2024-05","brand_revenue":19276.12548828125,"category_revenue":542202.890625,"share_pct":3.5999999046325684},{"period":"2024-06","brand_revenue":17942.099609375,"category_revenue":507288.8671875,"share_pct":3.5},{"period":"2024-07","brand_revenue":9704.500122070312,"category_revenue":524250.9765625,"share_pct":1.899999976158142},{"period":"2024-08","brand_revenue":10982.750244140625,"category_revenue":612518.7109375,"share_pct":1.7999999523162842},{"period":"2024-09","brand_revenue":9319.749755859375,"category_revenue":586543.0078125,"share_pct":1.600000023841858},{"period":"2024-10","brand_revenue":4210.899963378906,"category_revenue":641449.1796875,"share_pct":0.699999988079071},{"period":"2024-11","brand_revenue":0.0,"category_revenue":579866.71875,"share_pct":0.0},{"period":"2024-12","brand_revenue":0.0,"category_revenue":582999.5703125,"share_pct":0.0},{"period":"2025-01","brand_revenue":0.0,"category_revenue":544095.3125,"share_pct":0.0},{"period":"2025-02","brand_revenue":0.0,"category_revenue":500875.5859375,"share_pct":0.0},{"period":"2025-03","brand_revenue":0.0,"category_revenue":551422.0703125,"share_pct":0.0},{"period":"2025-04","brand_revenue":0.0,"category_revenue":568189.375,"share_pct":0.0},{"period":"2025-05","brand_revenue":0.0,"category_revenue":565516.875,"share_pct":0.0},{"period":"2025-06","brand_revenue":0.0,"category_revenue":560506.71875,"share_pct":0.0},{"period":"2025-07","brand_revenue":0.0,"category_revenue":600916.09375,"share_pct":0.0},{"period":"2025-08","brand_revenue":0.0,"category_revenue":620247.5,"share_pct":0.0},{"period":"2025-09","brand_revenue":0.0,"category_revenue":608971.09375,"share_pct":0.0},{"period":"2025-10","brand_revenue":0.0,"category_revenue":645293.1640625,"share_pct":0.0},{"period":"2025-11","brand_revenue":0.0,"category_revenue":581113.4765625,"share_pct":0.0},{"period":"2025-12","brand_revenue":0.0,"category_revenue":553088.5546875,"share_pct":0.0},{"period":"2026-01","brand_revenue":0.0,"category_revenue":523350.9375,"share_pct":0.0}],"FLOWER":[{"period":"2024-01","brand_revenue":42313.5498046875,"category_revenue":3552357.8125,"share_pct":1.2000000476837158},{"period":"2024-02","brand_revenue":21556.35009765625,"category_revenue":3535245.625,"share_pct":0.6000000238418579},{"period":"2024-03","brand_revenue":14758.1494140625,"category_revenue":3693805.625,"share_pct":0.4000000059604645},{"period":"2024-04","brand_revenue":5248.175048828125,"category_revenue":3541899.6875,"share_pct":0.10000000149011612},{"period":"2024-05","brand_revenue":3632.8750610351562,"category_revenue":3537479.375,"share_pct":0.10000000149011612},{"period":"2024-06","brand_revenue":7297.5,"category_revenue":3403269.6875,"share_pct":0.20000000298023224},{"period":"2024-07","brand_revenue":5015.0,"category_revenue":3457705.9375,"share_pct":0.10000000149011612},{"period":"2024-08","brand_revenue":0.0,"category_revenue":3453819.375,"share_pct":0.0},{"period":"2024-09","brand_revenue":0.0,"category_revenue":3316441.5625,"share_pct":0.0},{"period":"2024-10","brand_revenue":0.0,"category_revenue":3585775.0,"share_pct":0.0},{"period":"2024-11","brand_revenue":0.0,"category_revenue":3454855.3125,"share_pct":0.0},{"period":"2024-12","brand_revenue":0.0,"category_revenue":3226567.8125,"share_pct":0.0},{"period":"2025-01","brand_revenue":0.0,"category_revenue":2984938.125,"share_pct":0.0},{"period":"2025-02","brand_revenue":0.0,"category_revenue":2816220.0,"share_pct":0.0},{"period":"2025-03","brand_revenue":0.0,"category_revenue":2911379.6875,"share_pct":0.0},{"period":"2025-04","brand_revenue":0.0,"category_revenue":3118895.3125,"share_pct":0.0},{"period":"2025-05","brand_revenue":0.0,"category_revenue":2887345.0,"share_pct":0.0},{"period":"2025-06","brand_revenue":0.0,"category_revenue":2773698.125,"share_pct":0.0},{"period":"2025-07","brand_revenue":0.0,"category_revenue":2782763.125,"share_pct":0.0},{"period":"2025-08","brand_revenue":0.0,"category_revenue":2733122.8125,"share_pct":0.0},{"period":"2025-09","brand_revenue":0.0,"category_revenue":2603501.5625,"share_pct":0.0},{"period":"2025-10","brand_revenue":0.0,"category_revenue":2663705.0,"share_pct":0.0},{"period":"2025-11","brand_revenue":0.0,"category_revenue":2700189.0625,"share_pct":0.0},{"period":"2025-12","brand_revenue":0.0,"category_revenue":2515209.53125,"share_pct":0.0},{"period":"2026-01","brand_revenue":0.0,"category_revenue":2505261.875,"share_pct":0.0}],"CONCENTRATE":[{"period":"2024-01","brand_revenue":12582.5,"category_revenue":351129.609375,"share_pct":3.5999999046325684},{"period":"2024-02","brand_revenue":12027.5,"category_revenue":371224.4921875,"share_pct":3.200000047683716},{"period":"2024-03","brand_revenue":12818.125,"category_revenue":375964.296875,"share_pct":3.4000000953674316},{"period":"2024-04","brand_revenue":16449.25048828125,"category_revenue":352745.859375,"share_pct":4.699999809265137},{"period":"2024-05","brand_revenue":9100.499877929688,"category_revenue":346027.5,"share_pct":2.5999999046325684},{"period":"2024-06","brand_revenue":0.0,"category_revenue":310723.3984375,"share_pct":0.0},{"period":"2024-07","brand_revenue":0.0,"category_revenue":336220.078125,"share_pct":0.0},{"period":"2024-08","brand_revenue":0.0,"category_revenue":324004.04296875,"share_pct":0.0},{"period":"2024-09","brand_revenue":0.0,"category_revenue":326834.1796875,"share_pct":0.0},{"period":"2024-10","brand_revenue":0.0,"category_revenue":324500.859375,"share_pct":0.0},{"period":"2024-11","brand_revenue":0.0,"category_revenue":351240.0390625,"share_pct":0.0},{"period":"2024-12","brand_revenue":0.0,"category_revenue":324145.4296875,"share_pct":0.0},{"period":"2025-01","brand_revenue":0.0,"category_revenue":325749.19921875,"share_pct":0.0},{"period":"2025-02","brand_revenue":0.0,"category_revenue":300499.0234375,"share_pct":0.0},{"period":"2025-03","brand_revenue":6275.7501220703125,"category_revenue":298171.5234375,"share_pct":2.0999999046325684},{"period":"2025-04","brand_revenue":10489.25048828125,"category_revenue":343355.625,"share_pct":3.0999999046325684},{"period":"2025-05","brand_revenue":6176.624755859375,"category_revenue":288836.62109375,"share_pct":2.0999999046325684},{"period":"2025-06","brand_revenue":2893.75,"category_revenue":280928.33984375,"share_pct":1.0},{"period":"2025-07","brand_revenue":1602.6249694824219,"category_revenue":283604.1796875,"share_pct":0.6000000238418579},{"period":"2025-08","brand_revenue":1677.0001220703125,"category_revenue":274773.76953125,"share_pct":0.6000000238418579},{"period":"2025-09","brand_revenue":1651.25,"category_revenue":264599.19921875,"share_pct":0.6000000238418579},{"period":"2025-10","brand_revenue":366.74999237060547,"category_revenue":277515.46875,"share_pct":0.10000000149011612},{"period":"2025-11","brand_revenue":0.0,"category_revenue":295773.3203125,"share_pct":0.0},{"period":"2025-12","brand_revenue":0.0,"category_revenue":267042.05078125,"share_pct":0.0},{"period":"2026-01","brand_revenue":0.0,"category_revenue":270749.70703125,"share_pct":0.0}],"CARTRIDGE":[{"period":"2024-01","brand_revenue":29420.17578125,"category_revenue":2057675.625,"share_pct":1.399999976158142},{"period":"2024-02","brand_revenue":20794.49951171875,"category_revenue":2141777.8125,"share_pct":1.0},{"period":"2024-03","brand_revenue":21298.75,"category_revenue":2288552.1875,"share_pct":0.8999999761581421},{"period":"2024-04","brand_revenue":8873.250122070312,"category_revenue":2096820.46875,"share_pct":0.4000000059604645},{"period":"2024-05","brand_revenue":4688.475036621094,"category_revenue":2138038.59375,"share_pct":0.20000000298023224},{"period":"2024-06","brand_revenue":660.7499694824219,"category_revenue":2017623.90625,"share_pct":0.0},{"period":"2024-07","brand_revenue":0.0,"category_revenue":2031918.28125,"share_pct":0.0},{"period":"2024-08","brand_revenue":0.0,"category_revenue":2132382.65625,"share_pct":0.0},{"period":"2024-09","brand_revenue":0.0,"category_revenue":1955407.03125,"share_pct":0.0},{"period":"2024-10","brand_revenue":0.0,"category_revenue":2083993.125,"share_pct":0.0},{"period":"2024-11","brand_revenue":0.0,"category_revenue":2038609.375,"share_pct":0.0},{"period":"2024-12","brand_revenue":0.0,"category_revenue":2003932.03125,"share_pct":0.0},{"period":"2025-01","brand_revenue":0.0,"category_revenue":1921719.21875,"share_pct":0.0},{"period":"2025-02","brand_revenue":0.0,"category_revenue":1668647.5,"share_pct":0.0},{"period":"2025-03","brand_revenue":0.0,"category_revenue":1758711.25,"share_pct":0.0},{"period":"2025-04","brand_revenue":0.0,"category_revenue":1735997.5,"share_pct":0.0},{"period":"2025-05","brand_revenue":0.0,"category_revenue":1688800.46875,"share_pct":0.0},{"period":"2025-06","brand_revenue":0.0,"category_revenue":1594515.0,"share_pct":0.0},{"period":"2025-07","brand_revenue":0.0,"category_revenue":1595739.53125,"share_pct":0.0},{"period":"2025-08","brand_revenue":0.0,"category_revenue":1677489.6875,"share_pct":0.0},{"period":"2025-09","brand_revenue":0.0,"category_revenue":1539547.96875,"share_pct":0.0},{"period":"2025-10","brand_revenue":0.0,"category_revenue":1548909.21875,"share_pct":0.0},{"period":"2025-11","brand_revenue":0.0,"category_revenue":1545430.15625,"share_pct":0.0},{"period":"2025-12","brand_revenue":0.0,"category_revenue":1467828.28125,"share_pct":0.0},{"period":"2026-01","brand_revenue":0.0,"category_revenue":1425064.0625,"share_pct":0.0}]},"discount_depth":[{"tier":"0% (Full Price)","transactions":13284,"pct_of_transactions":44.2,"revenue":434937.5,"avg_discount":0.0},{"tier":"1-10%","transactions":1486,"pct_of_transactions":4.9,"revenue":46434.853515625,"avg_discount":20.0},{"tier":"11-20%","transactions":964,"pct_of_transactions":3.2,"revenue":26007.4755859375,"avg_discount":37.79999923706055},{"tier":"21-30%","transactions":3152,"pct_of_transactions":10.5,"revenue":103917.900390625,"avg_discount":54.0},{"tier":"31%+","transactions":1134,"pct_of_transactions":3.8,"revenue":21510.37353515625,"avg_discount":94.5999984741211}],"velocity":{"units_per_day":51.84,"revenue_per_day":1319.1250610351562,"avg_units_per_txn":2.58,"days_of_data":666,"total_units":34530,"total_transactions":26776},"velocity_by_category":[{"category":"PRE ROLL","brand_units_per_day":20.58,"category_avg_units_per_day":42.38,"velocity_index":48.6,"brand_rev_per_unit":8.7,"category_rev_per_unit":7.54,"brands_in_category":46},{"category":"DISPOSABLE VAPE","brand_units_per_day":13.38,"category_avg_units_per_day":28.36,"velocity_index":47.1,"brand_rev_per_unit":33.63,"category_rev_per_unit":32.31,"brands_in_category":35},{"category":"CONCENTRATE","brand_units_per_day":4.18,"category_avg_units_per_day":15.38,"velocity_index":27.1,"brand_rev_per_unit":23.68,"category_rev_per_unit":19.88,"brands_in_category":27},{"category":"FLOWER","brand_units_per_day":3.98,"category_avg_units_per_day":55.54,"velocity_index":7.2,"brand_rev_per_unit":26.36,"category_rev_per_unit":22.97,"brands_in_category":64},{"category":"CARTRIDGE","brand_units_per_day":3.22,"category_avg_units_per_day":74.5,"velocity_index":4.3,"brand_rev_per_unit":28.02,"category_rev_per_unit":24.09,"brands_in_category":27}],"deals":[{"deal_name":"Industry - 30% Off","times_used":6070,"units":7472.0,"revenue":152182.64979839325,"discounts":65274.850227832794,"cost":85865.32499999274,"profit":66317.32479393482,"pre_discount_revenue":217457.5,"margin":43.6,"avg_discount":60.0},{"deal_name":"Sauced Dispos 2 for $60","times_used":732,"units":1532.0,"revenue":57470.0,"discounts":19455.0,"cost":24885.79999998212,"profit":32584.199981689453,"pre_discount_revenue":76925.0,"margin":56.7,"avg_discount":50.6},{"deal_name":"30% Off Special","times_used":650,"units":734.0,"revenue":22069.25009250641,"discounts":9458.25001001358,"cost":11819.474999983795,"profit":10249.774973392487,"pre_discount_revenue":31527.5,"margin":46.4,"avg_discount":60.0},{"deal_name":"Senior - 10% Off","times_used":438,"units":680.0,"revenue":16601.624929904938,"discounts":1869.62500333786,"cost":7481.25,"profit":9120.374960899353,"pre_discount_revenue":18471.25,"margin":54.9,"avg_discount":20.2},{"deal_name":"Veterans - 10% Off","times_used":326,"units":396.0,"revenue":8820.57498216629,"discounts":983.1750014424324,"cost":3817.5,"profit":5003.074976205826,"pre_discount_revenue":9803.75,"margin":56.7,"avg_discount":20.0},{"deal_name":"Industry 30% Off","times_used":294,"units":396.0,"revenue":12468.125102519989,"discounts":5356.875026226044,"cost":6243.824999998324,"profit":6224.299972653389,"pre_discount_revenue":17825.0,"margin":49.9,"avg_discount":60.2},{"deal_name":"Jackpot - Locals 30% Off","times_used":200,"units":272.0,"revenue":4711.00004196167,"discounts":2019.0000128746033,"cost":2600.0,"profit":2110.9999895095825,"pre_discount_revenue":6730.0,"margin":44.8,"avg_discount":60.0},{"deal_name":"Senior / Veterans - 20% Off","times_used":192,"units":390.0,"revenue":8677.000007629395,"discounts":2163.0000019073486,"cost":4405.0,"profit":4272.000008821487,"pre_discount_revenue":10840.0,"margin":49.2,"avg_discount":40.0},{"deal_name":"$50 Quarter Special","times_used":154,"units":264.0,"revenue":8273.75,"discounts":3143.75,"cost":4950.0,"profit":3323.75,"pre_discount_revenue":11417.5,"margin":40.2,"avg_discount":55.0},{"deal_name":"2 for $50 Real McCoy / Homies / Matrix / Sauced","times_used":94,"units":174.0,"revenue":5461.25,"discounts":2072.5,"cost":3262.5,"profit":2198.75,"pre_discount_revenue":7533.75,"margin":40.3,"avg_discount":55.0},{"deal_name":"Stock & Save - PR - 5 for $30","times_used":80,"units":184.0,"revenue":1380.0,"discounts":920.0,"cost":920.0,"profit":460.0,"pre_discount_revenue":2300.0,"margin":33.3,"avg_discount":80.0},{"deal_name":"Pre-Rolls 5 for $40","times_used":74,"units":134.0,"revenue":1340.0,"discounts":335.0,"cost":670.0,"profit":670.0,"pre_discount_revenue":1675.0,"margin":50.0,"avg_discount":40.0},{"deal_name":"Sauced/ MOJO Concentrate 2g for $40","times_used":70,"units":148.0,"revenue":3700.0,"discounts":2127.5,"cost":2035.0,"profit":1665.0,"pre_discount_revenue":5827.5,"margin":45.0,"avg_discount":73.0},{"deal_name":"LVAC - 25% Off","times_used":36,"units":42.0,"revenue":926.25,"discounts":308.75,"cost":425.0249999994412,"profit":501.2249994277954,"pre_discount_revenue":1235.0,"margin":54.1,"avg_discount":50.0},{"deal_name":"Sauced - 30% Off","times_used":28,"units":30.0,"revenue":952.0000076293945,"discounts":408.00000190734863,"cost":481.25,"profit":470.74999809265137,"pre_discount_revenue":1360.0,"margin":49.4,"avg_discount":60.0},{"deal_name":"25-30% Off","times_used":26,"units":30.0,"revenue":843.75,"discounts":281.25,"cost":412.5,"profit":431.25,"pre_discount_revenue":1125.0,"margin":51.1,"avg_discount":50.0},{"deal_name":"Employee 30% - NOT FRIDAYS","times_used":24,"units":28.0,"revenue":777.0000171661377,"discounts":333.0000042915344,"cost":428.75,"profit":348.2499957084656,"pre_discount_revenue":1110.0,"margin":44.8,"avg_discount":60.0},{"deal_name":"Employee - 40% OFF","times_used":22,"units":26.0,"revenue":549.0000104904175,"discounts":365.9999895095825,"cost":376.25,"profit":172.74999737739563,"pre_discount_revenue":915.0,"margin":31.5,"avg_discount":80.0},{"deal_name":"Sauced Concentrate - 2 grams for $40","times_used":20,"units":40.0,"revenue":1000.0,"discounts":400.0,"cost":550.0,"profit":450.0,"pre_discount_revenue":1400.0,"margin":45.0,"avg_discount":57.2},{"deal_name":"Sauced Concentrate 2g for $45","times_used":12,"units":24.0,"revenue":675.0,"discounts":105.0,"cost":330.0,"profit":345.0,"pre_discount_revenue":780.0,"margin":51.1,"avg_discount":27.0},{"deal_name":"25% Off Special","times_used":4,"units":4.0,"revenue":131.25,"discounts":43.75,"cost":75.0,"profit":56.25,"pre_discount_revenue":175.0,"margin":42.9,"avg_discount":50.0},{"deal_name":"Reno - Early Bird - Senior / Veterans - 20%","times_used":2,"units":2.0,"revenue":50.0,"discounts":12.5,"cost":27.5,"profit":22.5,"pre_discount_revenue":62.5,"margin":45.0,"avg_discount":40.0},{"deal_name":"4 for $30 Pre Rolls","times_used":2,"units":8.0,"revenue":75.0,"discounts":25.0,"cost":40.0,"profit":35.0,"pre_discount_revenue":100.0,"margin":46.7,"avg_discount":50.0},{"deal_name":"Voucher - 35% Off One Item","times_used":2,"units":2.0,"revenue":16.25,"discounts":8.75,"cost":10.0,"profit":6.25,"pre_discount_revenue":25.0,"margin":38.5,"avg_discount":70.0}],"top_products":[{"product":"WHITE FIRE SHERBET LR DISPOSABLE VAPE - SAUCED","units":1692,"revenue":69750.0,"cost":32165.0,"profit":37585.0,"transactions":1584,"margin":53.900001525878906},{"product":"WATERMELON BOMB LR DISPOSABLE VAPE - SAUCED","units":1522,"revenue":64166.25,"cost":29096.25,"profit":35070.0,"transactions":1428,"margin":54.70000076293945},{"product":"PURPLE URKLE LR DISPOSABLE VAPE - SAUCED","units":1322,"revenue":57023.251953125,"cost":26440.0,"profit":30583.24951171875,"transactions":1208,"margin":53.599998474121094},{"product":"AREA 51 LR DISPOSABLE VAPE - SAUCED","units":1342,"revenue":55671.748046875,"cost":25571.25,"profit":30100.50048828125,"transactions":1272,"margin":54.099998474121094},{"product":"STRAWBERRY JAM LR DISPOSABLE VAPE - SAUCED","units":1048,"revenue":44395.0,"cost":19647.5,"profit":24747.5,"transactions":986,"margin":55.70000076293945},{"product":"WHOA SI WHOA PRE ROLL - SAUCED","units":4042,"revenue":42392.7978515625,"cost":20210.0,"profit":22182.80029296875,"transactions":3342,"margin":52.29999923706055},{"product":"JUNGLE JUICE LR DISPOSABLE VAPE - SAUCED","units":960,"revenue":42076.0009765625,"cost":19200.0,"profit":22876.0009765625,"transactions":926,"margin":54.400001525878906},{"product":"DON MEGA PRE ROLL - SAUCED","units":3792,"revenue":41457.9248046875,"cost":18960.0,"profit":22497.9248046875,"transactions":3158,"margin":54.29999923706055},{"product":"APPLES & BANANAS PRE ROLL - SAUCED","units":2472,"revenue":27467.97607421875,"cost":12360.0,"profit":15107.974853515625,"transactions":2004,"margin":55.0},{"product":"JENNY KUSH BADDER - SAUCED","units":936,"revenue":27260.2490234375,"cost":13750.0,"profit":13510.250244140625,"transactions":848,"margin":49.599998474121094},{"product":"PINEAPPLE WHIP LR DISPOSABLE VAPE - SAUCED","units":640,"revenue":25901.0009765625,"cost":11887.5,"profit":14013.499755859375,"transactions":588,"margin":54.099998474121094},{"product":"HOLLYWOOD REUNION BADDER - SAUCED","units":716,"revenue":24340.2490234375,"cost":11005.0,"profit":13335.250244140625,"transactions":630,"margin":54.79999923706055},{"product":"CHIPZ AHOY EIGHTH - SAUCED","units":678,"revenue":24034.1748046875,"cost":12712.5,"profit":11321.6748046875,"transactions":622,"margin":47.099998474121094},{"product":"WIFI SHERBERT EIGHTH - SAUCED","units":680,"revenue":22355.3759765625,"cost":12750.0,"profit":9605.374755859375,"transactions":612,"margin":43.0},{"product":"GARLIC COCKTAIL PRE ROLL - SAUCED","units":1946,"revenue":21652.7001953125,"cost":9730.0,"profit":11922.7001953125,"transactions":1538,"margin":55.099998474121094},{"product":"GSC X GELATO EIGHTH - SAUCED","units":582,"revenue":18301.2255859375,"cost":10912.5,"profit":7388.7249755859375,"transactions":442,"margin":40.400001525878906},{"product":"JELLY DONUT LR DISPOSABLE VAPE - SAUCED","units":436,"revenue":18269.525146484375,"cost":8720.0,"profit":9549.525146484375,"transactions":410,"margin":52.29999923706055},{"product":"SHERBCAKE PRE ROLL - SAUCED","units":1616,"revenue":18116.724853515625,"cost":8080.0,"profit":10036.724853515625,"transactions":1324,"margin":55.400001525878906},{"product":"YUZU LR DISPOSABLE VAPE - SAUCED","units":460,"revenue":17558.75,"cost":7087.9998779296875,"profit":10470.74951171875,"transactions":408,"margin":59.599998474121094},{"product":"SLURRICANE LIVE RESIN CART - SAUCED","units":464,"revenue":15979.124755859375,"cost":7250.0,"profit":8729.124755859375,"transactions":434,"margin":54.599998474121094},{"product":"STARDUST OG CURED RESIN BADDER - SAUCED","units":588,"revenue":15588.75,"cost":8085.0,"profit":7503.75,"transactions":548,"margin":48.099998474121094},{"product":"GARLIC GUSHERS CURED RESIN BADDER - SAUCED","units":584,"revenue":15544.25048828125,"cost":8030.0,"profit":7514.2498779296875,"transactions":540,"margin":48.29999923706055},{"product":"ORANGE DREAMSICLE LR CART - SAUCED","units":408,"revenue":15080.10009765625,"cost":6725.0,"profit":8355.10009765625,"transactions":356,"margin":55.400001525878906},{"product":"ORANGE TRIANGLE LR DISPOSABLE VAPE - SAUCED","units":300,"revenue":13650.0,"cost":6000.0,"profit":7650.0,"transactions":290,"margin":56.0},{"product":"GARLIC CREAM EIGHTH - SAUCED","units":404,"revenue":13556.875,"cost":7575.0,"profit":5981.875,"transactions":364,"margin":44.099998474121094}],"products_by_store":{"Elevation Springs":[{"product":"AREA 51 LR DISPOSABLE VAPE - SAUCED","units":496,"revenue":20670.0,"cost":9738.75,"profit":10931.25,"transactions":472,"margin":52.900001525878906},{"product":"JUNGLE JUICE LR DISPOSABLE VAPE - SAUCED","units":362,"revenue":15705.0,"cost":7240.0,"profit":8465.0,"transactions":356,"margin":53.900001525878906},{"product":"PURPLE URKLE LR DISPOSABLE VAPE - SAUCED","units":328,"revenue":13780.0,"cost":6560.0,"profit":7220.0,"transactions":302,"margin":52.400001525878906},{"product":"WHITE FIRE SHERBET LR DISPOSABLE VAPE - SAUCED","units":312,"revenue":12740.0,"cost":5883.75,"profit":6856.25,"transactions":296,"margin":53.79999923706055},{"product":"WATERMELON BOMB LR DISPOSABLE VAPE - SAUCED","units":302,"revenue":12555.0,"cost":5777.5,"profit":6777.5,"transactions":286,"margin":54.0},{"product":"JENNY KUSH BADDER - SAUCED","units":322,"revenue":9487.999877929688,"cost":4427.5,"profit":5060.4998779296875,"transactions":286,"margin":53.29999923706055},{"product":"STRAWBERRY JAM LR DISPOSABLE VAPE - SAUCED","units":220,"revenue":9065.0,"cost":4175.0,"profit":4890.0,"transactions":210,"margin":53.900001525878906},{"product":"WHOA SI WHOA PRE ROLL - SAUCED","units":858,"revenue":8641.500244140625,"cost":4290.0,"profit":4351.499938964844,"transactions":672,"margin":50.400001525878906},{"product":"HOLLYWOOD REUNION BADDER - SAUCED","units":250,"revenue":8037.5,"cost":3437.5,"profit":4600.0,"transactions":226,"margin":57.20000076293945},{"product":"PINEAPPLE WHIP LR DISPOSABLE VAPE - SAUCED","units":196,"revenue":7940.0,"cost":3770.0,"profit":4170.0,"transactions":184,"margin":52.5},{"product":"DON MEGA PRE ROLL - SAUCED","units":754,"revenue":7880.0,"cost":3770.0,"profit":4110.0,"transactions":626,"margin":52.20000076293945},{"product":"CHIPZ AHOY EIGHTH - SAUCED","units":202,"revenue":7192.5,"cost":3787.5,"profit":3405.0,"transactions":170,"margin":47.29999923706055},{"product":"GARLIC CREAM EIGHTH - SAUCED","units":202,"revenue":7028.125,"cost":3787.5,"profit":3240.625,"transactions":192,"margin":46.099998474121094},{"product":"APPLES & BANANAS PRE ROLL - SAUCED","units":652,"revenue":6857.5,"cost":3260.0,"profit":3597.5,"transactions":538,"margin":52.5},{"product":"WIFI SHERBERT EIGHTH - SAUCED","units":198,"revenue":6825.0,"cost":3712.5,"profit":3112.5,"transactions":180,"margin":45.599998474121094}],"Elevation Mesa":[{"product":"WATERMELON BOMB LR DISPOSABLE VAPE - SAUCED","units":352,"revenue":14283.75,"cost":6733.75,"profit":7550.0,"transactions":320,"margin":52.900001525878906},{"product":"DON MEGA PRE ROLL - SAUCED","units":1236,"revenue":13828.824462890625,"cost":6180.0,"profit":7648.8250732421875,"transactions":1016,"margin":55.29999923706055},{"product":"WHITE FIRE SHERBET LR DISPOSABLE VAPE - SAUCED","units":312,"revenue":12541.25,"cost":5890.0,"profit":6651.25,"transactions":294,"margin":53.0},{"product":"WHOA SI WHOA PRE ROLL - SAUCED","units":1002,"revenue":10235.250244140625,"cost":5010.0,"profit":5225.250244140625,"transactions":826,"margin":51.099998474121094},{"product":"GARLIC COCKTAIL PRE ROLL - SAUCED","units":858,"revenue":9857.449951171875,"cost":4290.0,"profit":5567.449951171875,"transactions":700,"margin":56.5},{"product":"APPLES & BANANAS PRE ROLL - SAUCED","units":846,"revenue":9775.250244140625,"cost":4230.0,"profit":5545.250244140625,"transactions":690,"margin":56.70000076293945},{"product":"JENNY KUSH BADDER - SAUCED","units":320,"revenue":9133.75,"cost":4660.0,"profit":4473.75,"transactions":288,"margin":49.0},{"product":"CHIPZ AHOY EIGHTH - SAUCED","units":250,"revenue":8758.75,"cost":4687.5,"profit":4071.25,"transactions":236,"margin":46.5},{"product":"HOLLYWOOD REUNION BADDER - SAUCED","units":250,"revenue":7955.0,"cost":3937.5,"profit":4017.5,"transactions":208,"margin":50.5},{"product":"WIFI SHERBERT EIGHTH - SAUCED","units":250,"revenue":7867.5,"cost":4687.5,"profit":3180.0,"transactions":220,"margin":40.400001525878906},{"product":"GARLIC CREAM EIGHTH - SAUCED","units":202,"revenue":6528.75,"cost":3787.5,"profit":2741.25,"transactions":172,"margin":42.0},{"product":"GSC X GELATO EIGHTH - SAUCED","units":200,"revenue":6476.5496826171875,"cost":3750.0,"profit":2726.5499877929688,"transactions":154,"margin":42.099998474121094},{"product":"AREA 51 LR DISPOSABLE VAPE - SAUCED","units":130,"revenue":5160.0,"cost":2443.75,"profit":2716.25,"transactions":118,"margin":52.599998474121094},{"product":"BLUE SLUSHEE LR DISPOSABLE VAPE - SAUCED","units":124,"revenue":4710.0,"cost":979.5749664306641,"profit":3730.4251098632812,"transactions":118,"margin":79.19999694824219},{"product":"WEDDING CAKE BADDER - SAUCED","units":148,"revenue":4499.8748779296875,"cost":2035.0,"profit":2464.875030517578,"transactions":148,"margin":54.79999923706055}],"Elevation Oasis":[{"product":"WHITE FIRE SHERBET LR DISPOSABLE VAPE - SAUCED","units":306,"revenue":13025.0,"cost":5613.75,"profit":7411.25,"transactions":268,"margin":56.900001525878906},{"product":"PURPLE URKLE LR DISPOSABLE VAPE - SAUCED","units":244,"revenue":11340.0,"cost":4880.0,"profit":6460.0,"transactions":194,"margin":57.0},{"product":"STRAWBERRY JAM LR DISPOSABLE VAPE - SAUCED","units":160,"revenue":6930.0,"cost":2887.5,"profit":4042.5,"transactions":136,"margin":58.29999923706055},{"product":"AREA 51 LR DISPOSABLE VAPE - SAUCED","units":160,"revenue":6820.0,"cost":2887.5,"profit":3932.5,"transactions":144,"margin":57.70000076293945},{"product":"WATERMELON BOMB LR DISPOSABLE VAPE - SAUCED","units":150,"revenue":5880.0,"cost":2531.25,"profit":3348.75,"transactions":142,"margin":57.0},{"product":"WHOA SI WHOA PRE ROLL - SAUCED","units":492,"revenue":5381.25,"cost":2460.0,"profit":2921.25,"transactions":392,"margin":54.29999923706055},{"product":"JUNGLE JUICE LR DISPOSABLE VAPE - SAUCED","units":100,"revenue":4860.0,"cost":2000.0,"profit":2860.0,"transactions":94,"margin":58.79999923706055},{"product":"ORANGE TRIANGLE LR DISPOSABLE VAPE - SAUCED","units":100,"revenue":4747.5,"cost":2000.0,"profit":2747.5,"transactions":94,"margin":57.900001525878906},{"product":"JELLY DONUT LR DISPOSABLE VAPE - SAUCED","units":98,"revenue":4600.0,"cost":1960.0,"profit":2640.0,"transactions":90,"margin":57.400001525878906},{"product":"YUZU LR DISPOSABLE VAPE - SAUCED","units":100,"revenue":3805.0,"cost":1687.5,"profit":2117.5,"transactions":78,"margin":55.70000076293945},{"product":"DON MEGA PRE ROLL - SAUCED","units":256,"revenue":2951.25,"cost":1280.0,"profit":1671.25,"transactions":192,"margin":56.599998474121094},{"product":"GARLIC GUSHERS CURED RESIN BADDER - SAUCED","units":96,"revenue":2814.5001220703125,"cost":1320.0,"profit":1494.4999694824219,"transactions":80,"margin":53.099998474121094},{"product":"CHEM FERNANDO VALLEY PRE ROLL - SAUCED","units":272,"revenue":2752.5,"cost":1360.0,"profit":1392.5,"transactions":202,"margin":50.599998474121094},{"product":"STARDUST OG CURED RESIN BADDER - SAUCED","units":98,"revenue":2718.5000610351562,"cost":1347.5,"profit":1371.0000610351562,"transactions":82,"margin":50.400001525878906},{"product":"FATSO PRE ROLL - SAUCED","units":192,"revenue":2187.5,"cost":960.0,"profit":1227.5,"transactions":112,"margin":56.099998474121094}],"Elevation Midtown":[{"product":"WHITE FIRE SHERBET LR DISPOSABLE VAPE - SAUCED","units":404,"revenue":17728.75,"cost":7930.0,"profit":9798.75,"transactions":392,"margin":55.29999923706055},{"product":"WATERMELON BOMB LR DISPOSABLE VAPE - SAUCED","units":216,"revenue":9600.0,"cost":4013.75,"profit":5586.25,"transactions":210,"margin":58.20000076293945},{"product":"PURPLE URKLE LR DISPOSABLE VAPE - SAUCED","units":196,"revenue":9317.5,"cost":3920.0,"profit":5397.5,"transactions":186,"margin":57.900001525878906},{"product":"DON MEGA PRE ROLL - SAUCED","units":750,"revenue":8188.75,"cost":3750.0,"profit":4438.75,"transactions":654,"margin":54.20000076293945},{"product":"WHOA SI WHOA PRE ROLL - SAUCED","units":658,"revenue":7095.625,"cost":3290.0,"profit":3805.625,"transactions":588,"margin":53.599998474121094},{"product":"SLURRICANE LIVE RESIN CART - SAUCED","units":156,"revenue":5972.0001220703125,"cost":2437.5,"profit":3534.5001220703125,"transactions":154,"margin":59.20000076293945},{"product":"JACK THE RIPPER LR DISPOSABLE VAPE - SAUCED","units":116,"revenue":5720.0,"cost":2320.0,"profit":3400.0,"transactions":114,"margin":59.400001525878906},{"product":"GMO X GUSHERS EIGHTH - SAUCED","units":162,"revenue":5553.2501220703125,"cost":3037.5,"profit":2515.749969482422,"transactions":118,"margin":45.29999923706055},{"product":"HOLLYWOOD REUNION BADDER - SAUCED","units":132,"revenue":5468.75,"cost":2475.0,"profit":2993.75,"transactions":120,"margin":54.70000076293945},{"product":"APPLES & BANANAS PRE ROLL - SAUCED","units":448,"revenue":5168.75,"cost":2240.0,"profit":2928.75,"transactions":386,"margin":56.70000076293945},{"product":"TAHOE OG EIGHTH - SAUCED","units":134,"revenue":4347.5,"cost":2512.5,"profit":1835.0,"transactions":118,"margin":42.20000076293945},{"product":"JENNY KUSH BADDER - SAUCED","units":120,"revenue":4165.0,"cost":2250.0,"profit":1915.0,"transactions":108,"margin":46.0},{"product":"YUZU LR DISPOSABLE VAPE - SAUCED","units":94,"revenue":3845.0,"cost":1586.25,"profit":2258.75,"transactions":90,"margin":58.70000076293945},{"product":"KING LOUIS XIII LIVE RESIN CART - SAUCED","units":100,"revenue":3776.0000610351562,"cost":1562.5,"profit":2213.5000610351562,"transactions":94,"margin":58.599998474121094},{"product":"ICE CREAM CAKE LIVE RESIN CART - SAUCED","units":100,"revenue":3663.9999389648438,"cost":1562.5,"profit":2101.4999389648438,"transactions":94,"margin":57.400001525878906}],"Elevation Boulevard":[{"product":"WHITE FIRE SHERBET LR DISPOSABLE VAPE - SAUCED","units":308,"revenue":11887.5,"cost":6003.75,"profit":5883.75,"transactions":286,"margin":49.5},{"product":"PURPLE URKLE LR DISPOSABLE VAPE - SAUCED","units":240,"revenue":9445.499877929688,"cost":4800.0,"profit":4645.4998779296875,"transactions":224,"margin":49.20000076293945},{"product":"AREA 51 LR DISPOSABLE VAPE - SAUCED","units":208,"revenue":8395.499877929688,"cost":4003.75,"profit":4391.7498779296875,"transactions":198,"margin":52.29999923706055},{"product":"STRAWBERRY JAM LR DISPOSABLE VAPE - SAUCED","units":200,"revenue":7865.0,"cost":3687.5,"profit":4177.5,"transactions":186,"margin":53.099998474121094},{"product":"JUNGLE JUICE LR DISPOSABLE VAPE - SAUCED","units":160,"revenue":6290.999755859375,"cost":3200.0,"profit":3091.0000610351562,"transactions":148,"margin":49.099998474121094},{"product":"PINEAPPLE WHIP LR DISPOSABLE VAPE - SAUCED","units":150,"revenue":5998.499755859375,"cost":2843.75,"profit":3154.7500610351562,"transactions":134,"margin":52.599998474121094},{"product":"CHIPZ AHOY EIGHTH - SAUCED","units":146,"revenue":4704.175109863281,"cost":2737.5,"profit":1966.6749572753906,"transactions":138,"margin":41.79999923706055},{"product":"WIFI SHERBERT EIGHTH - SAUCED","units":150,"revenue":4520.375061035156,"cost":2812.5,"profit":1707.8750610351562,"transactions":138,"margin":37.79999923706055},{"product":"JENNY KUSH BADDER - SAUCED","units":170,"revenue":4337.250061035156,"cost":2337.5,"profit":1999.7500610351562,"transactions":162,"margin":46.099998474121094},{"product":"WHOA SI WHOA PRE ROLL - SAUCED","units":376,"revenue":3832.0001220703125,"cost":1880.0,"profit":1951.9999694824219,"transactions":346,"margin":50.900001525878906},{"product":"SLURRICANE LIVE RESIN CART - SAUCED","units":110,"revenue":3343.125,"cost":1718.75,"profit":1624.375,"transactions":102,"margin":48.599998474121094},{"product":"ORANGE DREAMSICLE LR CART - SAUCED","units":80,"revenue":3150.2249145507812,"cost":1250.0,"profit":1900.2249145507812,"transactions":68,"margin":60.29999923706055},{"product":"GSC X GELATO EIGHTH - SAUCED","units":128,"revenue":3028.6749267578125,"cost":2400.0,"profit":628.6750030517578,"transactions":68,"margin":20.799999237060547},{"product":"WATERMELON BOMB LR DISPOSABLE VAPE - SAUCED","units":80,"revenue":3010.0,"cost":1600.0,"profit":1410.0,"transactions":72,"margin":46.79999923706055},{"product":"HOLLYWOOD REUNION BADDER - SAUCED","units":84,"revenue":2878.9999389648438,"cost":1155.0,"profit":1723.9999389648438,"transactions":76,"margin":59.900001525878906}],"Elevation Parkway":[{"product":"WATERMELON BOMB LR DISPOSABLE VAPE - SAUCED","units":422,"revenue":18837.5,"cost":8440.0,"profit":10397.5,"transactions":398,"margin":55.20000076293945},{"product":"STRAWBERRY JAM LR DISPOSABLE VAPE - SAUCED","units":370,"revenue":16750.0,"cost":7243.75,"profit":9506.25,"transactions":356,"margin":56.79999923706055},{"product":"JUNGLE JUICE LR DISPOSABLE VAPE - SAUCED","units":276,"revenue":12770.0,"cost":5520.0,"profit":7250.0,"transactions":266,"margin":56.79999923706055},{"product":"AREA 51 LR DISPOSABLE VAPE - SAUCED","units":298,"revenue":12671.25,"cost":5653.75,"profit":7017.5,"transactions":294,"margin":55.400001525878906},{"product":"PURPLE URKLE LR DISPOSABLE VAPE - SAUCED","units":274,"revenue":11480.250244140625,"cost":5480.0,"profit":6000.250244140625,"transactions":264,"margin":52.29999923706055},{"product":"WHOA SI WHOA PRE ROLL - SAUCED","units":656,"revenue":7207.17529296875,"cost":3280.0,"profit":3927.1749877929688,"transactions":518,"margin":54.5},{"product":"PINEAPPLE WHIP LR DISPOSABLE VAPE - SAUCED","units":150,"revenue":6410.0,"cost":2843.75,"profit":3566.25,"transactions":136,"margin":55.599998474121094},{"product":"DON MEGA PRE ROLL - SAUCED","units":592,"revenue":6400.8502197265625,"cost":2960.0,"profit":3440.8499145507812,"transactions":494,"margin":53.79999923706055},{"product":"APPLES & BANANAS PRE ROLL - SAUCED","units":398,"revenue":4296.474914550781,"cost":1990.0,"profit":2306.475067138672,"transactions":298,"margin":53.70000076293945},{"product":"GARLIC COCKTAIL PRE ROLL - SAUCED","units":396,"revenue":4267.5,"cost":1980.0,"profit":2287.5,"transactions":316,"margin":53.599998474121094},{"product":"SHERBCAKE PRE ROLL - SAUCED","units":362,"revenue":4081.2249755859375,"cost":1810.0,"profit":2271.2249755859375,"transactions":306,"margin":55.70000076293945},{"product":"ORANGE TRIANGLE LR DISPOSABLE VAPE - SAUCED","units":80,"revenue":3730.0,"cost":1600.0,"profit":2130.0,"transactions":80,"margin":57.099998474121094},{"product":"JELLY DONUT LR DISPOSABLE VAPE - SAUCED","units":80,"revenue":3336.25,"cost":1600.0,"profit":1736.25,"transactions":78,"margin":52.0},{"product":"ORANGE DREAMSICLE LR CART - SAUCED","units":80,"revenue":3288.3749389648438,"cost":1600.0,"profit":1688.3749389648438,"transactions":68,"margin":51.29999923706055},{"product":"STARDUST OG CURED RESIN BADDER - SAUCED","units":100,"revenue":2472.7500915527344,"cost":1375.0,"profit":1097.750015258789,"transactions":98,"margin":44.400001525878906}]},"store_summary":[{"store_clean":"Elevation Springs","units":8834,"revenue":229932.65625,"cost":108517.3046875,"profit":121415.3515625,"discounts":50493.5986328125,"margin":52.79999923706055,"discount_rate":18.0},{"store_clean":"Elevation Mesa","units":8358,"revenue":178171.6796875,"cost":85611.07421875,"profit":92560.595703125,"discounts":42632.0751953125,"margin":52.0,"discount_rate":19.299999237060547},{"store_clean":"Elevation Midtown","units":5056,"revenue":138299.62890625,"cost":62572.5,"profit":75727.1240234375,"discounts":17717.874755859375,"margin":54.79999923706055,"discount_rate":11.399999618530273},{"store_clean":"Elevation Parkway","units":5182,"revenue":135324.853515625,"cost":61566.25,"profit":73758.5986328125,"discounts":18250.150146484375,"margin":54.5,"discount_rate":11.899999618530273},{"store_clean":"Elevation Boulevard","units":3922,"revenue":110397.3046875,"cost":57246.25,"profit":53151.0498046875,"discounts":33415.2001953125,"margin":48.099998474121094,"discount_rate":23.200000762939453},{"store_clean":"Elevation Oasis","units":3178,"revenue":86411.748046875,"cost":37538.75,"profit":48872.998046875,"discounts":11980.74951171875,"margin":56.599998474121094,"discount_rate":12.199999809265137}],"recommendations":[{"severity":"red","title":"FLOWER: BELOW CATEGORY AVERAGE","detail":"Margin (43.1%) is 11 pts below FLOWER average. Ranked #47 of 64. Strong case for cost negotiation.","action":"Request 6% cost reduction or evaluate alternative FLOWER brands."},{"severity":"info","title":"VOLUME LEVERAGE","detail":"$351,415 revenue provides negotiating leverage.","action":"Use volume as leverage in next vendor meeting."}],"comparison":null}