{"brand":"KYND","date_range":"2024-01-01 00:00:00 to 2026-01-31 00:00:00","period_label":"All Time","summary":{"total_units":74548,"total_revenue":2576552.03125,"total_cost":1331587.34375,"total_discounts":858799.296875,"total_profit":1244964.53125,"overall_margin":48.29999923706055,"fp_margin":59.400001525878906,"disc_margin":44.5,"pct_full_price":25.799999237060547,"avg_discount_rate":25.0,"fp_revenue":663623.75,"disc_revenue":1912928.28125,"brand":"KYND","date_range":"2024-01-01 00:00:00 to 2026-01-31 00:00:00","primary_category":"FLOWER","store_coverage":"6/7","stores_present":["Elevation Springs","Elevation Mesa","Elevation Oasis","Elevation Midtown","Elevation Boulevard","Elevation Parkway"],"stores_missing":["Elevation Downtown"],"velocity_rank":13,"velocity_total":64},"distribution":[{"store":"Elevation Springs","carries_brand":true,"sku_count":74,"revenue":630147.9296875,"units":18392,"store_total_revenue":51138750.0,"brand_share_pct":1.2000000476837158},{"store":"Elevation Mesa","carries_brand":true,"sku_count":56,"revenue":603795.4296875,"units":17724,"store_total_revenue":47532240.0,"brand_share_pct":1.2999999523162842},{"store":"Elevation Oasis","carries_brand":true,"sku_count":64,"revenue":613723.2421875,"units":17406,"store_total_revenue":56050145.0,"brand_share_pct":1.100000023841858},{"store":"Elevation Downtown","carries_brand":false,"sku_count":0,"revenue":0.0,"units":0,"store_total_revenue":1945237.1875,"brand_share_pct":0},{"store":"Elevation Midtown","carries_brand":true,"sku_count":66,"revenue":284588.359375,"units":8030,"store_total_revenue":30850185.0,"brand_share_pct":0.8999999761581421},{"store":"Elevation Boulevard","carries_brand":true,"sku_count":54,"revenue":220256.15234375,"units":6682,"store_total_revenue":28757865.0,"brand_share_pct":0.800000011920929},{"store":"Elevation Parkway","carries_brand":true,"sku_count":56,"revenue":224040.859375,"units":6314,"store_total_revenue":21987007.5,"brand_share_pct":1.0}],"share_of_category":[{"category":"FLOWER","brand_revenue":2205295.0,"category_revenue":77755450.0,"revenue_share_pct":2.799999952316284,"brand_units":64518,"category_units":2708446,"units_share_pct":2.4},{"category":"PRE ROLL PACK","brand_revenue":371256.9921875,"category_revenue":3903863.75,"revenue_share_pct":9.5,"brand_units":10030,"category_units":123714,"units_share_pct":8.1}],"share_of_category_trend":{"FLOWER":[{"period":"2024-01","brand_revenue":110718.447265625,"category_revenue":3552357.8125,"share_pct":3.0999999046325684},{"period":"2024-02","brand_revenue":123049.775390625,"category_revenue":3535245.625,"share_pct":3.5},{"period":"2024-03","brand_revenue":152114.375,"category_revenue":3693805.625,"share_pct":4.099999904632568},{"period":"2024-04","brand_revenue":156637.626953125,"category_revenue":3541899.6875,"share_pct":4.400000095367432},{"period":"2024-05","brand_revenue":119264.27734375,"category_revenue":3537479.375,"share_pct":3.4000000953674316},{"period":"2024-06","brand_revenue":86003.251953125,"category_revenue":3403269.6875,"share_pct":2.5},{"period":"2024-07","brand_revenue":118478.427734375,"category_revenue":3457705.9375,"share_pct":3.4000000953674316},{"period":"2024-08","brand_revenue":106837.626953125,"category_revenue":3453819.375,"share_pct":3.0999999046325684},{"period":"2024-09","brand_revenue":84428.49609375,"category_revenue":3316441.5625,"share_pct":2.5},{"period":"2024-10","brand_revenue":100634.62890625,"category_revenue":3585775.0,"share_pct":2.799999952316284},{"period":"2024-11","brand_revenue":165353.75,"category_revenue":3454855.3125,"share_pct":4.800000190734863},{"period":"2024-12","brand_revenue":211487.265625,"category_revenue":3226567.8125,"share_pct":6.599999904632568},{"period":"2025-01","brand_revenue":170732.67578125,"category_revenue":2984938.125,"share_pct":5.699999809265137},{"period":"2025-02","brand_revenue":106798.49609375,"category_revenue":2816220.0,"share_pct":3.799999952316284},{"period":"2025-03","brand_revenue":115156.50390625,"category_revenue":2911379.6875,"share_pct":4.0},{"period":"2025-04","brand_revenue":105146.15234375,"category_revenue":3118895.3125,"share_pct":3.4000000953674316},{"period":"2025-05","brand_revenue":97432.5,"category_revenue":2887345.0,"share_pct":3.4000000953674316},{"period":"2025-06","brand_revenue":56481.474609375,"category_revenue":2773698.125,"share_pct":2.0},{"period":"2025-07","brand_revenue":12144.7998046875,"category_revenue":2782763.125,"share_pct":0.4000000059604645},{"period":"2025-08","brand_revenue":6394.375,"category_revenue":2733122.8125,"share_pct":0.20000000298023224},{"period":"2025-09","brand_revenue":0.0,"category_revenue":2603501.5625,"share_pct":0.0},{"period":"2025-10","brand_revenue":0.0,"category_revenue":2663705.0,"share_pct":0.0},{"period":"2025-11","brand_revenue":0.0,"category_revenue":2700189.0625,"share_pct":0.0},{"period":"2025-12","brand_revenue":0.0,"category_revenue":2515209.53125,"share_pct":0.0},{"period":"2026-01","brand_revenue":0.0,"category_revenue":2505261.875,"share_pct":0.0}],"PRE ROLL PACK":[{"period":"2024-01","brand_revenue":0.0,"category_revenue":169271.89453125,"share_pct":0.0},{"period":"2024-02","brand_revenue":0.0,"category_revenue":174199.375,"share_pct":0.0},{"period":"2024-03","brand_revenue":0.0,"category_revenue":187083.0078125,"share_pct":0.0},{"period":"2024-04","brand_revenue":0.0,"category_revenue":179617.6171875,"share_pct":0.0},{"period":"2024-05","brand_revenue":0.0,"category_revenue":198875.703125,"share_pct":0.0},{"period":"2024-06","brand_revenue":297.5,"category_revenue":182181.42578125,"share_pct":0.20000000298023224},{"period":"2024-07","brand_revenue":41965.72265625,"category_revenue":189754.43359375,"share_pct":22.100000381469727},{"period":"2024-08","brand_revenue":51945.6494140625,"category_revenue":163466.5234375,"share_pct":31.799999237060547},{"period":"2024-09","brand_revenue":60560.625,"category_revenue":145157.197265625,"share_pct":41.70000076293945},{"period":"2024-10","brand_revenue":42391.6748046875,"category_revenue":143902.822265625,"share_pct":29.5},{"period":"2024-11","brand_revenue":28232.5,"category_revenue":169051.3671875,"share_pct":16.700000762939453},{"period":"2024-12","brand_revenue":22411.25,"category_revenue":186738.92578125,"share_pct":12.0},{"period":"2025-01","brand_revenue":23065.0,"category_revenue":222888.57421875,"share_pct":10.300000190734863},{"period":"2025-02","brand_revenue":22459.375,"category_revenue":186213.06640625,"share_pct":12.100000381469727},{"period":"2025-03","brand_revenue":13840.625,"category_revenue":195415.56640625,"share_pct":7.099999904632568},{"period":"2025-04","brand_revenue":22303.75,"category_revenue":188683.2421875,"share_pct":11.800000190734863},{"period":"2025-05","brand_revenue":22922.19970703125,"category_revenue":231505.29296875,"share_pct":9.899999618530273},{"period":"2025-06","brand_revenue":13845.625,"category_revenue":169830.2734375,"share_pct":8.199999809265137},{"period":"2025-07","brand_revenue":5015.4998779296875,"category_revenue":130345.849609375,"share_pct":3.799999952316284},{"period":"2025-08","brand_revenue":0.0,"category_revenue":108797.099609375,"share_pct":0.0},{"period":"2025-09","brand_revenue":0.0,"category_revenue":99689.677734375,"share_pct":0.0},{"period":"2025-10","brand_revenue":0.0,"category_revenue":67141.8505859375,"share_pct":0.0},{"period":"2025-11","brand_revenue":0.0,"category_revenue":80167.7978515625,"share_pct":0.0},{"period":"2025-12","brand_revenue":0.0,"category_revenue":71818.3740234375,"share_pct":0.0},{"period":"2026-01","brand_revenue":0.0,"category_revenue":62066.826171875,"share_pct":0.0}]},"velocity_by_category":[{"category":"FLOWER","brand_units_per_day":84.66,"category_avg_units_per_day":55.54,"velocity_index":152.5,"brand_rev_per_unit":27.34,"category_rev_per_unit":22.97,"brands_in_category":64},{"category":"PRE ROLL PACK","brand_units_per_day":13.16,"category_avg_units_per_day":11.6,"velocity_index":113.5,"brand_rev_per_unit":29.61,"category_rev_per_unit":25.24,"brands_in_category":14}],"store_gaps":[{"store":"Elevation Downtown","category":"FLOWER","category_revenue_at_store":324929.8828125,"opportunity":"Brand not carried"},{"store":"Elevation Downtown","category":"PRE ROLL PACK","category_revenue_at_store":74783.623046875,"opportunity":"Brand not carried"}],"product_mix":{"top":[{"product":"FRESH SQUEEZED EIGHTH - KYND","units":9326,"revenue":321125.91796875,"cost":166316.25,"profit":154809.677734375,"stores":6,"transactions":6854,"margin":48.20000076293945},{"product":"LARRY LOVESTEIN EIGHTH - KYND","units":8242,"revenue":296864.78515625,"cost":147383.75,"profit":149481.025390625,"stores":6,"transactions":5930,"margin":50.400001525878906},{"product":"OG RUNTZ #14 EIGHTH - KYND","units":8200,"revenue":263289.1796875,"cost":130907.5,"profit":132381.6796875,"stores":6,"transactions":5944,"margin":50.29999923706055},{"product":"MR NASTY EIGHTH - KYND","units":7304,"revenue":260431.5234375,"cost":139918.623046875,"profit":120512.900390625,"stores":6,"transactions":5524,"margin":46.29999923706055},{"product":"TAHOE OG EIGHTH - KYND","units":5114,"revenue":177048.06640625,"cost":90082.5,"profit":86965.576171875,"stores":6,"transactions":3588,"margin":49.099998474121094},{"product":"FIRST CLASS FUNK #2 EIGHTH - KYND","units":4186,"revenue":137807.32421875,"cost":72948.75,"profit":64858.57421875,"stores":6,"transactions":3148,"margin":47.099998474121094},{"product":"GEORGIA VELVET EIGHTH - KYND","units":3114,"revenue":107493.65234375,"cost":62280.0,"profit":45213.65234375,"stores":6,"transactions":2368,"margin":42.099998474121094},{"product":"WEDDING CAKE EIGHTH - KYND","units":2816,"revenue":101805.0,"cost":56320.0,"profit":45485.0,"stores":6,"transactions":2084,"margin":44.70000076293945},{"product":"BLACKWATER EIGHTH - KYND","units":2278,"revenue":79305.6982421875,"cost":41613.75,"profit":37691.95068359375,"stores":6,"transactions":1774,"margin":47.5},{"product":"DONNY BURGER 7 PK PRE ROLL - KYND","units":1954,"revenue":72204.1748046875,"cost":36637.5,"profit":35566.6748046875,"stores":6,"transactions":1618,"margin":49.29999923706055},{"product":"MELON RUNTZ #3 EIGHTH - KYND","units":2130,"revenue":66897.4755859375,"cost":35530.0,"profit":31367.4755859375,"stores":6,"transactions":1634,"margin":46.900001525878906},{"product":"OG RUNTZ #14 7 PK PRE ROLL - KYND","units":1726,"revenue":65515.625,"cost":32362.5,"profit":33153.125,"stores":6,"transactions":1504,"margin":50.599998474121094},{"product":"FIRST CLASS FUNK #1 EIGHTH - KYND","units":1682,"revenue":59435.224609375,"cost":30218.75,"profit":29216.474609375,"stores":4,"transactions":1228,"margin":49.20000076293945},{"product":"MELON MIMOSA EIGHTH - KYND","units":1650,"revenue":50794.6240234375,"cost":25781.25,"profit":25013.3740234375,"stores":6,"transactions":1290,"margin":49.20000076293945},{"product":"GMO X JET FUEL GELATO EIGHTH - KYND","units":1508,"revenue":46647.7978515625,"cost":23562.5,"profit":23085.30029296875,"stores":6,"transactions":1216,"margin":49.5},{"product":"WEDDING PIE #6 7 PK PRE ROLL - KYND","units":1180,"revenue":43331.875,"cost":21937.5,"profit":21394.375,"stores":6,"transactions":994,"margin":49.400001525878906},{"product":"KOOL WHIP #11 EIGHTH - KYND","units":1390,"revenue":42873.1494140625,"cost":21718.75,"profit":21154.3994140625,"stores":6,"transactions":952,"margin":49.29999923706055},{"product":"RICKY BOBBY EIGHTH - KYND","units":1032,"revenue":36383.525390625,"cost":20088.75,"profit":16294.775390625,"stores":6,"transactions":838,"margin":44.79999923706055},{"product":"FRESH SQUEEZED 7PK PRE ROLL - KYND","units":950,"revenue":34923.7744140625,"cost":17812.5,"profit":17111.2744140625,"stores":6,"transactions":828,"margin":49.0},{"product":"MR NASTY #1 EIGHTH - KYND","units":896,"revenue":32529.55078125,"cost":17351.25,"profit":15178.299560546875,"stores":4,"transactions":630,"margin":46.70000076293945}],"bottom":[{"product":"GRANDI CANDI EIGHTH - KYND","units":260,"revenue":8175.0,"cost":4062.5,"profit":4112.5,"stores":1,"transactions":204,"margin":50.29999923706055},{"product":"FRESH SQUEEZED 7 PK PRE ROLL - KYND","units":200,"revenue":7346.875,"cost":3750.0,"profit":3596.875,"stores":3,"transactions":160,"margin":49.0},{"product":"BLACKWATER 7 PK PRE ROLL - KYND","units":194,"revenue":6455.0,"cost":3637.5,"profit":2817.5,"stores":1,"transactions":158,"margin":43.599998474121094},{"product":"VELVET SUNDAE EIGHTH - KYND","units":130,"revenue":4103.75,"cost":2031.25,"profit":2072.5,"stores":1,"transactions":68,"margin":50.5},{"product":"RENO RUNTZ 7 PK PRE ROLL - KYND","units":100,"revenue":3758.6248779296875,"cost":1875.0,"profit":1883.6250305175781,"stores":1,"transactions":94,"margin":50.099998474121094},{"product":"POINSETTIA FIZZ 7PK PRE ROLL - KYND","units":118,"revenue":3404.375,"cost":2212.5,"profit":1191.875,"stores":5,"transactions":90,"margin":35.0},{"product":"RICKY BOBBY 7 PK PRE ROLL - KYND","units":50,"revenue":2076.25,"cost":937.5,"profit":1138.75,"stores":1,"transactions":46,"margin":54.79999923706055},{"product":"WAP 7 PK PRE ROLL - KYND","units":44,"revenue":1618.75,"cost":825.0,"profit":793.75,"stores":1,"transactions":34,"margin":49.0},{"product":"BOSTON TEA PARTY #22 7 PK PRE ROLL - KYND","units":44,"revenue":1616.25,"cost":825.0,"profit":791.25,"stores":1,"transactions":38,"margin":49.0},{"product":"ZKITTLEZ CAKE X MAI TAI 7 PK PRE ROLL - KYND","units":20,"revenue":726.25,"cost":337.5,"profit":388.75,"stores":1,"transactions":20,"margin":53.5}],"expansion":[{"product":"FIRST CLASS FUNK #1 EIGHTH - KYND","current_stores":4,"total_stores":6,"missing_stores":["Elevation Boulevard","Elevation Parkway"],"revenue":59435.224609375},{"product":"MR NASTY #1 EIGHTH - KYND","current_stores":4,"total_stores":6,"missing_stores":["Elevation Mesa","Elevation Midtown"],"revenue":32529.55078125},{"product":"POINSETTIA FIZZ 7 PK PRE ROLL - KYND","current_stores":5,"total_stores":6,"missing_stores":["Elevation Oasis"],"revenue":30435.0},{"product":"FIRST CLASS FUNK #2 7 PK PRE ROLL - KYND","current_stores":4,"total_stores":6,"missing_stores":["Elevation Springs","Elevation Mesa"],"revenue":27678.125},{"product":"LARRY LOVESTEIN 7 PK PRE ROLL - KYND","current_stores":4,"total_stores":6,"missing_stores":["Elevation Mesa","Elevation Boulevard"],"revenue":18677.5},{"product":"ICED RUNTZ #17 EIGHTH - KYND","current_stores":3,"total_stores":6,"missing_stores":["Elevation Springs","Elevation Boulevard","Elevation Parkway"],"revenue":17512.9248046875},{"product":"POINSETTIA FIZZ EIGHTH - KYND","current_stores":3,"total_stores":6,"missing_stores":["Elevation Springs","Elevation Mesa","Elevation Boulevard"],"revenue":16511.25},{"product":"ICED RUNTZ #17 7 PK PRE ROLL - KYND","current_stores":2,"total_stores":6,"missing_stores":["Elevation Mesa","Elevation Midtown","Elevation Boulevard","Elevation Parkway"],"revenue":16288.125},{"product":"LILAC KUSH EIGHTH - KYND","current_stores":4,"total_stores":6,"missing_stores":["Elevation Boulevard","Elevation Parkway"],"revenue":15120.625},{"product":"DOUBLE MYNTZ 7 PK PRE ROLL - KYND","current_stores":4,"total_stores":6,"missing_stores":["Elevation Mesa","Elevation Oasis"],"revenue":14523.75}]},"pricing_consistency":[{"product":"FRESH SQUEEZED 7 PK PRE ROLL - KYND","min_price":52.85,"max_price":83.17500000000001,"avg_price":71.65,"std_dev":6.567746950058293,"store_count":6,"price_range":30.325000000000006,"range_pct":42.3},{"product":"VANILLA CHEESECAKE 7 PK PRE ROLL - KYND","min_price":52.86458333333333,"max_price":80.63725490196079,"avg_price":69.5083837941915,"std_dev":3.9073296288077106,"store_count":12,"price_range":27.77267156862746,"range_pct":40.0},{"product":"POINSETTIA FIZZ 7PK PRE ROLL - KYND","min_price":43.75,"max_price":63.34239130434782,"avg_price":52.1580615942029,"std_dev":3.432664965708595,"store_count":10,"price_range":19.59239130434782,"range_pct":37.6},{"product":"WHITE STRAWBERRY 7 PK PRE ROLL - KYND","min_price":62.300000000000004,"max_price":80.564501953125,"avg_price":73.967900390625,"std_dev":2.954729489939624,"store_count":10,"price_range":18.264501953125,"range_pct":24.7},{"product":"OG RUNTZ #14 7 PK PRE ROLL - KYND","min_price":63.440000000000005,"max_price":81.28308823529412,"avg_price":74.78837248106974,"std_dev":2.512217077674778,"store_count":12,"price_range":17.84308823529412,"range_pct":23.9},{"product":"FIRST CLASS FUNK #1 EIGHTH - KYND","min_price":63.36538461538461,"max_price":80.11904761904762,"avg_price":71.48085115334668,"std_dev":2.7528742838269538,"store_count":8,"price_range":16.75366300366301,"range_pct":23.4},{"product":"ICED RUNTZ #17 EIGHTH - KYND","min_price":63.75,"max_price":79.8076923076923,"avg_price":69.15857134981863,"std_dev":3.6891167660131288,"store_count":6,"price_range":16.057692307692307,"range_pct":23.2},{"product":"MR NASTY #1 EIGHTH - KYND","min_price":66.08366443264869,"max_price":82.65384615384616,"avg_price":71.79384174266575,"std_dev":3.068756991429681,"store_count":8,"price_range":16.570181721197468,"range_pct":23.1},{"product":"FRESH SQUEEZED 7PK PRE ROLL - KYND","min_price":63.2,"max_price":79.93800048828125,"avg_price":73.40006943261064,"std_dev":2.435285965499691,"store_count":12,"price_range":16.738000488281244,"range_pct":22.8},{"product":"FIRST CLASS FUNK #2 7 PK PRE ROLL - KYND","min_price":67.90816326530611,"max_price":84.140625,"avg_price":75.03026627189573,"std_dev":2.7157960418107336,"store_count":8,"price_range":16.23246173469388,"range_pct":21.6},{"product":"WEDDING PIE #6 7 PK PRE ROLL - KYND","min_price":64.1625,"max_price":78.66071428571429,"avg_price":72.61089777745777,"std_dev":2.264125965409932,"store_count":12,"price_range":14.49821428571429,"range_pct":20.0},{"product":"TAHOE OG EIGHTH - KYND","min_price":60.9765625,"max_price":74.12139855942377,"avg_price":67.64701298010525,"std_dev":1.7587688673110131,"store_count":12,"price_range":13.144836059423772,"range_pct":19.4},{"product":"LARRY LOVESTEIN EIGHTH - KYND","min_price":65.0717213114754,"max_price":78.37743498149672,"avg_price":71.71207748015469,"std_dev":1.8846170727981038,"store_count":12,"price_range":13.305713670021309,"range_pct":18.6},{"product":"RICKY BOBBY EIGHTH - KYND","min_price":64.24603174603175,"max_price":75.74500450721155,"avg_price":70.07425091465424,"std_dev":1.7884745515454226,"store_count":12,"price_range":11.498972761179793,"range_pct":16.4},{"product":"POINSETTIA FIZZ 7 PK PRE ROLL - KYND","min_price":70.29661016949152,"max_price":81.44230769230771,"avg_price":73.9971971591437,"std_dev":1.8230767629620908,"store_count":10,"price_range":11.145697522816178,"range_pct":15.1},{"product":"LEMOSA 7 PK PRE ROLL - KYND","min_price":71.10000000000001,"max_price":82.6,"avg_price":76.26875,"std_dev":2.2918315092228463,"store_count":8,"price_range":11.499999999999995,"range_pct":15.1},{"product":"DOUBLE MYNTZ 7 PK PRE ROLL - KYND","min_price":71.9515306122449,"max_price":82.67361111111111,"avg_price":75.51986003558208,"std_dev":1.985711163182623,"store_count":8,"price_range":10.722080498866209,"range_pct":14.2},{"product":"WEDDING CAKE EIGHTH - KYND","min_price":68.98241678873698,"max_price":79.36345653044872,"avg_price":73.11251388991931,"std_dev":1.4685434522434488,"store_count":12,"price_range":10.381039741711735,"range_pct":14.2},{"product":"GMO X JET FUEL GELATO 7 PK PRE ROLL - KYND","min_price":72.45,"max_price":82.5,"avg_price":77.23958333333333,"std_dev":1.6082985315751133,"store_count":12,"price_range":10.049999999999999,"range_pct":13.0},{"product":"DONNY BURGER 7 PK PRE ROLL - KYND","min_price":69.05833333333334,"max_price":78.6625,"avg_price":74.17164243931585,"std_dev":1.4297939556418655,"store_count":12,"price_range":9.604166666666663,"range_pct":12.9},{"product":"MELON MIMOSA EIGHTH - KYND","min_price":56.0546875,"max_price":63.45854922279793,"avg_price":61.36636931898401,"std_dev":1.2036558923220788,"store_count":12,"price_range":7.403861722797931,"range_pct":12.1},{"product":"KOOL WHIP #11 EIGHTH - KYND","min_price":58.964378356933594,"max_price":66.16975845829133,"avg_price":62.335594685448896,"std_dev":1.1204654431818182,"store_count":12,"price_range":7.2053801013577345,"range_pct":11.6},{"product":"BLACKWATER EIGHTH - KYND","min_price":64.12890434265137,"max_price":71.57937229269803,"avg_price":68.26620950034943,"std_dev":1.1849475673309184,"store_count":12,"price_range":7.450467950046651,"range_pct":10.9},{"product":"ICED RUNTZ #17 7 PK PRE ROLL - KYND","min_price":72.46510152284264,"max_price":80.5,"avg_price":76.48255076142132,"std_dev":2.272612479737375,"store_count":4,"price_range":8.034898477157366,"range_pct":10.5},{"product":"GEORGIA VELVET EIGHTH - KYND","min_price":65.81020057624113,"max_price":73.04166973761792,"avg_price":69.1882106316389,"std_dev":1.0668577104354497,"store_count":12,"price_range":7.231469161376793,"range_pct":10.5},{"product":"GMO X JET FUEL GELATO EIGHTH - KYND","min_price":58.84350393700787,"max_price":65.1171875,"avg_price":62.09029879175024,"std_dev":1.0828378749133167,"store_count":12,"price_range":6.2736835629921295,"range_pct":10.1},{"product":"MELON RUNTZ #3 EIGHTH - KYND","min_price":59.19730788010817,"max_price":65.2554702758789,"avg_price":62.647617885344474,"std_dev":0.9623258559329463,"store_count":12,"price_range":6.0581623957707365,"range_pct":9.7},{"product":"MR NASTY EIGHTH - KYND","min_price":68.70507291203292,"max_price":73.91525005975143,"avg_price":71.33866436886478,"std_dev":1.0478966529819844,"store_count":12,"price_range":5.21017714771852,"range_pct":7.3},{"product":"FIRST CLASS FUNK #2 EIGHTH - KYND","min_price":63.29365079365079,"max_price":66.86188073704103,"avg_price":65.062473142096,"std_dev":0.5739333995845738,"store_count":12,"price_range":3.5682299433902465,"range_pct":5.5},{"product":"FRESH SQUEEZED EIGHTH - KYND","min_price":67.17712480896074,"max_price":70.34098037820777,"avg_price":68.90575460123189,"std_dev":0.4216398531927483,"store_count":12,"price_range":3.1638555692470316,"range_pct":4.6}],"promotional_effectiveness":{"lift":{"fp_units_per_day":25.72,"disc_units_per_day":101.84,"lift_pct":295.9,"fp_avg_revenue_per_unit":92.44999999999999,"disc_avg_revenue_per_unit":63.550000000000004},"by_deal":[{"deal_name":"Stock & Save - 1/4 for $50","uses":6097,"revenue":729689.8250007629,"discounts":316011.42499923706,"units":23353.0,"cost":368718.75,"margin":49.5,"discount_depth":60.4},{"deal_name":"Industry - 30% Off","uses":3487,"revenue":301905.5772781372,"discounts":129921.92562103271,"units":9371.0,"cost":169409.49999809265,"margin":43.9,"discount_depth":60.2},{"deal_name":"KYND 1/4 for $50","uses":1226,"revenue":182107.5,"discounts":103061.25,"units":5820.0,"cost":116400.0,"margin":36.1,"discount_depth":72.2},{"deal_name":"KYND 1/4oz for $50","uses":1000,"revenue":144033.75,"discounts":78751.25,"units":4612.0,"cost":92185.0,"margin":36.0,"discount_depth":70.6},{"deal_name":"Senior - 10% Off","uses":536,"revenue":74297.25095748901,"discounts":8321.499938964844,"units":1766.0,"cost":33855.0,"margin":54.4,"discount_depth":20.2},{"deal_name":"4/20 2025 - Flower / Infused","uses":332,"revenue":21711.875,"discounts":21813.125,"units":994.0,"cost":16418.75,"margin":24.4,"discount_depth":100.2},{"deal_name":"Senior / Veterans - 20% Off","uses":306,"revenue":34317.374782562256,"discounts":8591.374945640564,"units":922.0,"cost":17613.624999523163,"margin":48.7,"discount_depth":40.0},{"deal_name":"Industry 30% Off","uses":275,"revenue":24351.25,"discounts":10473.75,"units":796.0,"cost":12861.25,"margin":47.2,"discount_depth":60.2},{"deal_name":"Veterans - 10% Off","uses":239,"revenue":23503.37532043457,"discounts":2675.3749799728394,"units":564.0,"cost":10600.0,"margin":54.9,"discount_depth":20.4},{"deal_name":"Jackpot - Locals 30% Off","uses":226,"revenue":25005.750074386597,"discounts":10716.75001859665,"units":794.0,"cost":13790.0,"margin":44.9,"discount_depth":60.0},{"deal_name":"30% Off Special","uses":188,"revenue":12272.750034332275,"discounts":5322.250008583069,"units":412.0,"cost":7083.75,"margin":42.3,"discount_depth":60.4},{"deal_name":"TrailStix/ KYND 7pks 2 for $50","uses":173,"revenue":23437.5,"discounts":9375.0,"units":750.0,"cost":14062.5,"margin":40.0,"discount_depth":57.2},{"deal_name":"KYND 1/2oz for $100","uses":167,"revenue":43560.84999084473,"discounts":23755.400009155273,"units":1398.0,"cost":27960.0,"margin":35.8,"discount_depth":70.6},{"deal_name":"50% Off IPR  / PR Packs","uses":149,"revenue":9931.25,"discounts":9931.25,"units":454.0,"cost":8512.5,"margin":14.3,"discount_depth":100.0},{"deal_name":"GW - BOGO KYND 1/8ths","uses":133,"revenue":16018.099308013916,"discounts":16096.90071105957,"units":694.0,"cost":10861.25,"margin":32.2,"discount_depth":100.2},{"deal_name":"4/20 40% Off!!!!","uses":131,"revenue":11167.500162124634,"discounts":7444.999847412109,"units":388.0,"cost":7760.0,"margin":30.5,"discount_depth":80.0},{"deal_name":"Lit4Less - 1/4 for $50","uses":69,"revenue":7600.424995422363,"discounts":3249.5750045776367,"units":248.0,"cost":3875.0,"margin":49.0,"discount_depth":60.0},{"deal_name":"Employee 30% - NOT FRIDAYS","uses":46,"revenue":3399.375,"discounts":1456.875,"units":110.0,"cost":1838.75,"margin":45.9,"discount_depth":60.0},{"deal_name":"LVAC - 25% Off","uses":41,"revenue":2868.75,"discounts":956.25,"units":84.0,"cost":1421.25,"margin":50.5,"discount_depth":50.0},{"deal_name":"Employee - 40% OFF","uses":30,"revenue":2115.0,"discounts":1410.0,"units":80.0,"cost":1317.5,"margin":37.7,"discount_depth":80.0}]},"growth_opportunities":[{"type":"distribution","title":"Expand to Elevation Downtown","detail":"Store has $159,885 in FLOWER, PRE ROLL PACK \u2014 categories where KYND competes.","priority":"high"},{"type":"sku_expansion","title":"Add 'DOUBLE MYNTZ 7 PK PRE ROLL - KYND' to 2 more store(s)","detail":"Carried in 4 stores. Missing from: Elevation Mesa, Elevation Oasis","priority":"medium"},{"type":"sku_expansion","title":"Add 'FIRST CLASS FUNK #1 EIGHTH - KYND' to 2 more store(s)","detail":"Carried in 4 stores. Missing from: Elevation Boulevard, Elevation Parkway","priority":"medium"},{"type":"sku_expansion","title":"Add 'FIRST CLASS FUNK #2 7 PK PRE ROLL - KYND' to 2 more store(s)","detail":"Carried in 4 stores. Missing from: Elevation Springs, Elevation Mesa","priority":"medium"},{"type":"sku_expansion","title":"Add 'FRESH SQUEEZED 7 PK PRE ROLL - KYND' to 3 more store(s)","detail":"Carried in 3 stores. Missing from: Elevation Oasis, Elevation Midtown, Elevation Boulevard","priority":"medium"},{"type":"sku_expansion","title":"Add 'FROZEN TART EIGHTH - KYND' to 4 more store(s)","detail":"Carried in 2 stores. Missing from: Elevation Mesa, Elevation Midtown, Elevation Boulevard, Elevation Parkway","priority":"medium"}],"trend":[{"period":"2024-01","revenue":110718.447265625,"cost":60398.623046875,"margin":45.4,"units":3020,"transactions":1928,"profit":50319.82421875,"revenue_change_pct":null,"units_change_pct":null,"margin_change_pts":null},{"period":"2024-02","revenue":123049.775390625,"cost":69160.0,"margin":43.8,"units":3458,"transactions":2104,"profit":53889.775390625,"revenue_change_pct":11.1,"units_change_pct":14.5,"margin_change_pts":-1.7},{"period":"2024-03","revenue":152114.375,"cost":81680.0,"margin":46.3,"units":4084,"transactions":2244,"profit":70434.375,"revenue_change_pct":23.6,"units_change_pct":18.1,"margin_change_pts":2.5},{"period":"2024-04","revenue":156637.626953125,"cost":85680.0,"margin":45.3,"units":4284,"transactions":2756,"profit":70957.626953125,"revenue_change_pct":3.0,"units_change_pct":4.9,"margin_change_pts":-1.0},{"period":"2024-05","revenue":119264.27734375,"cost":68480.0,"margin":42.6,"units":3424,"transactions":2018,"profit":50784.27734375,"revenue_change_pct":-23.9,"units_change_pct":-20.1,"margin_change_pts":-2.7},{"period":"2024-06","revenue":86300.751953125,"cost":47070.0,"margin":45.5,"units":2354,"transactions":1518,"profit":39230.74951171875,"revenue_change_pct":-27.6,"units_change_pct":-31.2,"margin_change_pts":2.9},{"period":"2024-07","revenue":160444.150390625,"cost":85357.5,"margin":46.8,"units":4336,"transactions":2808,"profit":75086.650390625,"revenue_change_pct":85.9,"units_change_pct":84.2,"margin_change_pts":1.3},{"period":"2024-08","revenue":158783.271484375,"cost":81600.0,"margin":48.6,"units":4168,"transactions":2804,"profit":77183.2763671875,"revenue_change_pct":-1.0,"units_change_pct":-3.9,"margin_change_pts":1.8},{"period":"2024-09","revenue":144989.12109375,"cost":75560.0,"margin":47.9,"units":3880,"transactions":2496,"profit":69429.1259765625,"revenue_change_pct":-8.7,"units_change_pct":-6.9,"margin_change_pts":-0.7},{"period":"2024-10","revenue":143026.298828125,"cost":69972.5,"margin":51.1,"units":3938,"transactions":2576,"profit":73053.798828125,"revenue_change_pct":-1.4,"units_change_pct":1.5,"margin_change_pts":3.2},{"period":"2024-11","revenue":193586.25,"cost":99760.0,"margin":48.5,"units":5972,"transactions":3718,"profit":93826.25,"revenue_change_pct":35.4,"units_change_pct":51.7,"margin_change_pts":-2.6},{"period":"2024-12","revenue":233898.515625,"cost":114063.75,"margin":51.2,"units":7126,"transactions":4272,"profit":119834.775390625,"revenue_change_pct":20.8,"units_change_pct":19.3,"margin_change_pts":2.8},{"period":"2025-01","revenue":193797.67578125,"cost":94818.75,"margin":51.1,"units":5946,"transactions":3368,"profit":98978.92578125,"revenue_change_pct":-17.1,"units_change_pct":-16.6,"margin_change_pts":-0.2},{"period":"2025-02","revenue":129257.87109375,"cost":63106.25,"margin":51.2,"units":3914,"transactions":2580,"profit":66151.6259765625,"revenue_change_pct":-33.3,"units_change_pct":-34.2,"margin_change_pts":0.1},{"period":"2025-03","revenue":128997.12890625,"cost":62871.25,"margin":51.3,"units":3950,"transactions":2360,"profit":66125.8740234375,"revenue_change_pct":-0.2,"units_change_pct":0.9,"margin_change_pts":0.1},{"period":"2025-04","revenue":127449.90234375,"cost":67975.0,"margin":46.7,"units":4210,"transactions":2746,"profit":59474.90234375,"revenue_change_pct":-1.2,"units_change_pct":6.6,"margin_change_pts":-4.6},{"period":"2025-05","revenue":120354.697265625,"cost":58352.5,"margin":51.5,"units":3618,"transactions":2350,"profit":62002.2021484375,"revenue_change_pct":-5.6,"units_change_pct":-14.1,"margin_change_pts":4.9},{"period":"2025-06","revenue":70327.099609375,"cost":33767.5,"margin":52.0,"units":2120,"transactions":1456,"profit":36559.599609375,"revenue_change_pct":-41.6,"units_change_pct":-41.4,"margin_change_pts":0.5},{"period":"2025-07","revenue":17160.30029296875,"cost":8413.75,"margin":51.0,"units":522,"transactions":382,"profit":8746.55029296875,"revenue_change_pct":-75.6,"units_change_pct":-75.4,"margin_change_pts":-1.0},{"period":"2025-08","revenue":6394.375,"cost":3500.0,"margin":45.3,"units":224,"transactions":164,"profit":2894.375,"revenue_change_pct":-62.7,"units_change_pct":-57.1,"margin_change_pts":-5.7}]}