{"brand":"KYND","date_range":"2024-01-01 00:00:00 to 2026-01-31 00:00:00","period_label":"All Time","summary":{"total_units":74548,"total_revenue":2576552.03125,"total_cost":1331587.34375,"total_discounts":858799.296875,"total_profit":1244964.53125,"overall_margin":48.29999923706055,"fp_margin":59.400001525878906,"disc_margin":44.5,"pct_full_price":25.799999237060547,"avg_discount_rate":25.0,"fp_revenue":663623.75,"disc_revenue":1912928.28125,"unique_customers":27658,"brand":"KYND","date_range":"2024-01-01 00:00:00 to 2026-01-31 00:00:00","months_count":40,"avg_monthly_cost":66579.375,"cost_per_unit":35.724999999999994,"primary_category":"FLOWER","primary_cat_margin":54.099998474121094,"category_rank":9,"category_total":64,"margin_vs_category":-5.800000190734863,"velocity_rank":13},"category_breakdown":[{"category_clean":"FLOWER","units":64518,"revenue":2205295.0,"cost":1144222.34375,"profit":1061072.578125,"discounts":791243.828125,"margin":48.099998474121094,"category_avg_margin":54.099998474121094,"vs_category":-6.0,"rank":9.0,"total_brands":64.0},{"category_clean":"PRE ROLL PACK","units":10030,"revenue":371256.9921875,"cost":187365.0,"profit":183891.9921875,"discounts":67555.498046875,"margin":49.5,"category_avg_margin":54.5,"vs_category":-5.0,"rank":5.0,"total_brands":14.0}],"trend":[{"period":"2024-01","revenue":110718.447265625,"cost":60398.623046875,"margin":45.4,"units":3020,"transactions":1928,"profit":50319.82421875,"revenue_change_pct":null,"units_change_pct":null,"margin_change_pts":null},{"period":"2024-02","revenue":123049.775390625,"cost":69160.0,"margin":43.8,"units":3458,"transactions":2104,"profit":53889.775390625,"revenue_change_pct":11.1,"units_change_pct":14.5,"margin_change_pts":-1.7},{"period":"2024-03","revenue":152114.375,"cost":81680.0,"margin":46.3,"units":4084,"transactions":2244,"profit":70434.375,"revenue_change_pct":23.6,"units_change_pct":18.1,"margin_change_pts":2.5},{"period":"2024-04","revenue":156637.626953125,"cost":85680.0,"margin":45.3,"units":4284,"transactions":2756,"profit":70957.626953125,"revenue_change_pct":3.0,"units_change_pct":4.9,"margin_change_pts":-1.0},{"period":"2024-05","revenue":119264.27734375,"cost":68480.0,"margin":42.6,"units":3424,"transactions":2018,"profit":50784.27734375,"revenue_change_pct":-23.9,"units_change_pct":-20.1,"margin_change_pts":-2.7},{"period":"2024-06","revenue":86300.751953125,"cost":47070.0,"margin":45.5,"units":2354,"transactions":1518,"profit":39230.74951171875,"revenue_change_pct":-27.6,"units_change_pct":-31.2,"margin_change_pts":2.9},{"period":"2024-07","revenue":160444.150390625,"cost":85357.5,"margin":46.8,"units":4336,"transactions":2808,"profit":75086.650390625,"revenue_change_pct":85.9,"units_change_pct":84.2,"margin_change_pts":1.3},{"period":"2024-08","revenue":158783.271484375,"cost":81600.0,"margin":48.6,"units":4168,"transactions":2804,"profit":77183.2763671875,"revenue_change_pct":-1.0,"units_change_pct":-3.9,"margin_change_pts":1.8},{"period":"2024-09","revenue":144989.12109375,"cost":75560.0,"margin":47.9,"units":3880,"transactions":2496,"profit":69429.1259765625,"revenue_change_pct":-8.7,"units_change_pct":-6.9,"margin_change_pts":-0.7},{"period":"2024-10","revenue":143026.298828125,"cost":69972.5,"margin":51.1,"units":3938,"transactions":2576,"profit":73053.798828125,"revenue_change_pct":-1.4,"units_change_pct":1.5,"margin_change_pts":3.2},{"period":"2024-11","revenue":193586.25,"cost":99760.0,"margin":48.5,"units":5972,"transactions":3718,"profit":93826.25,"revenue_change_pct":35.4,"units_change_pct":51.7,"margin_change_pts":-2.6},{"period":"2024-12","revenue":233898.515625,"cost":114063.75,"margin":51.2,"units":7126,"transactions":4272,"profit":119834.775390625,"revenue_change_pct":20.8,"units_change_pct":19.3,"margin_change_pts":2.8},{"period":"2025-01","revenue":193797.67578125,"cost":94818.75,"margin":51.1,"units":5946,"transactions":3368,"profit":98978.92578125,"revenue_change_pct":-17.1,"units_change_pct":-16.6,"margin_change_pts":-0.2},{"period":"2025-02","revenue":129257.87109375,"cost":63106.25,"margin":51.2,"units":3914,"transactions":2580,"profit":66151.6259765625,"revenue_change_pct":-33.3,"units_change_pct":-34.2,"margin_change_pts":0.1},{"period":"2025-03","revenue":128997.12890625,"cost":62871.25,"margin":51.3,"units":3950,"transactions":2360,"profit":66125.8740234375,"revenue_change_pct":-0.2,"units_change_pct":0.9,"margin_change_pts":0.1},{"period":"2025-04","revenue":127449.90234375,"cost":67975.0,"margin":46.7,"units":4210,"transactions":2746,"profit":59474.90234375,"revenue_change_pct":-1.2,"units_change_pct":6.6,"margin_change_pts":-4.6},{"period":"2025-05","revenue":120354.697265625,"cost":58352.5,"margin":51.5,"units":3618,"transactions":2350,"profit":62002.2021484375,"revenue_change_pct":-5.6,"units_change_pct":-14.1,"margin_change_pts":4.9},{"period":"2025-06","revenue":70327.099609375,"cost":33767.5,"margin":52.0,"units":2120,"transactions":1456,"profit":36559.599609375,"revenue_change_pct":-41.6,"units_change_pct":-41.4,"margin_change_pts":0.5},{"period":"2025-07","revenue":17160.30029296875,"cost":8413.75,"margin":51.0,"units":522,"transactions":382,"profit":8746.55029296875,"revenue_change_pct":-75.6,"units_change_pct":-75.4,"margin_change_pts":-1.0},{"period":"2025-08","revenue":6394.375,"cost":3500.0,"margin":45.3,"units":224,"transactions":164,"profit":2894.375,"revenue_change_pct":-62.7,"units_change_pct":-57.1,"margin_change_pts":-5.7}],"share_of_category":[{"category":"FLOWER","brand_revenue":2205295.0,"category_revenue":77755450.0,"revenue_share_pct":2.799999952316284,"brand_units":64518,"category_units":2708446,"units_share_pct":2.4},{"category":"PRE ROLL PACK","brand_revenue":371256.9921875,"category_revenue":3903863.75,"revenue_share_pct":9.5,"brand_units":10030,"category_units":123714,"units_share_pct":8.1}],"share_of_category_trend":{"FLOWER":[{"period":"2024-01","brand_revenue":110718.447265625,"category_revenue":3552357.8125,"share_pct":3.0999999046325684},{"period":"2024-02","brand_revenue":123049.775390625,"category_revenue":3535245.625,"share_pct":3.5},{"period":"2024-03","brand_revenue":152114.375,"category_revenue":3693805.625,"share_pct":4.099999904632568},{"period":"2024-04","brand_revenue":156637.626953125,"category_revenue":3541899.6875,"share_pct":4.400000095367432},{"period":"2024-05","brand_revenue":119264.27734375,"category_revenue":3537479.375,"share_pct":3.4000000953674316},{"period":"2024-06","brand_revenue":86003.251953125,"category_revenue":3403269.6875,"share_pct":2.5},{"period":"2024-07","brand_revenue":118478.427734375,"category_revenue":3457705.9375,"share_pct":3.4000000953674316},{"period":"2024-08","brand_revenue":106837.626953125,"category_revenue":3453819.375,"share_pct":3.0999999046325684},{"period":"2024-09","brand_revenue":84428.49609375,"category_revenue":3316441.5625,"share_pct":2.5},{"period":"2024-10","brand_revenue":100634.62890625,"category_revenue":3585775.0,"share_pct":2.799999952316284},{"period":"2024-11","brand_revenue":165353.75,"category_revenue":3454855.3125,"share_pct":4.800000190734863},{"period":"2024-12","brand_revenue":211487.265625,"category_revenue":3226567.8125,"share_pct":6.599999904632568},{"period":"2025-01","brand_revenue":170732.67578125,"category_revenue":2984938.125,"share_pct":5.699999809265137},{"period":"2025-02","brand_revenue":106798.49609375,"category_revenue":2816220.0,"share_pct":3.799999952316284},{"period":"2025-03","brand_revenue":115156.50390625,"category_revenue":2911379.6875,"share_pct":4.0},{"period":"2025-04","brand_revenue":105146.15234375,"category_revenue":3118895.3125,"share_pct":3.4000000953674316},{"period":"2025-05","brand_revenue":97432.5,"category_revenue":2887345.0,"share_pct":3.4000000953674316},{"period":"2025-06","brand_revenue":56481.474609375,"category_revenue":2773698.125,"share_pct":2.0},{"period":"2025-07","brand_revenue":12144.7998046875,"category_revenue":2782763.125,"share_pct":0.4000000059604645},{"period":"2025-08","brand_revenue":6394.375,"category_revenue":2733122.8125,"share_pct":0.20000000298023224},{"period":"2025-09","brand_revenue":0.0,"category_revenue":2603501.5625,"share_pct":0.0},{"period":"2025-10","brand_revenue":0.0,"category_revenue":2663705.0,"share_pct":0.0},{"period":"2025-11","brand_revenue":0.0,"category_revenue":2700189.0625,"share_pct":0.0},{"period":"2025-12","brand_revenue":0.0,"category_revenue":2515209.53125,"share_pct":0.0},{"period":"2026-01","brand_revenue":0.0,"category_revenue":2505261.875,"share_pct":0.0}],"PRE ROLL PACK":[{"period":"2024-01","brand_revenue":0.0,"category_revenue":169271.89453125,"share_pct":0.0},{"period":"2024-02","brand_revenue":0.0,"category_revenue":174199.375,"share_pct":0.0},{"period":"2024-03","brand_revenue":0.0,"category_revenue":187083.0078125,"share_pct":0.0},{"period":"2024-04","brand_revenue":0.0,"category_revenue":179617.6171875,"share_pct":0.0},{"period":"2024-05","brand_revenue":0.0,"category_revenue":198875.703125,"share_pct":0.0},{"period":"2024-06","brand_revenue":297.5,"category_revenue":182181.42578125,"share_pct":0.20000000298023224},{"period":"2024-07","brand_revenue":41965.72265625,"category_revenue":189754.43359375,"share_pct":22.100000381469727},{"period":"2024-08","brand_revenue":51945.6494140625,"category_revenue":163466.5234375,"share_pct":31.799999237060547},{"period":"2024-09","brand_revenue":60560.625,"category_revenue":145157.197265625,"share_pct":41.70000076293945},{"period":"2024-10","brand_revenue":42391.6748046875,"category_revenue":143902.822265625,"share_pct":29.5},{"period":"2024-11","brand_revenue":28232.5,"category_revenue":169051.3671875,"share_pct":16.700000762939453},{"period":"2024-12","brand_revenue":22411.25,"category_revenue":186738.92578125,"share_pct":12.0},{"period":"2025-01","brand_revenue":23065.0,"category_revenue":222888.57421875,"share_pct":10.300000190734863},{"period":"2025-02","brand_revenue":22459.375,"category_revenue":186213.06640625,"share_pct":12.100000381469727},{"period":"2025-03","brand_revenue":13840.625,"category_revenue":195415.56640625,"share_pct":7.099999904632568},{"period":"2025-04","brand_revenue":22303.75,"category_revenue":188683.2421875,"share_pct":11.800000190734863},{"period":"2025-05","brand_revenue":22922.19970703125,"category_revenue":231505.29296875,"share_pct":9.899999618530273},{"period":"2025-06","brand_revenue":13845.625,"category_revenue":169830.2734375,"share_pct":8.199999809265137},{"period":"2025-07","brand_revenue":5015.4998779296875,"category_revenue":130345.849609375,"share_pct":3.799999952316284},{"period":"2025-08","brand_revenue":0.0,"category_revenue":108797.099609375,"share_pct":0.0},{"period":"2025-09","brand_revenue":0.0,"category_revenue":99689.677734375,"share_pct":0.0},{"period":"2025-10","brand_revenue":0.0,"category_revenue":67141.8505859375,"share_pct":0.0},{"period":"2025-11","brand_revenue":0.0,"category_revenue":80167.7978515625,"share_pct":0.0},{"period":"2025-12","brand_revenue":0.0,"category_revenue":71818.3740234375,"share_pct":0.0},{"period":"2026-01","brand_revenue":0.0,"category_revenue":62066.826171875,"share_pct":0.0}]},"discount_depth":[{"tier":"0% (Full Price)","transactions":12840,"pct_of_transactions":22.7,"revenue":663623.75,"avg_discount":0.0},{"tier":"1-10%","transactions":2450,"pct_of_transactions":4.3,"revenue":139167.48046875,"avg_discount":20.0},{"tier":"11-20%","transactions":1220,"pct_of_transactions":2.2,"revenue":62750.400390625,"avg_discount":39.0},{"tier":"21-30%","transactions":14682,"pct_of_transactions":26.0,"revenue":656715.234375,"avg_discount":56.79999923706055},{"tier":"31%+","transactions":13518,"pct_of_transactions":23.9,"revenue":596790.8203125,"avg_discount":77.4000015258789}],"velocity":{"units_per_day":122.42,"revenue_per_day":4230.799865722656,"avg_units_per_txn":3.2,"days_of_data":609,"total_units":74548,"total_transactions":46648},"velocity_by_category":[{"category":"FLOWER","brand_units_per_day":84.66,"category_avg_units_per_day":55.54,"velocity_index":152.5,"brand_rev_per_unit":27.34,"category_rev_per_unit":22.97,"brands_in_category":64},{"category":"PRE ROLL PACK","brand_units_per_day":13.16,"category_avg_units_per_day":11.6,"velocity_index":113.5,"brand_rev_per_unit":29.61,"category_rev_per_unit":25.24,"brands_in_category":14}],"deals":[{"deal_name":"Stock & Save - 1/4 for $50","times_used":12194,"units":23353.0,"revenue":729689.8250007629,"discounts":316011.42499923706,"cost":368718.75,"profit":360971.0749989748,"pre_discount_revenue":1045701.25,"margin":49.5,"avg_discount":60.4},{"deal_name":"Industry - 30% Off","times_used":6974,"units":9371.0,"revenue":301905.5772781372,"discounts":129921.92562103271,"cost":169409.49999809265,"profit":132496.074385643,"pre_discount_revenue":431827.5,"margin":43.9,"avg_discount":60.2},{"deal_name":"KYND 1/4 for $50","times_used":2452,"units":5820.0,"revenue":182107.5,"discounts":103061.25,"cost":116400.0,"profit":65707.5,"pre_discount_revenue":285168.75,"margin":36.1,"avg_discount":72.2},{"deal_name":"KYND 1/4oz for $50","times_used":2000,"units":4612.0,"revenue":144033.75,"discounts":78751.25,"cost":92185.0,"profit":51848.75,"pre_discount_revenue":222785.0,"margin":36.0,"avg_discount":70.6},{"deal_name":"Senior - 10% Off","times_used":1072,"units":1766.0,"revenue":74297.25095748901,"discounts":8321.499938964844,"cost":33855.0,"profit":40442.249751091,"pre_discount_revenue":82618.75,"margin":54.4,"avg_discount":20.2},{"deal_name":"4/20 2025 - Flower / Infused","times_used":664,"units":994.0,"revenue":21711.875,"discounts":21813.125,"cost":16418.75,"profit":5293.125,"pre_discount_revenue":43525.0,"margin":24.4,"avg_discount":100.2},{"deal_name":"Senior / Veterans - 20% Off","times_used":612,"units":922.0,"revenue":34317.374782562256,"discounts":8591.374945640564,"cost":17613.624999523163,"profit":16703.750054836273,"pre_discount_revenue":42908.75,"margin":48.7,"avg_discount":40.0},{"deal_name":"Industry 30% Off","times_used":550,"units":796.0,"revenue":24351.25,"discounts":10473.75,"cost":12861.25,"profit":11490.0,"pre_discount_revenue":34825.0,"margin":47.2,"avg_discount":60.2},{"deal_name":"Veterans - 10% Off","times_used":478,"units":564.0,"revenue":23503.37532043457,"discounts":2675.3749799728394,"cost":10600.0,"profit":12903.374919891357,"pre_discount_revenue":26178.75,"margin":54.9,"avg_discount":20.4},{"deal_name":"Jackpot - Locals 30% Off","times_used":452,"units":794.0,"revenue":25005.750074386597,"discounts":10716.75001859665,"cost":13790.0,"profit":11215.74998140335,"pre_discount_revenue":35722.5,"margin":44.9,"avg_discount":60.0},{"deal_name":"30% Off Special","times_used":376,"units":412.0,"revenue":12272.750034332275,"discounts":5322.250008583069,"cost":7083.75,"profit":5188.999991416931,"pre_discount_revenue":17595.0,"margin":42.3,"avg_discount":60.4},{"deal_name":"TrailStix/ KYND 7pks 2 for $50","times_used":346,"units":750.0,"revenue":23437.5,"discounts":9375.0,"cost":14062.5,"profit":9375.0,"pre_discount_revenue":32812.5,"margin":40.0,"avg_discount":57.2},{"deal_name":"KYND 1/2oz for $100","times_used":334,"units":1398.0,"revenue":43560.84999084473,"discounts":23755.400009155273,"cost":27960.0,"profit":15600.85000038147,"pre_discount_revenue":67316.25,"margin":35.8,"avg_discount":70.6},{"deal_name":"50% Off IPR  / PR Packs","times_used":298,"units":454.0,"revenue":9931.25,"discounts":9931.25,"cost":8512.5,"profit":1418.75,"pre_discount_revenue":19862.5,"margin":14.3,"avg_discount":100.0},{"deal_name":"GW - BOGO KYND 1/8ths","times_used":266,"units":694.0,"revenue":16018.099308013916,"discounts":16096.90071105957,"cost":10861.25,"profit":5156.850090622902,"pre_discount_revenue":32115.0,"margin":32.2,"avg_discount":100.2},{"deal_name":"4/20 40% Off!!!!","times_used":262,"units":388.0,"revenue":11167.500162124634,"discounts":7444.999847412109,"cost":7760.0,"profit":3407.4999594688416,"pre_discount_revenue":18612.5,"margin":30.5,"avg_discount":80.0},{"deal_name":"Lit4Less - 1/4 for $50","times_used":138,"units":248.0,"revenue":7600.424995422363,"discounts":3249.5750045776367,"cost":3875.0,"profit":3725.425000190735,"pre_discount_revenue":10850.0,"margin":49.0,"avg_discount":60.0},{"deal_name":"Employee 30% - NOT FRIDAYS","times_used":92,"units":110.0,"revenue":3399.375,"discounts":1456.875,"cost":1838.75,"profit":1560.625,"pre_discount_revenue":4856.25,"margin":45.9,"avg_discount":60.0},{"deal_name":"LVAC - 25% Off","times_used":82,"units":84.0,"revenue":2868.75,"discounts":956.25,"cost":1421.25,"profit":1447.5,"pre_discount_revenue":3825.0,"margin":50.5,"avg_discount":50.0},{"deal_name":"Employee - 40% OFF","times_used":60,"units":80.0,"revenue":2115.0,"discounts":1410.0,"cost":1317.5,"profit":797.5,"pre_discount_revenue":3525.0,"margin":37.7,"avg_discount":80.0},{"deal_name":"KYND 2 for $45","times_used":14,"units":40.0,"revenue":1125.0,"discounts":625.0,"cost":625.0,"profit":500.0,"pre_discount_revenue":1750.0,"margin":44.4,"avg_discount":71.4},{"deal_name":"Veterans Day - 30% Off For Veterans!","times_used":2,"units":2.0,"revenue":61.25,"discounts":26.25,"cost":37.5,"profit":23.75,"pre_discount_revenue":87.5,"margin":38.8,"avg_discount":60.0}],"top_products":[{"product":"FRESH SQUEEZED EIGHTH - KYND","units":9326,"revenue":321125.91796875,"cost":166316.25,"profit":154809.677734375,"transactions":6854,"margin":48.20000076293945},{"product":"LARRY LOVESTEIN EIGHTH - KYND","units":8242,"revenue":296864.78515625,"cost":147383.75,"profit":149481.025390625,"transactions":5930,"margin":50.400001525878906},{"product":"OG RUNTZ #14 EIGHTH - KYND","units":8200,"revenue":263289.1796875,"cost":130907.5,"profit":132381.6796875,"transactions":5944,"margin":50.29999923706055},{"product":"MR NASTY EIGHTH - KYND","units":7304,"revenue":260431.5234375,"cost":139918.623046875,"profit":120512.900390625,"transactions":5524,"margin":46.29999923706055},{"product":"TAHOE OG EIGHTH - KYND","units":5114,"revenue":177048.06640625,"cost":90082.5,"profit":86965.576171875,"transactions":3588,"margin":49.099998474121094},{"product":"FIRST CLASS FUNK #2 EIGHTH - KYND","units":4186,"revenue":137807.32421875,"cost":72948.75,"profit":64858.57421875,"transactions":3148,"margin":47.099998474121094},{"product":"GEORGIA VELVET EIGHTH - KYND","units":3114,"revenue":107493.65234375,"cost":62280.0,"profit":45213.65234375,"transactions":2368,"margin":42.099998474121094},{"product":"WEDDING CAKE EIGHTH - KYND","units":2816,"revenue":101805.0,"cost":56320.0,"profit":45485.0,"transactions":2084,"margin":44.70000076293945},{"product":"BLACKWATER EIGHTH - KYND","units":2278,"revenue":79305.6982421875,"cost":41613.75,"profit":37691.95068359375,"transactions":1774,"margin":47.5},{"product":"DONNY BURGER 7 PK PRE ROLL - KYND","units":1954,"revenue":72204.1748046875,"cost":36637.5,"profit":35566.6748046875,"transactions":1618,"margin":49.29999923706055},{"product":"MELON RUNTZ #3 EIGHTH - KYND","units":2130,"revenue":66897.4755859375,"cost":35530.0,"profit":31367.4755859375,"transactions":1634,"margin":46.900001525878906},{"product":"OG RUNTZ #14 7 PK PRE ROLL - KYND","units":1726,"revenue":65515.625,"cost":32362.5,"profit":33153.125,"transactions":1504,"margin":50.599998474121094},{"product":"FIRST CLASS FUNK #1 EIGHTH - KYND","units":1682,"revenue":59435.224609375,"cost":30218.75,"profit":29216.474609375,"transactions":1228,"margin":49.20000076293945},{"product":"MELON MIMOSA EIGHTH - KYND","units":1650,"revenue":50794.6240234375,"cost":25781.25,"profit":25013.3740234375,"transactions":1290,"margin":49.20000076293945},{"product":"GMO X JET FUEL GELATO EIGHTH - KYND","units":1508,"revenue":46647.7978515625,"cost":23562.5,"profit":23085.30029296875,"transactions":1216,"margin":49.5},{"product":"WEDDING PIE #6 7 PK PRE ROLL - KYND","units":1180,"revenue":43331.875,"cost":21937.5,"profit":21394.375,"transactions":994,"margin":49.400001525878906},{"product":"KOOL WHIP #11 EIGHTH - KYND","units":1390,"revenue":42873.1494140625,"cost":21718.75,"profit":21154.3994140625,"transactions":952,"margin":49.29999923706055},{"product":"RICKY BOBBY EIGHTH - KYND","units":1032,"revenue":36383.525390625,"cost":20088.75,"profit":16294.775390625,"transactions":838,"margin":44.79999923706055},{"product":"FRESH SQUEEZED 7PK PRE ROLL - KYND","units":950,"revenue":34923.7744140625,"cost":17812.5,"profit":17111.2744140625,"transactions":828,"margin":49.0},{"product":"MR NASTY #1 EIGHTH - KYND","units":896,"revenue":32529.55078125,"cost":17351.25,"profit":15178.299560546875,"transactions":630,"margin":46.70000076293945},{"product":"POINSETTIA FIZZ 7 PK PRE ROLL - KYND","units":826,"revenue":30435.0,"cost":15202.5,"profit":15232.5,"transactions":664,"margin":50.0},{"product":"FIRST CLASS FUNK #2 7 PK PRE ROLL - KYND","units":730,"revenue":27678.125,"cost":13687.5,"profit":13990.625,"transactions":642,"margin":50.5},{"product":"VANILLA CHEESECAKE 7 PK PRE ROLL - KYND","units":698,"revenue":25057.82470703125,"cost":12993.75,"profit":12064.07470703125,"transactions":618,"margin":48.099998474121094},{"product":"LARRY LOVESTEIN 7 PK PRE ROLL - KYND","units":492,"revenue":18677.5,"cost":9225.0,"profit":9452.5,"transactions":446,"margin":50.599998474121094},{"product":"ICED RUNTZ #17 EIGHTH - KYND","units":516,"revenue":17512.9248046875,"cost":8631.25,"profit":8881.6748046875,"transactions":372,"margin":50.70000076293945}],"products_by_store":{"Elevation Springs":[{"product":"FRESH SQUEEZED EIGHTH - KYND","units":2398,"revenue":83288.427734375,"cost":42893.75,"profit":40394.67529296875,"transactions":1872,"margin":48.5},{"product":"LARRY LOVESTEIN EIGHTH - KYND","units":2050,"revenue":73180.3271484375,"cost":36546.25,"profit":36634.07470703125,"transactions":1592,"margin":50.099998474121094},{"product":"MR NASTY EIGHTH - KYND","units":1396,"revenue":51291.5234375,"cost":26782.5,"profit":24509.02587890625,"transactions":1136,"margin":47.79999923706055},{"product":"TAHOE OG EIGHTH - KYND","units":1550,"revenue":50701.0009765625,"cost":26476.25,"profit":24224.7509765625,"transactions":1210,"margin":47.79999923706055},{"product":"OG RUNTZ #14 EIGHTH - KYND","units":1406,"revenue":45018.30078125,"cost":23097.5,"profit":21920.80078125,"transactions":1074,"margin":48.70000076293945},{"product":"FIRST CLASS FUNK #2 EIGHTH - KYND","units":1290,"revenue":42893.8232421875,"cost":23577.5,"profit":19316.324462890625,"transactions":1028,"margin":45.0},{"product":"GEORGIA VELVET EIGHTH - KYND","units":914,"revenue":30543.82568359375,"cost":18280.0,"profit":12263.824462890625,"transactions":714,"margin":40.20000076293945},{"product":"WEDDING CAKE EIGHTH - KYND","units":768,"revenue":26489.25048828125,"cost":15360.0,"profit":11129.25048828125,"transactions":556,"margin":42.0},{"product":"FIRST CLASS FUNK #1 EIGHTH - KYND","units":648,"revenue":22796.6259765625,"cost":11822.5,"profit":10974.124755859375,"transactions":494,"margin":48.099998474121094},{"product":"BLACKWATER EIGHTH - KYND","units":606,"revenue":21688.5498046875,"cost":11542.5,"profit":10146.0498046875,"transactions":518,"margin":46.79999923706055},{"product":"MELON RUNTZ #3 EIGHTH - KYND","units":616,"revenue":18700.899658203125,"cost":10185.0,"profit":8515.900268554688,"transactions":494,"margin":45.5},{"product":"DONNY BURGER 7 PK PRE ROLL - KYND","units":478,"revenue":17825.625,"cost":8962.5,"profit":8863.125,"transactions":348,"margin":49.70000076293945},{"product":"WEDDING PIE #6 7 PK PRE ROLL - KYND","units":384,"revenue":14418.75,"cost":7200.0,"profit":7218.75,"transactions":298,"margin":50.099998474121094},{"product":"MELON MIMOSA EIGHTH - KYND","units":380,"revenue":12055.0,"cost":5937.5,"profit":6117.5,"transactions":326,"margin":50.70000076293945},{"product":"GMO X JET FUEL GELATO EIGHTH - KYND","units":382,"revenue":11486.25,"cost":5968.75,"profit":5517.5,"transactions":312,"margin":48.0}],"Elevation Mesa":[{"product":"FRESH SQUEEZED EIGHTH - KYND","units":2648,"revenue":91557.24609375,"cost":47946.25,"profit":43611.0009765625,"transactions":2028,"margin":47.599998474121094},{"product":"MR NASTY EIGHTH - KYND","units":2278,"revenue":78305.1513671875,"cost":43862.5,"profit":34442.64892578125,"transactions":1718,"margin":44.0},{"product":"LARRY LOVESTEIN EIGHTH - KYND","units":2156,"revenue":74188.701171875,"cost":38753.75,"profit":35434.94873046875,"transactions":1582,"margin":47.79999923706055},{"product":"OG RUNTZ #14 EIGHTH - KYND","units":2262,"revenue":72972.1728515625,"cost":36455.0,"profit":36517.17529296875,"transactions":1784,"margin":50.0},{"product":"FIRST CLASS FUNK #2 EIGHTH - KYND","units":1362,"revenue":44565.751953125,"cost":24623.75,"profit":19941.99951171875,"transactions":1034,"margin":44.70000076293945},{"product":"WEDDING CAKE EIGHTH - KYND","units":1032,"revenue":37124.3994140625,"cost":20640.0,"profit":16484.3994140625,"transactions":776,"margin":44.400001525878906},{"product":"TAHOE OG EIGHTH - KYND","units":898,"revenue":30342.1240234375,"cost":16831.25,"profit":13510.875244140625,"transactions":668,"margin":44.5},{"product":"FIRST CLASS FUNK #1 EIGHTH - KYND","units":648,"revenue":23353.60107421875,"cost":11813.75,"profit":11539.849853515625,"transactions":466,"margin":49.400001525878906},{"product":"BLACKWATER EIGHTH - KYND","units":640,"revenue":22774.1748046875,"cost":12240.0,"profit":10534.1748046875,"transactions":530,"margin":46.29999923706055},{"product":"GEORGIA VELVET EIGHTH - KYND","units":584,"revenue":20712.22412109375,"cost":11680.0,"profit":9032.224731445312,"transactions":458,"margin":43.599998474121094},{"product":"DONNY BURGER 7 PK PRE ROLL - KYND","units":542,"revenue":19208.5498046875,"cost":10162.5,"profit":9046.0498046875,"transactions":478,"margin":47.099998474121094},{"product":"MELON RUNTZ #3 EIGHTH - KYND","units":376,"revenue":11723.125,"cost":5875.0,"profit":5848.125,"transactions":304,"margin":49.900001525878906},{"product":"FRESH SQUEEZED 7PK PRE ROLL - KYND","units":298,"revenue":10428.125,"cost":5587.5,"profit":4840.625,"transactions":264,"margin":46.400001525878906},{"product":"KOOL WHIP #11 EIGHTH - KYND","units":320,"revenue":9434.299926757812,"cost":5000.0,"profit":4434.2999267578125,"transactions":242,"margin":47.0},{"product":"RICKY BOBBY EIGHTH - KYND","units":262,"revenue":9110.750122070312,"cost":5240.0,"profit":3870.7501220703125,"transactions":204,"margin":42.5}],"Elevation Oasis":[{"product":"LARRY LOVESTEIN EIGHTH - KYND","units":2174,"revenue":81979.90234375,"cost":38475.0,"profit":43504.90234375,"transactions":1304,"margin":53.099998474121094},{"product":"OG RUNTZ #14 EIGHTH - KYND","units":2056,"revenue":65211.123046875,"cost":32125.0,"profit":33086.12548828125,"transactions":1188,"margin":50.70000076293945},{"product":"TAHOE OG EIGHTH - KYND","units":1666,"revenue":61743.125,"cost":29426.25,"profit":32316.875,"transactions":1002,"margin":52.29999923706055},{"product":"FRESH SQUEEZED EIGHTH - KYND","units":1554,"revenue":52196.6259765625,"cost":25978.75,"profit":26217.8759765625,"transactions":826,"margin":50.20000076293945},{"product":"MR NASTY EIGHTH - KYND","units":1240,"revenue":45723.0517578125,"cost":23662.5,"profit":22060.54931640625,"transactions":714,"margin":48.20000076293945},{"product":"FIRST CLASS FUNK #2 EIGHTH - KYND","units":926,"revenue":30957.05078125,"cost":15125.0,"profit":15832.049560546875,"transactions":588,"margin":51.099998474121094},{"product":"GEORGIA VELVET EIGHTH - KYND","units":636,"revenue":23227.2509765625,"cost":12720.0,"profit":10507.249755859375,"transactions":366,"margin":45.20000076293945},{"product":"MELON RUNTZ #3 EIGHTH - KYND","units":640,"revenue":20881.75048828125,"cost":11137.5,"profit":9744.249877929688,"transactions":402,"margin":46.70000076293945},{"product":"BLACKWATER EIGHTH - KYND","units":516,"revenue":17572.249755859375,"cost":9200.0,"profit":8372.249755859375,"transactions":298,"margin":47.599998474121094},{"product":"FIRST CLASS FUNK #2 7 PK PRE ROLL - KYND","units":444,"revenue":16688.75,"cost":8325.0,"profit":8363.75,"transactions":376,"margin":50.099998474121094},{"product":"WEDDING CAKE EIGHTH - KYND","units":390,"revenue":15475.875244140625,"cost":7800.0,"profit":7675.875244140625,"transactions":234,"margin":49.599998474121094},{"product":"OG RUNTZ #14 7 PK PRE ROLL - KYND","units":394,"revenue":15437.5,"cost":7387.5,"profit":8050.0,"transactions":336,"margin":52.099998474121094},{"product":"DONNY BURGER 7 PK PRE ROLL - KYND","units":388,"revenue":14638.125,"cost":7275.0,"profit":7363.125,"transactions":310,"margin":50.29999923706055},{"product":"ICED RUNTZ #17 7 PK PRE ROLL - KYND","units":394,"revenue":14275.625,"cost":7387.5,"profit":6888.125,"transactions":346,"margin":48.29999923706055},{"product":"KOOL WHIP #11 EIGHTH - KYND","units":388,"revenue":12273.75,"cost":6062.5,"profit":6211.25,"transactions":212,"margin":50.599998474121094}],"Elevation Midtown":[{"product":"FRESH SQUEEZED EIGHTH - KYND","units":1142,"revenue":39221.97509765625,"cost":20591.25,"profit":18630.72509765625,"transactions":886,"margin":47.5},{"product":"MR NASTY EIGHTH - KYND","units":1046,"revenue":38657.67578125,"cost":20351.25,"profit":18306.424560546875,"transactions":846,"margin":47.400001525878906},{"product":"LARRY LOVESTEIN EIGHTH - KYND","units":760,"revenue":29783.42529296875,"cost":14115.0,"profit":15668.42529296875,"transactions":596,"margin":52.599998474121094},{"product":"TAHOE OG EIGHTH - KYND","units":744,"revenue":26017.05078125,"cost":13331.25,"profit":12685.799560546875,"transactions":528,"margin":48.79999923706055},{"product":"OG RUNTZ #14 EIGHTH - KYND","units":720,"revenue":22774.19921875,"cost":11250.0,"profit":11524.200439453125,"transactions":500,"margin":50.599998474121094},{"product":"OG RUNTZ #14 7 PK PRE ROLL - KYND","units":442,"revenue":17271.25,"cost":8287.5,"profit":8983.75,"transactions":390,"margin":52.0},{"product":"DONNY BURGER 7 PK PRE ROLL - KYND","units":200,"revenue":7866.25,"cost":3750.0,"profit":4116.25,"transactions":172,"margin":52.29999923706055},{"product":"MELON MIMOSA EIGHTH - KYND","units":256,"revenue":7610.250244140625,"cost":4000.0,"profit":3610.2499389648438,"transactions":164,"margin":47.400001525878906},{"product":"FIRST CLASS FUNK #2 EIGHTH - KYND","units":216,"revenue":6924.525146484375,"cost":3392.5,"profit":3532.025146484375,"transactions":184,"margin":51.0},{"product":"LARRY LOVESTEIN 7 PK PRE ROLL - KYND","units":150,"revenue":5651.25,"cost":2812.5,"profit":2838.75,"transactions":136,"margin":50.20000076293945},{"product":"POINSETTIA FIZZ 7 PK PRE ROLL - KYND","units":152,"revenue":5571.25,"cost":2850.0,"profit":2721.25,"transactions":108,"margin":48.79999923706055},{"product":"ICED RUNTZ #17 EIGHTH - KYND","units":130,"revenue":5187.5,"cost":2600.0,"profit":2587.5,"transactions":116,"margin":49.900001525878906},{"product":"VANILLA CHEESECAKE 7 PK PRE ROLL - KYND","units":150,"revenue":5141.25,"cost":2812.5,"profit":2328.75,"transactions":126,"margin":45.29999923706055},{"product":"FIRST CLASS FUNK #1 EIGHTH - KYND","units":126,"revenue":5047.5,"cost":2520.0,"profit":2527.5,"transactions":110,"margin":50.099998474121094},{"product":"WEDDING CAKE EIGHTH - KYND","units":124,"revenue":4662.124938964844,"cost":2480.0,"profit":2182.1249389648438,"transactions":94,"margin":46.79999923706055}],"Elevation Boulevard":[{"product":"FRESH SQUEEZED EIGHTH - KYND","units":980,"revenue":33618.67431640625,"cost":17937.5,"profit":15681.175537109375,"transactions":768,"margin":46.599998474121094},{"product":"OG RUNTZ #14 EIGHTH - KYND","units":1000,"revenue":32547.37548828125,"cost":15625.0,"profit":16922.37548828125,"transactions":778,"margin":52.0},{"product":"MR NASTY EIGHTH - KYND","units":782,"revenue":27148.00048828125,"cost":15079.000244140625,"profit":12069.000244140625,"transactions":656,"margin":44.5},{"product":"GEORGIA VELVET EIGHTH - KYND","units":564,"revenue":18558.475341796875,"cost":11280.0,"profit":7278.4747314453125,"transactions":466,"margin":39.20000076293945},{"product":"LARRY LOVESTEIN EIGHTH - KYND","units":488,"revenue":15877.5,"cost":8193.75,"profit":7683.75,"transactions":362,"margin":48.400001525878906},{"product":"MR NASTY #1 EIGHTH - KYND","units":248,"revenue":8194.375,"cost":4960.0,"profit":3234.375,"transactions":202,"margin":39.5},{"product":"MELON RUNTZ #3 EIGHTH - KYND","units":254,"revenue":8032.6251220703125,"cost":4520.0,"profit":3512.6251220703125,"transactions":232,"margin":43.70000076293945},{"product":"OG RUNTZ #14 7 PK PRE ROLL - KYND","units":250,"revenue":7930.0,"cost":4687.5,"profit":3242.5,"transactions":214,"margin":40.900001525878906},{"product":"GMO X JET FUEL GELATO EIGHTH - KYND","units":254,"revenue":7473.125,"cost":3968.75,"profit":3504.375,"transactions":234,"margin":46.900001525878906},{"product":"MELON MIMOSA EIGHTH - KYND","units":256,"revenue":7175.0,"cost":4000.0,"profit":3175.0,"transactions":228,"margin":44.29999923706055},{"product":"POINSETTIA FIZZ 7 PK PRE ROLL - KYND","units":140,"revenue":5220.0,"cost":2531.25,"profit":2688.75,"transactions":126,"margin":51.5},{"product":"DONNY BURGER 7 PK PRE ROLL - KYND","units":150,"revenue":5179.375,"cost":2812.5,"profit":2366.875,"transactions":132,"margin":45.70000076293945},{"product":"WEDDING CAKE EIGHTH - KYND","units":130,"revenue":4608.800048828125,"cost":2600.0,"profit":2008.800048828125,"transactions":122,"margin":43.599998474121094},{"product":"FIRST CLASS FUNK #2 EIGHTH - KYND","units":140,"revenue":4491.1749267578125,"cost":2292.5,"profit":2198.6749267578125,"transactions":102,"margin":49.0},{"product":"BLACKWATER EIGHTH - KYND","units":128,"revenue":4201.549987792969,"cost":2000.0,"profit":2201.5499877929688,"transactions":110,"margin":52.400001525878906}],"Elevation Parkway":[{"product":"OG RUNTZ #14 EIGHTH - KYND","units":756,"revenue":24766.0009765625,"cost":12355.0,"profit":12410.999755859375,"transactions":620,"margin":50.099998474121094},{"product":"LARRY LOVESTEIN EIGHTH - KYND","units":614,"revenue":21854.92431640625,"cost":11300.0,"profit":10554.925537109375,"transactions":494,"margin":48.29999923706055},{"product":"FRESH SQUEEZED EIGHTH - KYND","units":604,"revenue":21242.97607421875,"cost":10968.75,"profit":10274.224853515625,"transactions":474,"margin":48.400001525878906},{"product":"MR NASTY EIGHTH - KYND","units":562,"revenue":19306.12548828125,"cost":10180.875244140625,"profit":9125.250244140625,"transactions":454,"margin":47.29999923706055},{"product":"OG RUNTZ #14 7 PK PRE ROLL - KYND","units":340,"revenue":13818.125,"cost":6375.0,"profit":7443.125,"transactions":310,"margin":53.900001525878906},{"product":"WEDDING CAKE EIGHTH - KYND","units":372,"revenue":13444.549560546875,"cost":7440.0,"profit":6004.5501708984375,"transactions":302,"margin":44.70000076293945},{"product":"GEORGIA VELVET EIGHTH - KYND","units":286,"revenue":9989.375,"cost":5720.0,"profit":4269.375,"transactions":252,"margin":42.70000076293945},{"product":"BLACKWATER EIGHTH - KYND","units":260,"revenue":8964.924926757812,"cost":4631.25,"profit":4333.6749267578125,"transactions":216,"margin":48.29999923706055},{"product":"FIRST CLASS FUNK #2 EIGHTH - KYND","units":252,"revenue":7975.0,"cost":3937.5,"profit":4037.5,"transactions":212,"margin":50.599998474121094},{"product":"MELON MIMOSA EIGHTH - KYND","units":244,"revenue":7691.875,"cost":3812.5,"profit":3879.375,"transactions":218,"margin":50.400001525878906},{"product":"DONNY BURGER 7 PK PRE ROLL - KYND","units":196,"revenue":7486.25,"cost":3675.0,"profit":3811.25,"transactions":178,"margin":50.900001525878906},{"product":"POINSETTIA FIZZ 7 PK PRE ROLL - KYND","units":156,"revenue":6352.5,"cost":2827.5,"profit":3525.0,"transactions":138,"margin":55.5},{"product":"FIRST CLASS FUNK #2 7 PK PRE ROLL - KYND","units":144,"revenue":6058.125,"cost":2700.0,"profit":3358.125,"transactions":138,"margin":55.400001525878906},{"product":"DOUBLE MYNTZ 7 PK PRE ROLL - KYND","units":144,"revenue":5952.5,"cost":2700.0,"profit":3252.5,"transactions":136,"margin":54.599998474121094},{"product":"RICKY BOBBY EIGHTH - KYND","units":130,"revenue":4923.424987792969,"cost":2600.0,"profit":2323.4249877929688,"transactions":128,"margin":47.20000076293945}]},"store_summary":[{"store_clean":"Elevation Springs","units":18392,"revenue":630147.9296875,"cost":330798.75,"profit":299349.1796875,"discounts":221200.8203125,"margin":47.5,"discount_rate":26.0},{"store_clean":"Elevation Oasis","units":17406,"revenue":613723.2421875,"cost":303831.25,"profit":309891.97265625,"discounts":182415.52734375,"margin":50.5,"discount_rate":22.899999618530273},{"store_clean":"Elevation Mesa","units":17724,"revenue":603795.390625,"cost":321167.5,"profit":282627.890625,"discounts":222459.609375,"margin":46.79999923706055,"discount_rate":26.899999618530273},{"store_clean":"Elevation Midtown","units":8030,"revenue":284588.37890625,"cost":144472.5,"profit":140115.87890625,"discounts":83530.37109375,"margin":49.20000076293945,"discount_rate":22.700000762939453},{"store_clean":"Elevation Parkway","units":6314,"revenue":224040.859375,"cost":112297.12890625,"profit":111743.720703125,"discounts":62987.900390625,"margin":49.900001525878906,"discount_rate":21.899999618530273},{"store_clean":"Elevation Boulevard","units":6682,"revenue":220256.15234375,"cost":119020.25390625,"profit":101235.8984375,"discounts":86205.09765625,"margin":46.0,"discount_rate":28.100000381469727}],"recommendations":[{"severity":"yellow","title":"CATEGORY BENCHMARK GAP","detail":"Overall margin (48.3%) trails FLOWER average (54.1%) by 5.8 pts.","action":"Negotiate cost reduction or increase retail price."},{"severity":"info","title":"VOLUME LEVERAGE","detail":"$1,030,621 revenue provides negotiating leverage.","action":"Use volume as leverage in next vendor meeting."}],"comparison":null}