{"brand":"OOZE","date_range":"2024-01-01 00:00:00 to 2026-01-31 00:00:00","period_label":"All Time","summary":{"total_units":350,"total_revenue":15713.67431640625,"total_cost":7466.099853515625,"total_discounts":2786.3250732421875,"total_profit":8247.574462890625,"overall_margin":52.5,"fp_margin":59.70000076293945,"disc_margin":41.400001525878906,"pct_full_price":60.599998474121094,"avg_discount_rate":15.100000381469727,"fp_revenue":9522.5,"disc_revenue":6191.1749267578125,"brand":"OOZE","date_range":"2024-01-01 00:00:00 to 2026-01-31 00:00:00","primary_category":"ACCESSORY","store_coverage":"4/7","stores_present":["Elevation Springs","Elevation Oasis","Elevation Midtown","Elevation Boulevard"],"stores_missing":["Elevation Mesa","Elevation Downtown","Elevation Parkway"],"velocity_rank":22,"velocity_total":136},"distribution":[{"store":"Elevation Springs","carries_brand":true,"sku_count":2,"revenue":3157.2998046875,"units":98,"store_total_revenue":51138750.0,"brand_share_pct":0.0},{"store":"Elevation Mesa","carries_brand":false,"sku_count":0,"revenue":0.0,"units":0,"store_total_revenue":47532240.0,"brand_share_pct":0},{"store":"Elevation Oasis","carries_brand":true,"sku_count":24,"revenue":5818.2501220703125,"units":114,"store_total_revenue":56050145.0,"brand_share_pct":0.0},{"store":"Elevation Downtown","carries_brand":false,"sku_count":0,"revenue":0.0,"units":0,"store_total_revenue":1945237.1875,"brand_share_pct":0},{"store":"Elevation Midtown","carries_brand":true,"sku_count":4,"revenue":5958.125,"units":112,"store_total_revenue":30850185.0,"brand_share_pct":0.0},{"store":"Elevation Boulevard","carries_brand":true,"sku_count":2,"revenue":780.0,"units":26,"store_total_revenue":28757865.0,"brand_share_pct":0.0},{"store":"Elevation Parkway","carries_brand":false,"sku_count":0,"revenue":0.0,"units":0,"store_total_revenue":21987007.5,"brand_share_pct":0}],"share_of_category":[{"category":"ACCESSORY","brand_revenue":15713.67431640625,"category_revenue":4128754.0625,"revenue_share_pct":0.4000000059604645,"brand_units":350,"category_units":2130096,"units_share_pct":0.0}],"share_of_category_trend":{"ACCESSORY":[{"period":"2024-01","brand_revenue":0.0,"category_revenue":153543.9453125,"share_pct":0.0},{"period":"2024-02","brand_revenue":0.0,"category_revenue":152399.47265625,"share_pct":0.0},{"period":"2024-03","brand_revenue":0.0,"category_revenue":154678.876953125,"share_pct":0.0},{"period":"2024-04","brand_revenue":0.0,"category_revenue":163353.65234375,"share_pct":0.0},{"period":"2024-05","brand_revenue":0.0,"category_revenue":179676.4453125,"share_pct":0.0},{"period":"2024-06","brand_revenue":0.0,"category_revenue":185008.828125,"share_pct":0.0},{"period":"2024-07","brand_revenue":0.0,"category_revenue":186675.46875,"share_pct":0.0},{"period":"2024-08","brand_revenue":0.0,"category_revenue":180226.328125,"share_pct":0.0},{"period":"2024-09","brand_revenue":0.0,"category_revenue":162386.298828125,"share_pct":0.0},{"period":"2024-10","brand_revenue":0.0,"category_revenue":166088.73046875,"share_pct":0.0},{"period":"2024-11","brand_revenue":446.25,"category_revenue":171706.09375,"share_pct":0.30000001192092896},{"period":"2024-12","brand_revenue":2056.25,"category_revenue":176502.03125,"share_pct":1.2000000476837158},{"period":"2025-01","brand_revenue":3186.875,"category_revenue":167261.34765625,"share_pct":1.899999976158142},{"period":"2025-02","brand_revenue":1125.0,"category_revenue":155260.927734375,"share_pct":0.699999988079071},{"period":"2025-03","brand_revenue":990.0,"category_revenue":176420.390625,"share_pct":0.6000000238418579},{"period":"2025-04","brand_revenue":724.2500305175781,"category_revenue":182694.82421875,"share_pct":0.4000000059604645},{"period":"2025-05","brand_revenue":562.5,"category_revenue":179904.4921875,"share_pct":0.30000001192092896},{"period":"2025-06","brand_revenue":344.00001525878906,"category_revenue":161148.75,"share_pct":0.20000000298023224},{"period":"2025-07","brand_revenue":185.0,"category_revenue":165549.8046875,"share_pct":0.10000000149011612},{"period":"2025-08","brand_revenue":1621.25,"category_revenue":171752.05078125,"share_pct":0.8999999761581421},{"period":"2025-09","brand_revenue":550.0,"category_revenue":168198.9453125,"share_pct":0.30000001192092896},{"period":"2025-10","brand_revenue":668.75,"category_revenue":171844.55078125,"share_pct":0.4000000059604645},{"period":"2025-11","brand_revenue":96.25,"category_revenue":172839.74609375,"share_pct":0.10000000149011612},{"period":"2025-12","brand_revenue":0.0,"category_revenue":141954.873046875,"share_pct":0.0},{"period":"2026-01","brand_revenue":3157.3001098632812,"category_revenue":81677.1484375,"share_pct":3.9000000953674316}]},"velocity_by_category":[{"category":"ACCESSORY","brand_units_per_day":0.46,"category_avg_units_per_day":20.56,"velocity_index":2.2,"brand_rev_per_unit":35.92,"category_rev_per_unit":1.55,"brands_in_category":136}],"store_gaps":[{"store":"Elevation Mesa","category":"ACCESSORY","category_revenue_at_store":552719.140625,"opportunity":"Brand not carried"},{"store":"Elevation Parkway","category":"ACCESSORY","category_revenue_at_store":435759.453125,"opportunity":"Brand not carried"},{"store":"Elevation Downtown","category":"ACCESSORY","category_revenue_at_store":61539.7021484375,"opportunity":"Brand not carried"}],"product_mix":{"top":[{"product":"DUET DUAL CART BATTERY","units":112,"revenue":4583.125,"cost":2108.8499450683594,"profit":2474.2750549316406,"stores":2,"transactions":108,"margin":54.0},{"product":"OOZE TWIST SLIM BATTERY","units":138,"revenue":4374.800109863281,"cost":2147.5,"profit":2227.2999572753906,"stores":3,"transactions":138,"margin":50.900001525878906},{"product":"Ooze Dry Herb Vape","units":20,"revenue":2437.5,"cost":1249.7500610351562,"profit":1187.750015258789,"stores":1,"transactions":20,"margin":48.70000076293945},{"product":"DUET BATTERY - OOZE","units":36,"revenue":2186.25,"cost":900.0,"profit":1286.25,"stores":1,"transactions":36,"margin":58.79999923706055},{"product":"SWERVE 4 IN 1 SILICONE - OOZE","units":4,"revenue":488.75,"cost":250.0,"profit":238.75,"stores":1,"transactions":4,"margin":48.79999923706055},{"product":"UFO SILICONE 4 IN 1 - OOZE","units":4,"revenue":476.25,"cost":250.0,"profit":226.25,"stores":1,"transactions":4,"margin":47.5},{"product":"GLYCERIN BUBBLER","units":6,"revenue":253.75,"cost":112.5,"profit":141.25,"stores":1,"transactions":6,"margin":55.70000076293945},{"product":"OOZE STEAMBOAT - OOZE","units":4,"revenue":225.0,"cost":125.0,"profit":100.0,"stores":1,"transactions":4,"margin":44.400001525878906},{"product":"LIGHTER CASE PIPE - OOZE","units":10,"revenue":207.00000762939453,"cost":62.5,"profit":144.49999809265137,"stores":1,"transactions":10,"margin":69.80000305175781},{"product":"GLYCERIN MINI BUBBLER","units":6,"revenue":157.5,"cost":112.5,"profit":45.0,"stores":1,"transactions":6,"margin":28.600000381469727},{"product":"SLIDER BLUNT - OOZE","units":6,"revenue":140.0,"cost":60.0,"profit":80.0,"stores":1,"transactions":6,"margin":57.099998474121094},{"product":"STACK SILICONE GLASS WATER PIPE","units":2,"revenue":96.25,"cost":50.0,"profit":46.25,"stores":1,"transactions":2,"margin":48.099998474121094},{"product":"GLYCERIN BUBBLER - PIPEZONE","units":2,"revenue":87.5,"cost":37.5,"profit":50.0,"stores":1,"transactions":2,"margin":57.099998474121094}],"bottom":[],"expansion":[{"product":"DUET DUAL CART BATTERY","current_stores":2,"total_stores":4,"missing_stores":["Elevation Springs","Elevation Boulevard"],"revenue":4583.125},{"product":"OOZE TWIST SLIM BATTERY","current_stores":3,"total_stores":4,"missing_stores":["Elevation Midtown"],"revenue":4374.800109863281}]},"pricing_consistency":[{"product":"DUET DUAL CART BATTERY","min_price":76.53532608695653,"max_price":106.25,"avg_price":91.39266304347827,"std_dev":8.404578969864017,"store_count":4,"price_range":29.714673913043477,"range_pct":32.5},{"product":"OOZE TWIST SLIM BATTERY","min_price":60.0,"max_price":64.43468989158164,"avg_price":62.31156329719387,"std_dev":0.8893368227480427,"store_count":6,"price_range":4.434689891581636,"range_pct":7.1}],"promotional_effectiveness":{"lift":{"fp_units_per_day":3.08,"disc_units_per_day":2.9,"lift_pct":-6.1,"fp_avg_revenue_per_unit":101.30000000000001,"disc_avg_revenue_per_unit":76.425},"by_deal":[{"deal_name":"Industry - 30% Off","uses":15,"revenue":1216.25,"discounts":521.25,"units":30.0,"cost":731.25,"margin":39.9,"discount_depth":60.0},{"deal_name":"Industry 30% Off","uses":15,"revenue":737.2750020027161,"discounts":332.7250003814697,"units":28.0,"cost":437.5,"margin":40.7,"discount_depth":62.2},{"deal_name":"Employee - 40% OFF","uses":7,"revenue":472.5,"discounts":315.0,"units":18.0,"cost":314.7749948501587,"margin":33.4,"discount_depth":80.0},{"deal_name":"Veterans - 10% Off","uses":6,"revenue":517.5,"discounts":57.5,"units":12.0,"cost":225.0,"margin":56.5,"discount_depth":20.0},{"deal_name":"Jackpot - Locals 30% Off","uses":4,"revenue":376.25,"discounts":161.25,"units":8.0,"cost":200.0,"margin":46.8,"discount_depth":60.0},{"deal_name":"Senior - 10% Off","uses":4,"revenue":310.50000190734863,"discounts":34.49999988079071,"units":8.0,"cost":131.25,"margin":57.7,"discount_depth":20.0},{"deal_name":"Employee 30% - NOT FRIDAYS","uses":2,"revenue":157.5,"discounts":67.5,"units":4.0,"cost":84.97499942779541,"margin":46.0,"discount_depth":60.0},{"deal_name":"Store Credit - $15","uses":2,"revenue":40.77500104904175,"discounts":34.22500014305115,"units":2.0,"cost":31.25,"margin":23.4,"discount_depth":91.2},{"deal_name":"Senior / Veterans - 20% Off","uses":1,"revenue":40.0,"discounts":10.0,"units":2.0,"cost":20.0,"margin":50.0,"discount_depth":40.0}]},"growth_opportunities":[{"type":"distribution","title":"Expand to Elevation Mesa","detail":"Store has $221,088 in ACCESSORY \u2014 categories where OOZE competes.","priority":"high"},{"type":"distribution","title":"Expand to Elevation Downtown","detail":"Store has $24,616 in ACCESSORY \u2014 categories where OOZE competes.","priority":"high"},{"type":"distribution","title":"Expand to Elevation Parkway","detail":"Store has $174,304 in ACCESSORY \u2014 categories where OOZE competes.","priority":"high"},{"type":"sku_expansion","title":"Add 'DUET DUAL CART BATTERY' to 2 more store(s)","detail":"Carried in 2 stores. Missing from: Elevation Springs, Elevation Boulevard","priority":"medium"},{"type":"sku_expansion","title":"Add 'OOZE TWIST SLIM BATTERY' to 1 more store(s)","detail":"Carried in 3 stores. Missing from: Elevation Midtown","priority":"medium"},{"type":"velocity","title":"Improve velocity in ACCESSORY","detail":"Velocity index 2 (below category average). 0.2 units/day vs 10.3 avg.","priority":"medium"}],"trend":[{"period":"2024-11","revenue":446.25,"cost":257.44998931884766,"margin":42.3,"units":14,"transactions":14,"profit":188.80001068115234,"revenue_change_pct":null,"units_change_pct":null,"margin_change_pts":null},{"period":"2024-12","revenue":2056.25,"cost":1001.9000244140625,"margin":51.3,"units":52,"transactions":48,"profit":1054.3499755859375,"revenue_change_pct":360.8,"units_change_pct":271.4,"margin_change_pts":9.0},{"period":"2025-01","revenue":3186.875,"cost":1486.9999694824219,"margin":53.3,"units":72,"transactions":72,"profit":1699.8750305175781,"revenue_change_pct":55.0,"units_change_pct":38.5,"margin_change_pts":2.1},{"period":"2025-02","revenue":1125.0,"cost":506.25,"margin":55.0,"units":20,"transactions":20,"profit":618.75,"revenue_change_pct":-64.7,"units_change_pct":-72.2,"margin_change_pts":1.7},{"period":"2025-03","revenue":990.0,"cost":400.0,"margin":59.6,"units":16,"transactions":16,"profit":590.0,"revenue_change_pct":-12.0,"units_change_pct":-20.0,"margin_change_pts":4.6},{"period":"2025-04","revenue":724.2500305175781,"cost":287.47501373291016,"margin":60.3,"units":10,"transactions":10,"profit":436.77501678466797,"revenue_change_pct":-26.8,"units_change_pct":-37.5,"margin_change_pts":0.7},{"period":"2025-05","revenue":562.5,"cost":249.95000839233398,"margin":55.6,"units":4,"transactions":4,"profit":312.55001068115234,"revenue_change_pct":-22.3,"units_change_pct":-60.0,"margin_change_pts":-4.7},{"period":"2025-06","revenue":344.00001525878906,"cost":137.475004196167,"margin":60.0,"units":4,"transactions":4,"profit":206.5250015258789,"revenue_change_pct":-38.8,"units_change_pct":0,"margin_change_pts":4.5},{"period":"2025-07","revenue":185.0,"cost":57.5,"margin":68.9,"units":8,"transactions":8,"profit":127.5,"revenue_change_pct":-46.2,"units_change_pct":100.0,"margin_change_pts":8.9},{"period":"2025-08","revenue":1621.25,"cost":874.8750305175781,"margin":46.0,"units":28,"transactions":28,"profit":746.3750457763672,"revenue_change_pct":776.4,"units_change_pct":250.0,"margin_change_pts":-22.9},{"period":"2025-09","revenue":550.0,"cost":250.0,"margin":54.5,"units":10,"transactions":10,"profit":300.0,"revenue_change_pct":-66.1,"units_change_pct":-64.3,"margin_change_pts":8.5},{"period":"2025-10","revenue":668.75,"cost":374.97501373291016,"margin":43.9,"units":12,"transactions":12,"profit":293.7750053405762,"revenue_change_pct":21.6,"units_change_pct":20.0,"margin_change_pts":-10.6},{"period":"2025-11","revenue":96.25,"cost":50.0,"margin":48.1,"units":2,"transactions":2,"profit":46.25,"revenue_change_pct":-85.6,"units_change_pct":-83.3,"margin_change_pts":4.1},{"period":"2026-01","revenue":3157.3001098632812,"cost":1531.25,"margin":51.5,"units":98,"transactions":98,"profit":1626.0499572753906,"revenue_change_pct":3180.3,"units_change_pct":4800.0,"margin_change_pts":3.4}]}