{"brand":"OOZE","date_range":"2024-01-01 00:00:00 to 2026-01-31 00:00:00","period_label":"All Time","summary":{"total_units":350,"total_revenue":15713.67431640625,"total_cost":7466.099853515625,"total_discounts":2786.3250732421875,"total_profit":8247.574462890625,"overall_margin":52.5,"fp_margin":59.70000076293945,"disc_margin":41.400001525878906,"pct_full_price":60.599998474121094,"avg_discount_rate":15.100000381469727,"fp_revenue":9522.5,"disc_revenue":6191.1749267578125,"unique_customers":336,"brand":"OOZE","date_range":"2024-01-01 00:00:00 to 2026-01-31 00:00:00","months_count":28,"avg_monthly_cost":533.3,"cost_per_unit":42.675,"primary_category":"ACCESSORY","primary_cat_margin":61.099998474121094,"category_rank":15,"category_total":136,"margin_vs_category":-8.600000381469727,"velocity_rank":22},"category_breakdown":[{"category_clean":"ACCESSORY","units":350,"revenue":15713.675537109375,"cost":7466.099853515625,"profit":8247.575073242188,"discounts":2786.3250732421875,"margin":52.5,"category_avg_margin":61.099998474121094,"vs_category":-8.6,"rank":15.0,"total_brands":136.0}],"trend":[{"period":"2024-11","revenue":446.25,"cost":257.44998931884766,"margin":42.3,"units":14,"transactions":14,"profit":188.80001068115234,"revenue_change_pct":null,"units_change_pct":null,"margin_change_pts":null},{"period":"2024-12","revenue":2056.25,"cost":1001.9000244140625,"margin":51.3,"units":52,"transactions":48,"profit":1054.3499755859375,"revenue_change_pct":360.8,"units_change_pct":271.4,"margin_change_pts":9.0},{"period":"2025-01","revenue":3186.875,"cost":1486.9999694824219,"margin":53.3,"units":72,"transactions":72,"profit":1699.8750305175781,"revenue_change_pct":55.0,"units_change_pct":38.5,"margin_change_pts":2.1},{"period":"2025-02","revenue":1125.0,"cost":506.25,"margin":55.0,"units":20,"transactions":20,"profit":618.75,"revenue_change_pct":-64.7,"units_change_pct":-72.2,"margin_change_pts":1.7},{"period":"2025-03","revenue":990.0,"cost":400.0,"margin":59.6,"units":16,"transactions":16,"profit":590.0,"revenue_change_pct":-12.0,"units_change_pct":-20.0,"margin_change_pts":4.6},{"period":"2025-04","revenue":724.2500305175781,"cost":287.47501373291016,"margin":60.3,"units":10,"transactions":10,"profit":436.77501678466797,"revenue_change_pct":-26.8,"units_change_pct":-37.5,"margin_change_pts":0.7},{"period":"2025-05","revenue":562.5,"cost":249.95000839233398,"margin":55.6,"units":4,"transactions":4,"profit":312.55001068115234,"revenue_change_pct":-22.3,"units_change_pct":-60.0,"margin_change_pts":-4.7},{"period":"2025-06","revenue":344.00001525878906,"cost":137.475004196167,"margin":60.0,"units":4,"transactions":4,"profit":206.5250015258789,"revenue_change_pct":-38.8,"units_change_pct":0,"margin_change_pts":4.5},{"period":"2025-07","revenue":185.0,"cost":57.5,"margin":68.9,"units":8,"transactions":8,"profit":127.5,"revenue_change_pct":-46.2,"units_change_pct":100.0,"margin_change_pts":8.9},{"period":"2025-08","revenue":1621.25,"cost":874.8750305175781,"margin":46.0,"units":28,"transactions":28,"profit":746.3750457763672,"revenue_change_pct":776.4,"units_change_pct":250.0,"margin_change_pts":-22.9},{"period":"2025-09","revenue":550.0,"cost":250.0,"margin":54.5,"units":10,"transactions":10,"profit":300.0,"revenue_change_pct":-66.1,"units_change_pct":-64.3,"margin_change_pts":8.5},{"period":"2025-10","revenue":668.75,"cost":374.97501373291016,"margin":43.9,"units":12,"transactions":12,"profit":293.7750053405762,"revenue_change_pct":21.6,"units_change_pct":20.0,"margin_change_pts":-10.6},{"period":"2025-11","revenue":96.25,"cost":50.0,"margin":48.1,"units":2,"transactions":2,"profit":46.25,"revenue_change_pct":-85.6,"units_change_pct":-83.3,"margin_change_pts":4.1},{"period":"2026-01","revenue":3157.3001098632812,"cost":1531.25,"margin":51.5,"units":98,"transactions":98,"profit":1626.0499572753906,"revenue_change_pct":3180.3,"units_change_pct":4800.0,"margin_change_pts":3.4}],"share_of_category":[{"category":"ACCESSORY","brand_revenue":15713.67431640625,"category_revenue":4128754.0625,"revenue_share_pct":0.4000000059604645,"brand_units":350,"category_units":2130096,"units_share_pct":0.0}],"share_of_category_trend":{"ACCESSORY":[{"period":"2024-01","brand_revenue":0.0,"category_revenue":153543.9453125,"share_pct":0.0},{"period":"2024-02","brand_revenue":0.0,"category_revenue":152399.47265625,"share_pct":0.0},{"period":"2024-03","brand_revenue":0.0,"category_revenue":154678.876953125,"share_pct":0.0},{"period":"2024-04","brand_revenue":0.0,"category_revenue":163353.65234375,"share_pct":0.0},{"period":"2024-05","brand_revenue":0.0,"category_revenue":179676.4453125,"share_pct":0.0},{"period":"2024-06","brand_revenue":0.0,"category_revenue":185008.828125,"share_pct":0.0},{"period":"2024-07","brand_revenue":0.0,"category_revenue":186675.46875,"share_pct":0.0},{"period":"2024-08","brand_revenue":0.0,"category_revenue":180226.328125,"share_pct":0.0},{"period":"2024-09","brand_revenue":0.0,"category_revenue":162386.298828125,"share_pct":0.0},{"period":"2024-10","brand_revenue":0.0,"category_revenue":166088.73046875,"share_pct":0.0},{"period":"2024-11","brand_revenue":446.25,"category_revenue":171706.09375,"share_pct":0.30000001192092896},{"period":"2024-12","brand_revenue":2056.25,"category_revenue":176502.03125,"share_pct":1.2000000476837158},{"period":"2025-01","brand_revenue":3186.875,"category_revenue":167261.34765625,"share_pct":1.899999976158142},{"period":"2025-02","brand_revenue":1125.0,"category_revenue":155260.927734375,"share_pct":0.699999988079071},{"period":"2025-03","brand_revenue":990.0,"category_revenue":176420.390625,"share_pct":0.6000000238418579},{"period":"2025-04","brand_revenue":724.2500305175781,"category_revenue":182694.82421875,"share_pct":0.4000000059604645},{"period":"2025-05","brand_revenue":562.5,"category_revenue":179904.4921875,"share_pct":0.30000001192092896},{"period":"2025-06","brand_revenue":344.00001525878906,"category_revenue":161148.75,"share_pct":0.20000000298023224},{"period":"2025-07","brand_revenue":185.0,"category_revenue":165549.8046875,"share_pct":0.10000000149011612},{"period":"2025-08","brand_revenue":1621.25,"category_revenue":171752.05078125,"share_pct":0.8999999761581421},{"period":"2025-09","brand_revenue":550.0,"category_revenue":168198.9453125,"share_pct":0.30000001192092896},{"period":"2025-10","brand_revenue":668.75,"category_revenue":171844.55078125,"share_pct":0.4000000059604645},{"period":"2025-11","brand_revenue":96.25,"category_revenue":172839.74609375,"share_pct":0.10000000149011612},{"period":"2025-12","brand_revenue":0.0,"category_revenue":141954.873046875,"share_pct":0.0},{"period":"2026-01","brand_revenue":3157.3001098632812,"category_revenue":81677.1484375,"share_pct":3.9000000953674316}]},"discount_depth":[{"tier":"0% (Full Price)","transactions":188,"pct_of_transactions":54.3,"revenue":9522.5,"avg_discount":0.0},{"tier":"1-10%","transactions":26,"pct_of_transactions":7.5,"revenue":1451.7500305175781,"avg_discount":19.200000762939453},{"tier":"11-20%","transactions":12,"pct_of_transactions":3.5,"revenue":567.0000076293945,"avg_discount":36.79999923706055},{"tier":"21-30%","transactions":4,"pct_of_transactions":1.2,"revenue":121.875,"avg_discount":50.0},{"tier":"31%+","transactions":34,"pct_of_transactions":9.8,"revenue":1122.7999877929688,"avg_discount":96.0}],"velocity":{"units_per_day":0.76,"revenue_per_day":34.52500104904175,"avg_units_per_txn":2.02,"days_of_data":455,"total_units":350,"total_transactions":346},"velocity_by_category":[{"category":"ACCESSORY","brand_units_per_day":0.46,"category_avg_units_per_day":20.56,"velocity_index":2.2,"brand_rev_per_unit":35.92,"category_rev_per_unit":1.55,"brands_in_category":136}],"deals":[{"deal_name":"Industry - 30% Off","times_used":30,"units":30.0,"revenue":1216.25,"discounts":521.25,"cost":731.25,"profit":485.0,"pre_discount_revenue":1737.5,"margin":39.9,"avg_discount":60.0},{"deal_name":"Industry 30% Off","times_used":30,"units":28.0,"revenue":737.2750020027161,"discounts":332.7250003814697,"cost":437.5,"profit":299.7749996185303,"pre_discount_revenue":1070.0,"margin":40.7,"avg_discount":62.2},{"deal_name":"Employee - 40% OFF","times_used":14,"units":18.0,"revenue":472.5,"discounts":315.0,"cost":314.7749948501587,"profit":157.7250051498413,"pre_discount_revenue":787.5,"margin":33.4,"avg_discount":80.0},{"deal_name":"Veterans - 10% Off","times_used":12,"units":12.0,"revenue":517.5,"discounts":57.5,"cost":225.0,"profit":292.5,"pre_discount_revenue":575.0,"margin":56.5,"avg_discount":20.0},{"deal_name":"Jackpot - Locals 30% Off","times_used":8,"units":8.0,"revenue":376.25,"discounts":161.25,"cost":200.0,"profit":176.25,"pre_discount_revenue":537.5,"margin":46.8,"avg_discount":60.0},{"deal_name":"Senior - 10% Off","times_used":8,"units":8.0,"revenue":310.50000190734863,"discounts":34.49999988079071,"cost":131.25,"profit":179.24999952316284,"pre_discount_revenue":345.0,"margin":57.7,"avg_discount":20.0},{"deal_name":"Employee 30% - NOT FRIDAYS","times_used":4,"units":4.0,"revenue":157.5,"discounts":67.5,"cost":84.97499942779541,"profit":72.52500057220459,"pre_discount_revenue":225.0,"margin":46.0,"avg_discount":60.0},{"deal_name":"Store Credit - $15","times_used":4,"units":2.0,"revenue":40.77500104904175,"discounts":34.22500014305115,"cost":31.25,"profit":9.524999856948853,"pre_discount_revenue":75.0,"margin":23.4,"avg_discount":91.2},{"deal_name":"Senior / Veterans - 20% Off","times_used":2,"units":2.0,"revenue":40.0,"discounts":10.0,"cost":20.0,"profit":20.0,"pre_discount_revenue":50.0,"margin":50.0,"avg_discount":40.0}],"top_products":[{"product":"DUET DUAL CART BATTERY","units":112,"revenue":4583.125,"cost":2108.8499450683594,"profit":2474.2750549316406,"transactions":108,"margin":54.0},{"product":"OOZE TWIST SLIM BATTERY","units":138,"revenue":4374.800109863281,"cost":2147.5,"profit":2227.2999572753906,"transactions":138,"margin":50.900001525878906},{"product":"Ooze Dry Herb Vape","units":20,"revenue":2437.5,"cost":1249.7500610351562,"profit":1187.750015258789,"transactions":20,"margin":48.70000076293945},{"product":"DUET BATTERY - OOZE","units":36,"revenue":2186.25,"cost":900.0,"profit":1286.25,"transactions":36,"margin":58.79999923706055},{"product":"SWERVE 4 IN 1 SILICONE - OOZE","units":4,"revenue":488.75,"cost":250.0,"profit":238.75,"transactions":4,"margin":48.79999923706055},{"product":"UFO SILICONE 4 IN 1 - OOZE","units":4,"revenue":476.25,"cost":250.0,"profit":226.25,"transactions":4,"margin":47.5},{"product":"GLYCERIN BUBBLER","units":6,"revenue":253.75,"cost":112.5,"profit":141.25,"transactions":6,"margin":55.70000076293945},{"product":"OOZE STEAMBOAT - OOZE","units":4,"revenue":225.0,"cost":125.0,"profit":100.0,"transactions":4,"margin":44.400001525878906},{"product":"LIGHTER CASE PIPE - OOZE","units":10,"revenue":207.00000762939453,"cost":62.5,"profit":144.49999809265137,"transactions":10,"margin":69.80000305175781},{"product":"GLYCERIN MINI BUBBLER","units":6,"revenue":157.5,"cost":112.5,"profit":45.0,"transactions":6,"margin":28.600000381469727},{"product":"SLIDER BLUNT - OOZE","units":6,"revenue":140.0,"cost":60.0,"profit":80.0,"transactions":6,"margin":57.099998474121094},{"product":"STACK SILICONE GLASS WATER PIPE","units":2,"revenue":96.25,"cost":50.0,"profit":46.25,"transactions":2,"margin":48.099998474121094},{"product":"GLYCERIN BUBBLER - PIPEZONE","units":2,"revenue":87.5,"cost":37.5,"profit":50.0,"transactions":2,"margin":57.099998474121094}],"products_by_store":{"Elevation Springs":[{"product":"OOZE TWIST SLIM BATTERY","units":98,"revenue":3157.3001098632812,"cost":1531.25,"profit":1626.0499572753906,"transactions":98,"margin":51.5}],"Elevation Oasis":[{"product":"DUET BATTERY - OOZE","units":36,"revenue":2186.25,"cost":900.0,"profit":1286.25,"transactions":36,"margin":58.79999923706055},{"product":"DUET DUAL CART BATTERY","units":20,"revenue":1062.5,"cost":500.0,"profit":562.5,"transactions":20,"margin":52.900001525878906},{"product":"SWERVE 4 IN 1 SILICONE - OOZE","units":4,"revenue":488.75,"cost":250.0,"profit":238.75,"transactions":4,"margin":48.79999923706055},{"product":"UFO SILICONE 4 IN 1 - OOZE","units":4,"revenue":476.25,"cost":250.0,"profit":226.25,"transactions":4,"margin":47.5},{"product":"OOZE TWIST SLIM BATTERY","units":14,"revenue":437.5,"cost":210.0,"profit":227.5,"transactions":14,"margin":52.0},{"product":"GLYCERIN BUBBLER","units":6,"revenue":253.75,"cost":112.5,"profit":141.25,"transactions":6,"margin":55.70000076293945},{"product":"OOZE STEAMBOAT - OOZE","units":4,"revenue":225.0,"cost":125.0,"profit":100.0,"transactions":4,"margin":44.400001525878906},{"product":"LIGHTER CASE PIPE - OOZE","units":10,"revenue":207.00000762939453,"cost":62.5,"profit":144.49999809265137,"transactions":10,"margin":69.80000305175781},{"product":"GLYCERIN MINI BUBBLER","units":6,"revenue":157.5,"cost":112.5,"profit":45.0,"transactions":6,"margin":28.600000381469727},{"product":"SLIDER BLUNT - OOZE","units":6,"revenue":140.0,"cost":60.0,"profit":80.0,"transactions":6,"margin":57.099998474121094},{"product":"STACK SILICONE GLASS WATER PIPE","units":2,"revenue":96.25,"cost":50.0,"profit":46.25,"transactions":2,"margin":48.099998474121094},{"product":"GLYCERIN BUBBLER - PIPEZONE","units":2,"revenue":87.5,"cost":37.5,"profit":50.0,"transactions":2,"margin":57.099998474121094}],"Elevation Midtown":[{"product":"DUET DUAL CART BATTERY","units":92,"revenue":3520.625,"cost":1608.8499450683594,"profit":1911.7750549316406,"transactions":88,"margin":54.29999923706055},{"product":"Ooze Dry Herb Vape","units":20,"revenue":2437.5,"cost":1249.7500610351562,"profit":1187.750015258789,"transactions":20,"margin":48.70000076293945}],"Elevation Boulevard":[{"product":"OOZE TWIST SLIM BATTERY","units":26,"revenue":780.0,"cost":406.25,"profit":373.75,"transactions":26,"margin":47.900001525878906}]},"store_summary":[{"store_clean":"Elevation Midtown","units":112,"revenue":5958.125,"cost":2858.6001586914062,"profit":3099.525146484375,"discounts":1191.875,"margin":52.0,"discount_rate":16.700000762939453},{"store_clean":"Elevation Oasis","units":114,"revenue":5818.2501220703125,"cost":2670.0,"profit":3148.2501220703125,"discounts":881.7500305175781,"margin":54.099998474121094,"discount_rate":13.199999809265137},{"store_clean":"Elevation Springs","units":98,"revenue":3157.3001098632812,"cost":1531.25,"profit":1626.0499572753906,"discounts":517.7000045776367,"margin":51.5,"discount_rate":14.100000381469727},{"store_clean":"Elevation Boulevard","units":26,"revenue":780.0,"cost":406.25,"profit":373.75,"discounts":195.0,"margin":47.900001525878906,"discount_rate":20.0}],"recommendations":[{"severity":"yellow","title":"CATEGORY BENCHMARK GAP","detail":"Overall margin (52.5%) trails ACCESSORY average (61.1%) by 8.6 pts.","action":"Negotiate cost reduction or increase retail price."},{"severity":"info","title":"VOLUME LEVERAGE","detail":"$6,285 revenue provides negotiating leverage.","action":"Use volume as leverage in next vendor meeting."}],"comparison":null}