{"brand":"HONEYPUFF","date_range":"2024-01-01 00:00:00 to 2026-01-31 00:00:00","period_label":"All Time","summary":{"total_units":40,"total_revenue":236.9749641418457,"total_cost":79.49999809265137,"total_discounts":45.12500286102295,"total_profit":157.47499465942383,"overall_margin":66.5,"fp_margin":71.4000015258789,"disc_margin":54.20000076293945,"pct_full_price":71.0999984741211,"avg_discount_rate":16.0,"fp_revenue":168.52497100830078,"disc_revenue":68.45000267028809,"unique_customers":40,"brand":"HONEYPUFF","date_range":"2024-01-01 00:00:00 to 2026-01-31 00:00:00","months_count":8,"avg_monthly_cost":19.875,"cost_per_unit":3.975,"primary_category":"ACCESSORY","primary_cat_margin":61.099998474121094,"category_rank":105,"category_total":136,"margin_vs_category":5.400000095367432,"velocity_rank":67},"category_breakdown":[{"category_clean":"ACCESSORY","units":32,"revenue":179.7249984741211,"cost":62.200002670288086,"profit":117.52499580383301,"discounts":39.87499952316284,"margin":65.4000015258789,"category_avg_margin":61.099998474121094,"vs_category":4.3,"rank":105.0,"total_brands":136.0}],"trend":[{"period":"2025-03","revenue":71.34999752044678,"cost":22.350001335144043,"margin":68.7,"units":12,"transactions":12,"profit":49.000000953674316,"revenue_change_pct":null,"units_change_pct":null,"margin_change_pts":null},{"period":"2025-04","revenue":90.24999618530273,"cost":32.57499933242798,"margin":63.9,"units":16,"transactions":16,"profit":57.67499923706055,"revenue_change_pct":26.5,"units_change_pct":33.3,"margin_change_pts":-4.8},{"period":"2025-05","revenue":35.57499885559082,"cost":12.425000667572021,"margin":65.1,"units":6,"transactions":6,"profit":23.15000057220459,"revenue_change_pct":-60.6,"units_change_pct":-62.5,"margin_change_pts":1.2},{"period":"2025-06","revenue":39.80000019073486,"cost":12.15000033378601,"margin":69.5,"units":6,"transactions":6,"profit":27.649998664855957,"revenue_change_pct":11.9,"units_change_pct":0,"margin_change_pts":4.4}],"share_of_category":[{"category":"ACCESSORY","brand_revenue":179.7249984741211,"category_revenue":4128754.0625,"revenue_share_pct":0.0,"brand_units":32,"category_units":2130096,"units_share_pct":0.0},{"category":0.0,"brand_revenue":0.0,"category_revenue":0.0,"revenue_share_pct":0.0,"brand_units":0,"category_units":0,"units_share_pct":0.0}],"share_of_category_trend":{"ACCESSORY":[{"period":"2024-01","brand_revenue":0.0,"category_revenue":153543.9453125,"share_pct":0.0},{"period":"2024-02","brand_revenue":0.0,"category_revenue":152399.47265625,"share_pct":0.0},{"period":"2024-03","brand_revenue":0.0,"category_revenue":154678.876953125,"share_pct":0.0},{"period":"2024-04","brand_revenue":0.0,"category_revenue":163353.65234375,"share_pct":0.0},{"period":"2024-05","brand_revenue":0.0,"category_revenue":179676.4453125,"share_pct":0.0},{"period":"2024-06","brand_revenue":0.0,"category_revenue":185008.828125,"share_pct":0.0},{"period":"2024-07","brand_revenue":0.0,"category_revenue":186675.46875,"share_pct":0.0},{"period":"2024-08","brand_revenue":0.0,"category_revenue":180226.328125,"share_pct":0.0},{"period":"2024-09","brand_revenue":0.0,"category_revenue":162386.298828125,"share_pct":0.0},{"period":"2024-10","brand_revenue":0.0,"category_revenue":166088.73046875,"share_pct":0.0},{"period":"2024-11","brand_revenue":0.0,"category_revenue":171706.09375,"share_pct":0.0},{"period":"2024-12","brand_revenue":0.0,"category_revenue":176502.03125,"share_pct":0.0},{"period":"2025-01","brand_revenue":0.0,"category_revenue":167261.34765625,"share_pct":0.0},{"period":"2025-02","brand_revenue":0.0,"category_revenue":155260.927734375,"share_pct":0.0},{"period":"2025-03","brand_revenue":71.34999752044678,"category_revenue":176420.390625,"share_pct":0.0},{"period":"2025-04","brand_revenue":48.00000190734863,"category_revenue":182694.82421875,"share_pct":0.0},{"period":"2025-05","brand_revenue":20.57499885559082,"category_revenue":179904.4921875,"share_pct":0.0},{"period":"2025-06","brand_revenue":39.80000019073486,"category_revenue":161148.75,"share_pct":0.0},{"period":"2025-07","brand_revenue":0.0,"category_revenue":165549.8046875,"share_pct":0.0},{"period":"2025-08","brand_revenue":0.0,"category_revenue":171752.05078125,"share_pct":0.0},{"period":"2025-09","brand_revenue":0.0,"category_revenue":168198.9453125,"share_pct":0.0},{"period":"2025-10","brand_revenue":0.0,"category_revenue":171844.55078125,"share_pct":0.0},{"period":"2025-11","brand_revenue":0.0,"category_revenue":172839.74609375,"share_pct":0.0},{"period":"2025-12","brand_revenue":0.0,"category_revenue":141954.873046875,"share_pct":0.0},{"period":"2026-01","brand_revenue":0.0,"category_revenue":81677.1484375,"share_pct":0.0}]},"discount_depth":[{"tier":"0% (Full Price)","transactions":24,"pct_of_transactions":60.0,"revenue":168.52497100830078,"avg_discount":0.0},{"tier":"1-10%","transactions":0,"pct_of_transactions":0.0,"revenue":0.0,"avg_discount":0},{"tier":"11-20%","transactions":2,"pct_of_transactions":5.0,"revenue":12.350000143051147,"avg_discount":20.0},{"tier":"21-30%","transactions":2,"pct_of_transactions":5.0,"revenue":12.250000238418579,"avg_discount":60.0},{"tier":"31%+","transactions":12,"pct_of_transactions":30.0,"revenue":43.84999752044678,"avg_discount":93.5999984741211}],"velocity":{"units_per_day":0.42,"revenue_per_day":2.450000047683716,"avg_units_per_txn":2.0,"days_of_data":97,"total_units":40,"total_transactions":40},"velocity_by_category":[{"category":"ACCESSORY","brand_units_per_day":0.04,"category_avg_units_per_day":20.56,"velocity_index":0.2,"brand_rev_per_unit":4.49,"category_rev_per_unit":1.55,"brands_in_category":136},{"category":0.0,"brand_units_per_day":0.0,"category_avg_units_per_day":0,"velocity_index":0,"brand_rev_per_unit":0.0,"category_rev_per_unit":0.0,"brands_in_category":0}],"deals":[{"deal_name":"Jackpot - Locals 30% Off","times_used":4,"units":4.0,"revenue":21.850000023841858,"discounts":9.374999701976776,"cost":8.050000071525574,"profit":13.799999952316284,"pre_discount_revenue":31.22499942779541,"margin":63.2,"avg_discount":60.0},{"deal_name":"Veterans - 10% Off","times_used":2,"units":2.0,"revenue":12.350000143051147,"discounts":1.3750000298023224,"cost":4.050000011920929,"profit":8.299999833106995,"pre_discount_revenue":13.72499942779541,"margin":67.2,"avg_discount":20.0}],"top_products":[{"product":"HEMP CONES 6 PK","units":32,"revenue":179.7249984741211,"cost":62.200002670288086,"profit":117.52499580383301,"transactions":32,"margin":65.4000015258789},{"product":"CHILLUM W/ FLAVOR TIPS","units":8,"revenue":57.249999046325684,"cost":17.300000190734863,"profit":39.94999885559082,"transactions":8,"margin":69.80000305175781}],"products_by_store":{"Elevation Oasis":[{"product":"HEMP CONES 6 PK","units":32,"revenue":179.7249984741211,"cost":62.200002670288086,"profit":117.52499580383301,"transactions":32,"margin":65.4000015258789},{"product":"CHILLUM W/ FLAVOR TIPS","units":8,"revenue":57.249999046325684,"cost":17.300000190734863,"profit":39.94999885559082,"transactions":8,"margin":69.80000305175781}]},"store_summary":[{"store_clean":"Elevation Oasis","units":40,"revenue":236.97500228881836,"cost":79.49999809265137,"profit":157.47499465942383,"discounts":45.12499809265137,"margin":66.5,"discount_rate":16.0}],"recommendations":[],"comparison":null}