{"brand":"WILLIES RESERVE","date_range":"2024-01-01 00:00:00 to 2026-01-31 00:00:00","period_label":"All Time","summary":{"total_units":28196,"total_revenue":853138.671875,"total_cost":382477.5,"total_discounts":138271.328125,"total_profit":470661.171875,"overall_margin":55.20000076293945,"fp_margin":61.79999923706055,"disc_margin":47.400001525878906,"pct_full_price":54.20000076293945,"avg_discount_rate":13.899999618530273,"fp_revenue":462512.5,"disc_revenue":390626.171875,"brand":"WILLIES RESERVE","date_range":"2024-01-01 00:00:00 to 2026-01-31 00:00:00","primary_category":"FLOWER","store_coverage":"6/7","stores_present":["Elevation Springs","Elevation Mesa","Elevation Oasis","Elevation Midtown","Elevation Boulevard","Elevation Parkway"],"stores_missing":["Elevation Downtown"],"velocity_rank":24,"velocity_total":64},"distribution":[{"store":"Elevation Springs","carries_brand":true,"sku_count":12,"revenue":153115.673828125,"units":5288,"store_total_revenue":51138750.0,"brand_share_pct":0.30000001192092896},{"store":"Elevation Mesa","carries_brand":true,"sku_count":16,"revenue":178129.6875,"units":7270,"store_total_revenue":47532240.0,"brand_share_pct":0.4000000059604645},{"store":"Elevation Oasis","carries_brand":true,"sku_count":12,"revenue":205361.5625,"units":5622,"store_total_revenue":56050145.0,"brand_share_pct":0.4000000059604645},{"store":"Elevation Downtown","carries_brand":false,"sku_count":0,"revenue":0.0,"units":0,"store_total_revenue":1945237.1875,"brand_share_pct":0},{"store":"Elevation Midtown","carries_brand":true,"sku_count":14,"revenue":111440.546875,"units":3346,"store_total_revenue":30850185.0,"brand_share_pct":0.4000000059604645},{"store":"Elevation Boulevard","carries_brand":true,"sku_count":12,"revenue":90168.33984375,"units":3618,"store_total_revenue":28757865.0,"brand_share_pct":0.30000001192092896},{"store":"Elevation Parkway","carries_brand":true,"sku_count":12,"revenue":114922.8515625,"units":3052,"store_total_revenue":21987007.5,"brand_share_pct":0.5}],"share_of_category":[{"category":"FLOWER","brand_revenue":540157.421875,"category_revenue":77755450.0,"revenue_share_pct":0.699999988079071,"brand_units":21358,"category_units":2708446,"units_share_pct":0.8},{"category":"PRE ROLL PACK","brand_revenue":312981.2890625,"category_revenue":3903863.75,"revenue_share_pct":8.0,"brand_units":6838,"category_units":123714,"units_share_pct":5.5}],"share_of_category_trend":{"FLOWER":[{"period":"2024-01","brand_revenue":72789.775390625,"category_revenue":3552357.8125,"share_pct":2.0},{"period":"2024-02","brand_revenue":89302.626953125,"category_revenue":3535245.625,"share_pct":2.5},{"period":"2024-03","brand_revenue":57248.92578125,"category_revenue":3693805.625,"share_pct":1.5},{"period":"2024-04","brand_revenue":58061.25,"category_revenue":3541899.6875,"share_pct":1.600000023841858},{"period":"2024-05","brand_revenue":67367.8515625,"category_revenue":3537479.375,"share_pct":1.899999976158142},{"period":"2024-06","brand_revenue":76196.0498046875,"category_revenue":3403269.6875,"share_pct":2.200000047683716},{"period":"2024-07","brand_revenue":56403.974609375,"category_revenue":3457705.9375,"share_pct":1.600000023841858},{"period":"2024-08","brand_revenue":50827.7001953125,"category_revenue":3453819.375,"share_pct":1.5},{"period":"2024-09","brand_revenue":11959.25048828125,"category_revenue":3316441.5625,"share_pct":0.4000000059604645},{"period":"2024-10","brand_revenue":0.0,"category_revenue":3585775.0,"share_pct":0.0},{"period":"2024-11","brand_revenue":0.0,"category_revenue":3454855.3125,"share_pct":0.0},{"period":"2024-12","brand_revenue":0.0,"category_revenue":3226567.8125,"share_pct":0.0},{"period":"2025-01","brand_revenue":0.0,"category_revenue":2984938.125,"share_pct":0.0},{"period":"2025-02","brand_revenue":0.0,"category_revenue":2816220.0,"share_pct":0.0},{"period":"2025-03","brand_revenue":0.0,"category_revenue":2911379.6875,"share_pct":0.0},{"period":"2025-04","brand_revenue":0.0,"category_revenue":3118895.3125,"share_pct":0.0},{"period":"2025-05","brand_revenue":0.0,"category_revenue":2887345.0,"share_pct":0.0},{"period":"2025-06","brand_revenue":0.0,"category_revenue":2773698.125,"share_pct":0.0},{"period":"2025-07","brand_revenue":0.0,"category_revenue":2782763.125,"share_pct":0.0},{"period":"2025-08","brand_revenue":0.0,"category_revenue":2733122.8125,"share_pct":0.0},{"period":"2025-09","brand_revenue":0.0,"category_revenue":2603501.5625,"share_pct":0.0},{"period":"2025-10","brand_revenue":0.0,"category_revenue":2663705.0,"share_pct":0.0},{"period":"2025-11","brand_revenue":0.0,"category_revenue":2700189.0625,"share_pct":0.0},{"period":"2025-12","brand_revenue":0.0,"category_revenue":2515209.53125,"share_pct":0.0},{"period":"2026-01","brand_revenue":0.0,"category_revenue":2505261.875,"share_pct":0.0}],"PRE ROLL PACK":[{"period":"2024-01","brand_revenue":34343.42529296875,"category_revenue":169271.89453125,"share_pct":20.299999237060547},{"period":"2024-02","brand_revenue":31491.07421875,"category_revenue":174199.375,"share_pct":18.100000381469727},{"period":"2024-03","brand_revenue":35537.3486328125,"category_revenue":187083.0078125,"share_pct":19.0},{"period":"2024-04","brand_revenue":34944.87548828125,"category_revenue":179617.6171875,"share_pct":19.5},{"period":"2024-05","brand_revenue":55391.5478515625,"category_revenue":198875.703125,"share_pct":27.899999618530273},{"period":"2024-06","brand_revenue":54989.0478515625,"category_revenue":182181.42578125,"share_pct":30.200000762939453},{"period":"2024-07","brand_revenue":34461.875,"category_revenue":189754.43359375,"share_pct":18.200000762939453},{"period":"2024-08","brand_revenue":26265.8251953125,"category_revenue":163466.5234375,"share_pct":16.100000381469727},{"period":"2024-09","brand_revenue":5556.25,"category_revenue":145157.197265625,"share_pct":3.799999952316284},{"period":"2024-10","brand_revenue":0.0,"category_revenue":143902.822265625,"share_pct":0.0},{"period":"2024-11","brand_revenue":0.0,"category_revenue":169051.3671875,"share_pct":0.0},{"period":"2024-12","brand_revenue":0.0,"category_revenue":186738.92578125,"share_pct":0.0},{"period":"2025-01","brand_revenue":0.0,"category_revenue":222888.57421875,"share_pct":0.0},{"period":"2025-02","brand_revenue":0.0,"category_revenue":186213.06640625,"share_pct":0.0},{"period":"2025-03","brand_revenue":0.0,"category_revenue":195415.56640625,"share_pct":0.0},{"period":"2025-04","brand_revenue":0.0,"category_revenue":188683.2421875,"share_pct":0.0},{"period":"2025-05","brand_revenue":0.0,"category_revenue":231505.29296875,"share_pct":0.0},{"period":"2025-06","brand_revenue":0.0,"category_revenue":169830.2734375,"share_pct":0.0},{"period":"2025-07","brand_revenue":0.0,"category_revenue":130345.849609375,"share_pct":0.0},{"period":"2025-08","brand_revenue":0.0,"category_revenue":108797.099609375,"share_pct":0.0},{"period":"2025-09","brand_revenue":0.0,"category_revenue":99689.677734375,"share_pct":0.0},{"period":"2025-10","brand_revenue":0.0,"category_revenue":67141.8505859375,"share_pct":0.0},{"period":"2025-11","brand_revenue":0.0,"category_revenue":80167.7978515625,"share_pct":0.0},{"period":"2025-12","brand_revenue":0.0,"category_revenue":71818.3740234375,"share_pct":0.0},{"period":"2026-01","brand_revenue":0.0,"category_revenue":62066.826171875,"share_pct":0.0}]},"velocity_by_category":[{"category":"PRE ROLL PACK","brand_units_per_day":8.98,"category_avg_units_per_day":11.6,"velocity_index":77.4,"brand_rev_per_unit":36.62,"category_rev_per_unit":25.24,"brands_in_category":14},{"category":"FLOWER","brand_units_per_day":28.02,"category_avg_units_per_day":55.54,"velocity_index":50.5,"brand_rev_per_unit":20.23,"category_rev_per_unit":22.97,"brands_in_category":64}],"store_gaps":[{"store":"Elevation Downtown","category":"FLOWER","category_revenue_at_store":324929.8828125,"opportunity":"Brand not carried"},{"store":"Elevation Downtown","category":"PRE ROLL PACK","category_revenue_at_store":74783.623046875,"opportunity":"Brand not carried"}],"product_mix":{"top":[{"product":"BLUE SKIES EIGHTH - WILLIES RESERVE","units":6130,"revenue":222699.70703125,"cost":106300.0,"profit":116399.697265625,"stores":6,"transactions":5018,"margin":52.29999923706055},{"product":"RED HEADED STRANGER EIGHTH - WILLIES RESERVE","units":5712,"revenue":212218.8671875,"cost":98485.0,"profit":113733.876953125,"stores":6,"transactions":4436,"margin":53.599998474121094},{"product":"RED HEADED STRANGER 5 PK PRE ROLL - WILLIES RESERVE","units":3418,"revenue":157350.9765625,"cost":64087.5,"profit":93263.4765625,"stores":6,"transactions":2984,"margin":59.29999923706055},{"product":"BLUE SKIES 5 PK PRE ROLL - WILLIES RESERVE","units":3330,"revenue":152864.677734375,"cost":62437.5,"profit":90427.177734375,"stores":6,"transactions":2874,"margin":59.20000076293945},{"product":"BLUE SKIES GRAM - WILLIES RESERVE","units":4896,"revenue":52255.0,"cost":24480.0,"profit":27775.0,"stores":6,"transactions":4168,"margin":53.20000076293945},{"product":"RED HEADED STRANGER GRAM - WILLIES RESERVE","units":4504,"revenue":48847.5732421875,"cost":22520.0,"profit":26327.57568359375,"stores":6,"transactions":3768,"margin":53.900001525878906},{"product":"TRIGGER EIGHTH - WILLIES RESERVE","units":116,"revenue":4136.25,"cost":2030.0,"profit":2106.25,"stores":2,"transactions":102,"margin":50.900001525878906},{"product":"TRIGGER 5 PK PRE ROLL - WILLIES RESERVE","units":90,"revenue":2765.625,"cost":2137.5,"profit":628.125,"stores":1,"transactions":86,"margin":22.700000762939453}],"bottom":[],"expansion":[{"product":"TRIGGER EIGHTH - WILLIES RESERVE","current_stores":2,"total_stores":6,"missing_stores":["Elevation Springs","Elevation Oasis","Elevation Boulevard","Elevation Parkway"],"revenue":4136.25}]},"pricing_consistency":[{"product":"BLUE SKIES 5 PK PRE ROLL - WILLIES RESERVE","min_price":83.55108731034873,"max_price":99.58116824127907,"avg_price":90.07114240066626,"std_dev":2.2787107414498804,"store_count":12,"price_range":16.030080930930346,"range_pct":17.8},{"product":"RED HEADED STRANGER 5 PK PRE ROLL - WILLIES RESERVE","min_price":83.21978494395381,"max_price":97.44197871767241,"avg_price":90.65038848261175,"std_dev":2.1880881368172176,"store_count":12,"price_range":14.222193773718601,"range_pct":15.7},{"product":"RED HEADED STRANGER GRAM - WILLIES RESERVE","min_price":20.5167727729383,"max_price":23.579317269076302,"avg_price":21.82089986820965,"std_dev":0.4590105951150312,"store_count":12,"price_range":3.0625444961380044,"range_pct":14.0},{"product":"BLUE SKIES EIGHTH - WILLIES RESERVE","min_price":68.50568415445574,"max_price":78.12299357945426,"avg_price":72.900169347548,"std_dev":1.5334728000360287,"store_count":12,"price_range":9.617309424998517,"range_pct":13.2},{"product":"BLUE SKIES GRAM - WILLIES RESERVE","min_price":20.210084033613445,"max_price":22.824675324675322,"avg_price":21.51873141516015,"std_dev":0.40486924783214484,"store_count":12,"price_range":2.6145912910618785,"range_pct":12.2},{"product":"RED HEADED STRANGER EIGHTH - WILLIES RESERVE","min_price":69.56852348054409,"max_price":78.37811890442133,"avg_price":73.71283261128292,"std_dev":1.2159583979928161,"store_count":12,"price_range":8.809595423877248,"range_pct":12.0},{"product":"TRIGGER EIGHTH - WILLIES RESERVE","min_price":68.375,"max_price":71.92708333333333,"avg_price":70.15104166666667,"std_dev":1.0046808849358833,"store_count":4,"price_range":3.552083333333327,"range_pct":5.1}],"promotional_effectiveness":{"lift":{"fp_units_per_day":51.8,"disc_units_per_day":59.4,"lift_pct":14.7,"fp_avg_revenue_per_unit":70.575,"disc_avg_revenue_per_unit":51.775000000000006},"by_deal":[{"deal_name":"Industry - 30% Off","uses":2254,"revenue":103996.37501239777,"discounts":44569.874987602234,"units":5240.0,"cost":57277.5,"margin":44.9,"discount_depth":60.0},{"deal_name":"Redwood Family 1/4 - $50","uses":597,"revenue":62657.10000038147,"discounts":25175.39999961853,"units":2006.0,"cost":34830.0,"margin":44.4,"discount_depth":57.4},{"deal_name":"Senior - 10% Off","uses":392,"revenue":48298.000094890594,"discounts":5409.499992877245,"units":1328.0,"cost":20392.5,"margin":57.8,"discount_depth":20.2},{"deal_name":"Senior / Veterans - 20% Off","uses":207,"revenue":20346.999974250793,"discounts":5086.749993562698,"units":628.0,"cost":9825.0,"margin":51.7,"discount_depth":40.0},{"deal_name":"Veterans - 10% Off","uses":204,"revenue":14676.25002861023,"discounts":1636.2499982118607,"units":504.0,"cost":6280.0,"margin":57.2,"discount_depth":20.0},{"deal_name":"4/20 40% Off!!!!","uses":155,"revenue":11190.0,"discounts":7460.0,"units":470.0,"cost":7160.0,"margin":36.0,"discount_depth":80.0},{"deal_name":"Jackpot - Locals 30% Off","uses":70,"revenue":6090.000004768372,"discounts":2609.9999952316284,"units":228.0,"cost":3357.5,"margin":44.9,"discount_depth":60.0},{"deal_name":"Willies Reserve BOGO Pre-Roll Packs","uses":68,"revenue":7220.674686431885,"discounts":7216.825313568115,"units":308.0,"cost":5775.0,"margin":20.0,"discount_depth":100.0},{"deal_name":"30% Off Special","uses":33,"revenue":2008.125,"discounts":860.625,"units":68.0,"cost":1575.0,"margin":21.6,"discount_depth":60.0},{"deal_name":"LVAC - 25% Off","uses":12,"revenue":506.25,"discounts":168.75,"units":24.0,"cost":245.0,"margin":51.6,"discount_depth":50.0},{"deal_name":"Employee 30% - NOT FRIDAYS","uses":5,"revenue":166.25,"discounts":71.25,"units":14.0,"cost":95.0,"margin":42.9,"discount_depth":60.0},{"deal_name":"25-30% Off","uses":3,"revenue":236.25,"discounts":101.25,"units":6.0,"cost":112.5,"margin":52.4,"discount_depth":60.0},{"deal_name":"Employee - 40% OFF","uses":2,"revenue":120.0,"discounts":80.0,"units":4.0,"cost":75.0,"margin":37.5,"discount_depth":80.0},{"deal_name":"Voucher - 35% Off One Item","uses":1,"revenue":56.875,"discounts":30.625,"units":2.0,"cost":35.0,"margin":38.5,"discount_depth":70.0}]},"growth_opportunities":[{"type":"distribution","title":"Expand to Elevation Downtown","detail":"Store has $159,885 in FLOWER, PRE ROLL PACK \u2014 categories where WILLIES RESERVE competes.","priority":"high"},{"type":"sku_expansion","title":"Add 'TRIGGER EIGHTH - WILLIES RESERVE' to 4 more store(s)","detail":"Carried in 2 stores. Missing from: Elevation Springs, Elevation Oasis, Elevation Boulevard, Elevation Parkway","priority":"medium"},{"type":"velocity","title":"Improve velocity in PRE ROLL PACK","detail":"Velocity index 77 (below category average). 4.5 units/day vs 5.8 avg.","priority":"medium"},{"type":"velocity","title":"Improve velocity in FLOWER","detail":"Velocity index 50 (below category average). 14.0 units/day vs 27.8 avg.","priority":"medium"}],"trend":[{"period":"2024-01","revenue":107133.203125,"cost":51490.0,"margin":51.9,"units":3578,"transactions":2930,"profit":55643.1982421875,"revenue_change_pct":null,"units_change_pct":null,"margin_change_pts":null},{"period":"2024-02","revenue":120793.701171875,"cost":55530.0,"margin":54.0,"units":3698,"transactions":2804,"profit":65263.701171875,"revenue_change_pct":12.8,"units_change_pct":3.4,"margin_change_pts":2.1},{"period":"2024-03","revenue":92786.279296875,"cost":44445.0,"margin":52.1,"units":3262,"transactions":2648,"profit":48341.2744140625,"revenue_change_pct":-23.2,"units_change_pct":-11.8,"margin_change_pts":-1.9},{"period":"2024-04","revenue":93006.123046875,"cost":42027.5,"margin":54.8,"units":3274,"transactions":2640,"profit":50978.623046875,"revenue_change_pct":0.2,"units_change_pct":0.4,"margin_change_pts":2.7},{"period":"2024-05","revenue":122759.404296875,"cost":51127.5,"margin":58.4,"units":3880,"transactions":3110,"profit":71631.8994140625,"revenue_change_pct":32.0,"units_change_pct":18.5,"margin_change_pts":3.5},{"period":"2024-06","revenue":131185.09765625,"cost":54467.5,"margin":58.5,"units":4056,"transactions":3186,"profit":76717.59765625,"revenue_change_pct":6.9,"units_change_pct":4.5,"margin_change_pts":0.1},{"period":"2024-07","revenue":90865.849609375,"cost":40845.0,"margin":55.0,"units":3052,"transactions":2382,"profit":50020.849609375,"revenue_change_pct":-30.7,"units_change_pct":-24.8,"margin_change_pts":-3.4},{"period":"2024-08","revenue":77093.525390625,"cost":34412.5,"margin":55.4,"units":2676,"transactions":2150,"profit":42681.025390625,"revenue_change_pct":-15.2,"units_change_pct":-12.3,"margin_change_pts":0.3},{"period":"2024-09","revenue":17515.50048828125,"cost":8132.5,"margin":53.6,"units":720,"transactions":534,"profit":9382.999877929688,"revenue_change_pct":-77.3,"units_change_pct":-73.1,"margin_change_pts":-1.8}]}