{"brand":"WHITE CLOUD","date_range":"2024-01-01 00:00:00 to 2026-01-31 00:00:00","period_label":"All Time","summary":{"total_units":4400,"total_revenue":131627.51953125,"total_cost":58616.77734375,"total_discounts":32209.9755859375,"total_profit":73010.7470703125,"overall_margin":55.5,"fp_margin":64.30000305175781,"disc_margin":49.20000076293945,"pct_full_price":41.599998474121094,"avg_discount_rate":19.700000762939453,"fp_revenue":54743.75,"disc_revenue":76883.7744140625,"brand":"WHITE CLOUD","date_range":"2024-01-01 00:00:00 to 2026-01-31 00:00:00","primary_category":"FLOWER","store_coverage":"4/7","stores_present":["Elevation Springs","Elevation Mesa","Elevation Midtown","Elevation Boulevard"],"stores_missing":["Elevation Oasis","Elevation Downtown","Elevation Parkway"],"velocity_rank":43,"velocity_total":64},"distribution":[{"store":"Elevation Springs","carries_brand":true,"sku_count":12,"revenue":31061.875,"units":1080,"store_total_revenue":51138750.0,"brand_share_pct":0.10000000149011612},{"store":"Elevation Mesa","carries_brand":true,"sku_count":10,"revenue":50177.2998046875,"units":1694,"store_total_revenue":47532240.0,"brand_share_pct":0.10000000149011612},{"store":"Elevation Oasis","carries_brand":false,"sku_count":0,"revenue":0.0,"units":0,"store_total_revenue":56050145.0,"brand_share_pct":0},{"store":"Elevation Downtown","carries_brand":false,"sku_count":0,"revenue":0.0,"units":0,"store_total_revenue":1945237.1875,"brand_share_pct":0},{"store":"Elevation Midtown","carries_brand":true,"sku_count":6,"revenue":18596.25,"units":550,"store_total_revenue":30850185.0,"brand_share_pct":0.10000000149011612},{"store":"Elevation Boulevard","carries_brand":true,"sku_count":12,"revenue":31792.099609375,"units":1076,"store_total_revenue":28757865.0,"brand_share_pct":0.10000000149011612},{"store":"Elevation Parkway","carries_brand":false,"sku_count":0,"revenue":0.0,"units":0,"store_total_revenue":21987007.5,"brand_share_pct":0}],"share_of_category":[{"category":"FLOWER","brand_revenue":131627.51953125,"category_revenue":77755450.0,"revenue_share_pct":0.20000000298023224,"brand_units":4400,"category_units":2708446,"units_share_pct":0.2}],"share_of_category_trend":{"FLOWER":[{"period":"2024-01","brand_revenue":16605.0,"category_revenue":3552357.8125,"share_pct":0.5},{"period":"2024-02","brand_revenue":31497.9248046875,"category_revenue":3535245.625,"share_pct":0.8999999761581421},{"period":"2024-03","brand_revenue":25455.0,"category_revenue":3693805.625,"share_pct":0.699999988079071},{"period":"2024-04","brand_revenue":30062.5,"category_revenue":3541899.6875,"share_pct":0.800000011920929},{"period":"2024-05","brand_revenue":22769.599609375,"category_revenue":3537479.375,"share_pct":0.6000000238418579},{"period":"2024-06","brand_revenue":2730.0,"category_revenue":3403269.6875,"share_pct":0.10000000149011612},{"period":"2024-07","brand_revenue":1575.0,"category_revenue":3457705.9375,"share_pct":0.0},{"period":"2024-08","brand_revenue":932.5,"category_revenue":3453819.375,"share_pct":0.0},{"period":"2024-09","brand_revenue":0.0,"category_revenue":3316441.5625,"share_pct":0.0},{"period":"2024-10","brand_revenue":0.0,"category_revenue":3585775.0,"share_pct":0.0},{"period":"2024-11","brand_revenue":0.0,"category_revenue":3454855.3125,"share_pct":0.0},{"period":"2024-12","brand_revenue":0.0,"category_revenue":3226567.8125,"share_pct":0.0},{"period":"2025-01","brand_revenue":0.0,"category_revenue":2984938.125,"share_pct":0.0},{"period":"2025-02","brand_revenue":0.0,"category_revenue":2816220.0,"share_pct":0.0},{"period":"2025-03","brand_revenue":0.0,"category_revenue":2911379.6875,"share_pct":0.0},{"period":"2025-04","brand_revenue":0.0,"category_revenue":3118895.3125,"share_pct":0.0},{"period":"2025-05","brand_revenue":0.0,"category_revenue":2887345.0,"share_pct":0.0},{"period":"2025-06","brand_revenue":0.0,"category_revenue":2773698.125,"share_pct":0.0},{"period":"2025-07","brand_revenue":0.0,"category_revenue":2782763.125,"share_pct":0.0},{"period":"2025-08","brand_revenue":0.0,"category_revenue":2733122.8125,"share_pct":0.0},{"period":"2025-09","brand_revenue":0.0,"category_revenue":2603501.5625,"share_pct":0.0},{"period":"2025-10","brand_revenue":0.0,"category_revenue":2663705.0,"share_pct":0.0},{"period":"2025-11","brand_revenue":0.0,"category_revenue":2700189.0625,"share_pct":0.0},{"period":"2025-12","brand_revenue":0.0,"category_revenue":2515209.53125,"share_pct":0.0},{"period":"2026-01","brand_revenue":0.0,"category_revenue":2505261.875,"share_pct":0.0}]},"velocity_by_category":[{"category":"FLOWER","brand_units_per_day":5.78,"category_avg_units_per_day":55.54,"velocity_index":10.4,"brand_rev_per_unit":23.93,"category_rev_per_unit":22.97,"brands_in_category":64}],"store_gaps":[{"store":"Elevation Oasis","category":"FLOWER","category_revenue_at_store":18965980.0,"opportunity":"Brand not carried"},{"store":"Elevation Parkway","category":"FLOWER","category_revenue_at_store":4297298.125,"opportunity":"Brand not carried"},{"store":"Elevation Downtown","category":"FLOWER","category_revenue_at_store":324929.8828125,"opportunity":"Brand not carried"}],"product_mix":{"top":[{"product":"BANANA CREAM CAKE EIGHTH - WHITE CLOUD","units":1750,"revenue":53568.349609375,"cost":22616.826171875,"profit":30951.52587890625,"stores":4,"transactions":1548,"margin":57.79999923706055},{"product":"THE DRIP EIGHTH - WHITE CLOUD","units":754,"revenue":21655.0,"cost":10091.300048828125,"profit":11563.699951171875,"stores":3,"transactions":696,"margin":53.400001525878906},{"product":"APPLE FRITTER EIGHTH - WHITE CLOUD","units":636,"revenue":20058.75,"cost":9072.625122070312,"profit":10986.12548828125,"stores":4,"transactions":596,"margin":54.79999923706055},{"product":"HASH BAR OG EIGHTH - WHITE CLOUD","units":458,"revenue":13272.9248046875,"cost":6479.7747802734375,"profit":6793.1500244140625,"stores":3,"transactions":402,"margin":51.20000076293945},{"product":"WHITE CLOUD OG EIGHTH - WHITE CLOUD","units":410,"revenue":11080.0,"cost":5381.25,"profit":5698.75,"stores":3,"transactions":330,"margin":51.400001525878906},{"product":"ANIMAL MINTZ EIGHTH - WHITE CLOUD","units":272,"revenue":8800.0,"cost":3400.0,"profit":5400.0,"stores":2,"transactions":246,"margin":61.400001525878906},{"product":"BISCOTTI MINTZ EIGHTH - WHITE CLOUD","units":120,"revenue":3192.5,"cost":1575.0,"profit":1617.5,"stores":1,"transactions":80,"margin":50.70000076293945}],"bottom":[],"expansion":[{"product":"THE DRIP EIGHTH - WHITE CLOUD","current_stores":3,"total_stores":4,"missing_stores":["Elevation Midtown"],"revenue":21655.0},{"product":"HASH BAR OG EIGHTH - WHITE CLOUD","current_stores":3,"total_stores":4,"missing_stores":["Elevation Midtown"],"revenue":13272.9248046875},{"product":"WHITE CLOUD OG EIGHTH - WHITE CLOUD","current_stores":3,"total_stores":4,"missing_stores":["Elevation Midtown"],"revenue":11080.0},{"product":"ANIMAL MINTZ EIGHTH - WHITE CLOUD","current_stores":2,"total_stores":4,"missing_stores":["Elevation Springs","Elevation Mesa"],"revenue":8800.0}]},"pricing_consistency":[{"product":"BANANA CREAM CAKE EIGHTH - WHITE CLOUD","min_price":59.36746987951807,"max_price":68.37209302325581,"avg_price":62.28025701306378,"std_dev":1.6770887579888472,"store_count":8,"price_range":9.004623143737742,"range_pct":14.5},{"product":"ANIMAL MINTZ EIGHTH - WHITE CLOUD","min_price":59.96212121212121,"max_price":69.17857142857143,"avg_price":64.57034632034632,"std_dev":2.6068057786080687,"store_count":4,"price_range":9.216450216450216,"range_pct":14.3},{"product":"WHITE CLOUD OG EIGHTH - WHITE CLOUD","min_price":50.1875,"max_price":57.766666666666666,"avg_price":53.540277777777774,"std_dev":1.5457471524344655,"store_count":6,"price_range":7.579166666666666,"range_pct":14.2},{"product":"APPLE FRITTER EIGHTH - WHITE CLOUD","min_price":59.5,"max_price":66.16596638655463,"avg_price":62.24761404561825,"std_dev":1.130697510935923,"store_count":8,"price_range":6.66596638655462,"range_pct":10.7},{"product":"THE DRIP EIGHTH - WHITE CLOUD","min_price":56.450892857142854,"max_price":58.58695652173913,"avg_price":57.49866556677019,"std_dev":0.42744324366283615,"store_count":6,"price_range":2.136063664596275,"range_pct":3.7},{"product":"HASH BAR OG EIGHTH - WHITE CLOUD","min_price":57.12837837837838,"max_price":58.99122807017544,"avg_price":58.03621168927134,"std_dev":0.37292828804023176,"store_count":6,"price_range":1.8628496917970594,"range_pct":3.2}],"promotional_effectiveness":{"lift":{"fp_units_per_day":9.36,"disc_units_per_day":16.28,"lift_pct":74.2,"fp_avg_revenue_per_unit":74.57499999999999,"disc_avg_revenue_per_unit":52.45},"by_deal":[{"deal_name":"Industry - 30% Off","uses":567,"revenue":31955.0,"discounts":13695.0,"units":1228.0,"cost":16428.199968338013,"margin":48.6,"discount_depth":60.0},{"deal_name":"Jerome Baker / White Cloud - 1/4 for $40","uses":183,"revenue":15720.0,"discounts":7905.0,"units":630.0,"cost":8210.299997329712,"margin":47.8,"discount_depth":67.0},{"deal_name":"Senior - 10% Off","uses":29,"revenue":2092.5,"discounts":232.5,"units":62.0,"cost":849.1749978065491,"margin":59.4,"discount_depth":20.0},{"deal_name":"Veterans - 10% Off","uses":17,"revenue":1141.875,"discounts":126.875,"units":34.0,"cost":455.2750015258789,"margin":60.1,"discount_depth":20.0},{"deal_name":"Senior / Veterans - 20% Off","uses":8,"revenue":600.0,"discounts":150.0,"units":20.0,"cost":265.79999923706055,"margin":55.7,"discount_depth":40.0}]},"growth_opportunities":[{"type":"distribution","title":"Expand to Elevation Oasis","detail":"Store has $7,586,392 in FLOWER \u2014 categories where WHITE CLOUD competes.","priority":"high"},{"type":"distribution","title":"Expand to Elevation Downtown","detail":"Store has $129,972 in FLOWER \u2014 categories where WHITE CLOUD competes.","priority":"high"},{"type":"distribution","title":"Expand to Elevation Parkway","detail":"Store has $1,718,919 in FLOWER \u2014 categories where WHITE CLOUD competes.","priority":"high"},{"type":"sku_expansion","title":"Add 'ANIMAL MINTZ EIGHTH - WHITE CLOUD' to 2 more store(s)","detail":"Carried in 2 stores. Missing from: Elevation Springs, Elevation Mesa","priority":"medium"},{"type":"sku_expansion","title":"Add 'HASH BAR OG EIGHTH - WHITE CLOUD' to 1 more store(s)","detail":"Carried in 3 stores. Missing from: Elevation Midtown","priority":"medium"},{"type":"sku_expansion","title":"Add 'THE DRIP EIGHTH - WHITE CLOUD' to 1 more store(s)","detail":"Carried in 3 stores. Missing from: Elevation Midtown","priority":"medium"},{"type":"sku_expansion","title":"Add 'WHITE CLOUD OG EIGHTH - WHITE CLOUD' to 1 more store(s)","detail":"Carried in 3 stores. Missing from: Elevation Midtown","priority":"medium"},{"type":"velocity","title":"Improve velocity in FLOWER","detail":"Velocity index 10 (below category average). 2.9 units/day vs 27.8 avg.","priority":"medium"}],"trend":[{"period":"2024-01","revenue":16605.0,"cost":7987.125244140625,"margin":51.9,"units":564,"transactions":500,"profit":8617.874755859375,"revenue_change_pct":null,"units_change_pct":null,"margin_change_pts":null},{"period":"2024-02","revenue":31497.9248046875,"cost":13805.625,"margin":56.2,"units":1018,"transactions":892,"profit":17692.2998046875,"revenue_change_pct":89.7,"units_change_pct":80.5,"margin_change_pts":4.3},{"period":"2024-03","revenue":25455.0,"cost":11790.4248046875,"margin":53.7,"units":902,"transactions":700,"profit":13664.5751953125,"revenue_change_pct":-19.2,"units_change_pct":-11.4,"margin_change_pts":-2.5},{"period":"2024-04","revenue":30062.5,"cost":13381.099853515625,"margin":55.5,"units":1026,"transactions":832,"profit":16681.400146484375,"revenue_change_pct":18.1,"units_change_pct":13.7,"margin_change_pts":1.8},{"period":"2024-05","revenue":22769.599609375,"cost":9368.75,"margin":58.9,"units":716,"transactions":632,"profit":13400.849609375,"revenue_change_pct":-24.3,"units_change_pct":-30.2,"margin_change_pts":3.4},{"period":"2024-06","revenue":2730.0,"cost":1207.5,"margin":55.8,"units":92,"transactions":92,"profit":1522.5,"revenue_change_pct":-88.0,"units_change_pct":-87.2,"margin_change_pts":-3.1},{"period":"2024-07","revenue":1575.0,"cost":656.25,"margin":58.3,"units":50,"transactions":48,"profit":918.75,"revenue_change_pct":-42.3,"units_change_pct":-45.7,"margin_change_pts":2.6},{"period":"2024-08","revenue":932.5,"cost":420.0,"margin":55.0,"units":32,"transactions":32,"profit":512.5,"revenue_change_pct":-40.8,"units_change_pct":-36.0,"margin_change_pts":-3.4}]}