{"brand":"BASKIN","date_range":"2024-01-01 00:00:00 to 2026-01-31 00:00:00","period_label":"All Time","summary":{"total_units":83,"total_revenue":1777.5,"total_cost":2015.0,"total_discounts":1768.5,"total_profit":-237.5,"overall_margin":-13.399999618530273,"fp_margin":0.0,"disc_margin":-13.399999618530273,"pct_full_price":0.0,"avg_discount_rate":49.900001525878906,"fp_revenue":0.0,"disc_revenue":1777.5,"brand":"BASKIN","date_range":"2024-01-01 00:00:00 to 2026-01-31 00:00:00","primary_category":"TOPICAL","store_coverage":"4/7","stores_present":["Thrive Cactus","Thrive Jackpot","Thrive Reno","Thrive Sahara"],"stores_missing":["Thrive Cheyenne","Thrive Main Street","Thrive Sammy"],"velocity_rank":5,"velocity_total":7},"distribution":[{"store":"Thrive Cactus","carries_brand":true,"sku_count":2,"revenue":542.5,"units":31,"store_total_revenue":20455500.0,"brand_share_pct":0.0},{"store":"Thrive Cheyenne","carries_brand":false,"sku_count":0,"revenue":0,"units":0,"store_total_revenue":19012896.0,"brand_share_pct":0},{"store":"Thrive Jackpot","carries_brand":true,"sku_count":1,"revenue":810.0,"units":27,"store_total_revenue":22420058.0,"brand_share_pct":0.0},{"store":"Thrive Main Street","carries_brand":false,"sku_count":0,"revenue":0,"units":0,"store_total_revenue":778094.875,"brand_share_pct":0},{"store":"Thrive Reno","carries_brand":true,"sku_count":1,"revenue":140.0,"units":10,"store_total_revenue":12340074.0,"brand_share_pct":0.0},{"store":"Thrive Sahara","carries_brand":true,"sku_count":2,"revenue":285.0,"units":15,"store_total_revenue":11503146.0,"brand_share_pct":0.0},{"store":"Thrive Sammy","carries_brand":false,"sku_count":0,"revenue":0,"units":0,"store_total_revenue":8794803.0,"brand_share_pct":0}],"share_of_category":[{"category":"TOPICAL","brand_revenue":1777.5,"category_revenue":384515.4375,"revenue_share_pct":0.5,"brand_units":83,"category_units":10438,"units_share_pct":0.8}],"share_of_category_trend":{"TOPICAL":[{"period":"2024-01","brand_revenue":1567.5,"category_revenue":14462.25,"share_pct":10.800000190734863},{"period":"2024-02","brand_revenue":210.0,"category_revenue":16218.5,"share_pct":1.2999999523162842},{"period":"2024-03","brand_revenue":0.0,"category_revenue":16196.9501953125,"share_pct":0.0},{"period":"2024-04","brand_revenue":0.0,"category_revenue":18913.30078125,"share_pct":0.0},{"period":"2024-05","brand_revenue":0.0,"category_revenue":17654.099609375,"share_pct":0.0},{"period":"2024-06","brand_revenue":0.0,"category_revenue":18054.3203125,"share_pct":0.0},{"period":"2024-07","brand_revenue":0.0,"category_revenue":15024.75,"share_pct":0.0},{"period":"2024-08","brand_revenue":0.0,"category_revenue":17985.150390625,"share_pct":0.0},{"period":"2024-09","brand_revenue":0.0,"category_revenue":16173.8603515625,"share_pct":0.0},{"period":"2024-10","brand_revenue":0.0,"category_revenue":17578.33984375,"share_pct":0.0},{"period":"2024-11","brand_revenue":0.0,"category_revenue":14177.259765625,"share_pct":0.0},{"period":"2024-12","brand_revenue":0.0,"category_revenue":21963.470703125,"share_pct":0.0},{"period":"2025-01","brand_revenue":0.0,"category_revenue":16517.599609375,"share_pct":0.0},{"period":"2025-02","brand_revenue":0.0,"category_revenue":13926.009765625,"share_pct":0.0},{"period":"2025-03","brand_revenue":0.0,"category_revenue":18170.26953125,"share_pct":0.0},{"period":"2025-04","brand_revenue":0.0,"category_revenue":19849.6796875,"share_pct":0.0},{"period":"2025-05","brand_revenue":0.0,"category_revenue":18707.7109375,"share_pct":0.0},{"period":"2025-06","brand_revenue":0.0,"category_revenue":14409.349609375,"share_pct":0.0},{"period":"2025-07","brand_revenue":0.0,"category_revenue":13764.0,"share_pct":0.0},{"period":"2025-08","brand_revenue":0.0,"category_revenue":9472.0,"share_pct":0.0},{"period":"2025-09","brand_revenue":0.0,"category_revenue":9537.4296875,"share_pct":0.0},{"period":"2025-10","brand_revenue":0.0,"category_revenue":12172.0302734375,"share_pct":0.0},{"period":"2025-11","brand_revenue":0.0,"category_revenue":12970.1201171875,"share_pct":0.0},{"period":"2025-12","brand_revenue":0.0,"category_revenue":10956.669921875,"share_pct":0.0},{"period":"2026-01","brand_revenue":0.0,"category_revenue":9660.2998046875,"share_pct":0.0}]},"velocity_by_category":[{"category":"TOPICAL","brand_units_per_day":0.11,"category_avg_units_per_day":1.96,"velocity_index":5.6,"brand_rev_per_unit":21.42,"category_rev_per_unit":36.84,"brands_in_category":7}],"store_gaps":[{"store":"Thrive Cheyenne","category":"TOPICAL","category_revenue_at_store":48223.3125,"opportunity":"Brand not carried"},{"store":"Thrive Sammy","category":"TOPICAL","category_revenue_at_store":44227.4921875,"opportunity":"Brand not carried"},{"store":"Thrive Main Street","category":"TOPICAL","category_revenue_at_store":3747.7001953125,"opportunity":"Brand not carried"}],"product_mix":{"top":[{"product":"1:3 CBD/THC JOY & RELEASE CREAM - BASKIN","units":56,"revenue":1325.0,"cost":1380.0,"profit":-55.0,"stores":3,"transactions":30,"margin":-4.199999809265137},{"product":"1:10 CBD/THC AWAKE & EXCITE CREAM - BASKIN","units":27,"revenue":452.5,"cost":635.0,"profit":-182.5,"stores":3,"transactions":21,"margin":-40.29999923706055}],"bottom":[],"expansion":[{"product":"1:3 CBD/THC JOY & RELEASE CREAM - BASKIN","current_stores":3,"total_stores":4,"missing_stores":["Thrive Reno"],"revenue":1325.0},{"product":"1:10 CBD/THC AWAKE & EXCITE CREAM - BASKIN","current_stores":3,"total_stores":4,"missing_stores":["Thrive Jackpot"],"revenue":452.5}]},"pricing_consistency":[{"product":"1:3 CBD/THC JOY & RELEASE CREAM - BASKIN","min_price":17.5,"max_price":30.0,"avg_price":22.5,"std_dev":6.614378277661476,"store_count":3,"price_range":12.5,"range_pct":55.6},{"product":"1:10 CBD/THC AWAKE & EXCITE CREAM - BASKIN","min_price":14.0,"max_price":18.75,"avg_price":16.75,"std_dev":2.462214450449026,"store_count":3,"price_range":4.75,"range_pct":28.4}],"promotional_effectiveness":{"lift":{"fp_units_per_day":0.0,"disc_units_per_day":3.32,"lift_pct":null,"fp_avg_revenue_per_unit":0.0,"disc_avg_revenue_per_unit":21.42},"by_deal":[{"deal_name":"BASKIN 50% OFF","uses":48,"revenue":1738.0,"discounts":1738.0,"units":81.0,"cost":1970.0,"margin":-13.3,"discount_depth":50.0}]},"growth_opportunities":[{"type":"distribution","title":"Expand to Thrive Cheyenne","detail":"Store has $48,223 in TOPICAL \u2014 categories where BASKIN competes.","priority":"high"},{"type":"distribution","title":"Expand to Thrive Main Street","detail":"Store has $3,748 in TOPICAL \u2014 categories where BASKIN competes.","priority":"medium"},{"type":"distribution","title":"Expand to Thrive Sammy","detail":"Store has $44,227 in TOPICAL \u2014 categories where BASKIN competes.","priority":"high"},{"type":"sku_expansion","title":"Add '1:10 CBD/THC AWAKE & EXCITE CREAM - BASKIN' to 1 more store(s)","detail":"Carried in 3 stores. Missing from: Thrive Jackpot","priority":"medium"},{"type":"sku_expansion","title":"Add '1:3 CBD/THC JOY & RELEASE CREAM - BASKIN' to 1 more store(s)","detail":"Carried in 3 stores. Missing from: Thrive Reno","priority":"medium"},{"type":"velocity","title":"Improve velocity in TOPICAL","detail":"Velocity index 6 (below category average). 0.1 units/day vs 2.0 avg.","priority":"medium"}],"trend":[{"period":"2024-01","revenue":1567.5,"cost":1835.0,"margin":-17.1,"units":71,"transactions":46,"profit":-267.5,"revenue_change_pct":null,"units_change_pct":null,"margin_change_pts":null},{"period":"2024-02","revenue":210.0,"cost":180.0,"margin":14.3,"units":12,"transactions":4,"profit":30.0,"revenue_change_pct":-86.6,"units_change_pct":-83.1,"margin_change_pts":31.4}]}