{"brand":"CHURCH","date_range":"2024-01-01 00:00:00 to 2026-01-31 00:00:00","period_label":"All Time","summary":{"total_units":39558,"total_revenue":1930205.0,"total_cost":930590.0,"total_discounts":297543.671875,"total_profit":999615.078125,"overall_margin":51.79999923706055,"fp_margin":57.900001525878906,"disc_margin":43.099998474121094,"pct_full_price":58.5,"avg_discount_rate":13.399999618530273,"fp_revenue":1128553.75,"disc_revenue":801651.328125,"unique_customers":16778,"brand":"CHURCH","date_range":"2024-01-01 00:00:00 to 2026-01-31 00:00:00","months_count":38,"avg_monthly_cost":48978.424999999996,"cost_per_unit":47.05,"primary_category":"CARTRIDGE","primary_cat_margin":50.400001525878906,"category_rank":13,"category_total":27,"margin_vs_category":1.399999976158142,"velocity_rank":14},"category_breakdown":[{"category_clean":"CARTRIDGE","units":22570,"revenue":1004584.6875,"cost":495555.0,"profit":509029.7265625,"discounts":184082.7734375,"margin":50.70000076293945,"category_avg_margin":50.400001525878906,"vs_category":0.3,"rank":13.0,"total_brands":27.0},{"category_clean":"DISPOSABLE VAPE","units":16980,"revenue":925221.328125,"cost":434855.0,"profit":490366.3671875,"discounts":113439.90234375,"margin":53.0,"category_avg_margin":52.79999923706055,"vs_category":0.2,"rank":13.0,"total_brands":35.0}],"trend":[{"period":"2024-01","revenue":202007.24609375,"cost":98685.0,"margin":51.1,"units":4068,"transactions":3190,"profit":103322.24609375,"revenue_change_pct":null,"units_change_pct":null,"margin_change_pts":null},{"period":"2024-02","revenue":146154.74609375,"cost":72735.0,"margin":50.2,"units":3016,"transactions":2410,"profit":73419.7509765625,"revenue_change_pct":-27.6,"units_change_pct":-25.9,"margin_change_pts":-0.9},{"period":"2024-03","revenue":144426.474609375,"cost":70440.0,"margin":51.2,"units":2942,"transactions":2364,"profit":73986.474609375,"revenue_change_pct":-1.2,"units_change_pct":-2.5,"margin_change_pts":1.0},{"period":"2024-04","revenue":106743.876953125,"cost":51645.0,"margin":51.6,"units":2122,"transactions":1704,"profit":55098.876953125,"revenue_change_pct":-26.1,"units_change_pct":-27.9,"margin_change_pts":0.4},{"period":"2024-05","revenue":136597.451171875,"cost":66247.5,"margin":51.5,"units":2720,"transactions":2288,"profit":70349.951171875,"revenue_change_pct":28.0,"units_change_pct":28.2,"margin_change_pts":-0.1},{"period":"2024-06","revenue":165820.83984375,"cost":81307.5,"margin":51.0,"units":3354,"transactions":2794,"profit":84513.349609375,"revenue_change_pct":21.4,"units_change_pct":23.3,"margin_change_pts":-0.5},{"period":"2024-07","revenue":169488.65234375,"cost":82882.5,"margin":51.1,"units":3426,"transactions":2766,"profit":86606.15234375,"revenue_change_pct":2.2,"units_change_pct":2.1,"margin_change_pts":0.1},{"period":"2024-08","revenue":108852.5,"cost":54000.0,"margin":50.4,"units":2242,"transactions":1728,"profit":54852.5,"revenue_change_pct":-35.8,"units_change_pct":-34.6,"margin_change_pts":-0.7},{"period":"2024-09","revenue":146240.2734375,"cost":71580.0,"margin":51.1,"units":2990,"transactions":2288,"profit":74660.2734375,"revenue_change_pct":34.3,"units_change_pct":33.4,"margin_change_pts":0.7},{"period":"2024-10","revenue":134323.125,"cost":65445.0,"margin":51.3,"units":2744,"transactions":2186,"profit":68878.125,"revenue_change_pct":-8.1,"units_change_pct":-8.2,"margin_change_pts":0.2},{"period":"2024-11","revenue":44023.9990234375,"cost":20962.5,"margin":52.4,"units":846,"transactions":678,"profit":23061.4990234375,"revenue_change_pct":-67.2,"units_change_pct":-69.2,"margin_change_pts":1.1},{"period":"2024-12","revenue":55415.224609375,"cost":27390.0,"margin":50.6,"units":1122,"transactions":888,"profit":28025.224609375,"revenue_change_pct":25.9,"units_change_pct":32.6,"margin_change_pts":-1.8},{"period":"2025-01","revenue":63023.75,"cost":30915.0,"margin":50.9,"units":1290,"transactions":1008,"profit":32108.75,"revenue_change_pct":13.7,"units_change_pct":15.0,"margin_change_pts":0.4},{"period":"2025-02","revenue":55940.2490234375,"cost":26282.5,"margin":53.0,"units":1158,"transactions":904,"profit":29657.7490234375,"revenue_change_pct":-11.2,"units_change_pct":-10.2,"margin_change_pts":2.1},{"period":"2025-03","revenue":80432.373046875,"cost":36545.0,"margin":54.6,"units":1792,"transactions":1206,"profit":43887.373046875,"revenue_change_pct":43.8,"units_change_pct":54.7,"margin_change_pts":1.5},{"period":"2025-04","revenue":82346.07421875,"cost":35555.0,"margin":56.8,"units":1792,"transactions":1138,"profit":46791.07421875,"revenue_change_pct":2.4,"units_change_pct":0,"margin_change_pts":2.3},{"period":"2025-05","revenue":72149.5751953125,"cost":31000.0,"margin":57.0,"units":1568,"transactions":1162,"profit":41149.5751953125,"revenue_change_pct":-12.4,"units_change_pct":-12.5,"margin_change_pts":0.2},{"period":"2025-06","revenue":14570.12451171875,"cost":6297.5,"margin":56.8,"units":330,"transactions":232,"profit":8272.625122070312,"revenue_change_pct":-79.8,"units_change_pct":-79.0,"margin_change_pts":-0.3},{"period":"2025-07","revenue":1648.5000610351562,"cost":675.0,"margin":59.1,"units":36,"transactions":28,"profit":973.4999847412109,"revenue_change_pct":-88.7,"units_change_pct":-89.1,"margin_change_pts":2.3}],"share_of_category":[{"category":"CARTRIDGE","brand_revenue":1004584.6875,"category_revenue":46155130.0,"revenue_share_pct":2.200000047683716,"brand_units":22570,"category_units":1532896,"units_share_pct":1.5},{"category":"DISPOSABLE VAPE","brand_revenue":925221.25,"category_revenue":30552405.0,"revenue_share_pct":3.0,"brand_units":16980,"category_units":756548,"units_share_pct":2.2},{"category":0.0,"brand_revenue":0.0,"category_revenue":0.0,"revenue_share_pct":0.0,"brand_units":0,"category_units":0,"units_share_pct":0.0}],"share_of_category_trend":{"CARTRIDGE":[{"period":"2024-01","brand_revenue":106087.12890625,"category_revenue":2057675.625,"share_pct":5.199999809265137},{"period":"2024-02","brand_revenue":81248.9990234375,"category_revenue":2141777.8125,"share_pct":3.799999952316284},{"period":"2024-03","brand_revenue":74592.2509765625,"category_revenue":2288552.1875,"share_pct":3.299999952316284},{"period":"2024-04","brand_revenue":49660.0,"category_revenue":2096820.46875,"share_pct":2.4000000953674316},{"period":"2024-05","brand_revenue":62586.69921875,"category_revenue":2138038.59375,"share_pct":2.9000000953674316},{"period":"2024-06","brand_revenue":80634.7509765625,"category_revenue":2017623.90625,"share_pct":4.0},{"period":"2024-07","brand_revenue":84094.12109375,"category_revenue":2031918.28125,"share_pct":4.099999904632568},{"period":"2024-08","brand_revenue":57482.7490234375,"category_revenue":2132382.65625,"share_pct":2.700000047683716},{"period":"2024-09","brand_revenue":82519.775390625,"category_revenue":1955407.03125,"share_pct":4.199999809265137},{"period":"2024-10","brand_revenue":79019.6240234375,"category_revenue":2083993.125,"share_pct":3.799999952316284},{"period":"2024-11","brand_revenue":15249.49951171875,"category_revenue":2038609.375,"share_pct":0.699999988079071},{"period":"2024-12","brand_revenue":23936.25,"category_revenue":2003932.03125,"share_pct":1.2000000476837158},{"period":"2025-01","brand_revenue":33409.7509765625,"category_revenue":1921719.21875,"share_pct":1.7000000476837158},{"period":"2025-02","brand_revenue":33027.2509765625,"category_revenue":1668647.5,"share_pct":2.0},{"period":"2025-03","brand_revenue":47638.5009765625,"category_revenue":1758711.25,"share_pct":2.700000047683716},{"period":"2025-04","brand_revenue":41146.07421875,"category_revenue":1735997.5,"share_pct":2.4000000953674316},{"period":"2025-05","brand_revenue":38358.67431640625,"category_revenue":1688800.46875,"share_pct":2.299999952316284},{"period":"2025-06","brand_revenue":12244.124755859375,"category_revenue":1594515.0,"share_pct":0.800000011920929},{"period":"2025-07","brand_revenue":1648.5000610351562,"category_revenue":1595739.53125,"share_pct":0.10000000149011612},{"period":"2025-08","brand_revenue":0.0,"category_revenue":1677489.6875,"share_pct":0.0},{"period":"2025-09","brand_revenue":0.0,"category_revenue":1539547.96875,"share_pct":0.0},{"period":"2025-10","brand_revenue":0.0,"category_revenue":1548909.21875,"share_pct":0.0},{"period":"2025-11","brand_revenue":0.0,"category_revenue":1545430.15625,"share_pct":0.0},{"period":"2025-12","brand_revenue":0.0,"category_revenue":1467828.28125,"share_pct":0.0},{"period":"2026-01","brand_revenue":0.0,"category_revenue":1425064.0625,"share_pct":0.0}],"DISPOSABLE VAPE":[{"period":"2024-01","brand_revenue":95920.126953125,"category_revenue":933474.921875,"share_pct":10.300000190734863},{"period":"2024-02","brand_revenue":64905.751953125,"category_revenue":877782.109375,"share_pct":7.400000095367432},{"period":"2024-03","brand_revenue":69834.2236328125,"category_revenue":990692.03125,"share_pct":7.0},{"period":"2024-04","brand_revenue":56684.873046875,"category_revenue":971952.1875,"share_pct":5.800000190734863},{"period":"2024-05","brand_revenue":74010.751953125,"category_revenue":1035100.46875,"share_pct":7.199999809265137},{"period":"2024-06","brand_revenue":85186.103515625,"category_revenue":1039794.21875,"share_pct":8.199999809265137},{"period":"2024-07","brand_revenue":85394.521484375,"category_revenue":1081636.5625,"share_pct":7.900000095367432},{"period":"2024-08","brand_revenue":51369.7509765625,"category_revenue":1098658.125,"share_pct":4.699999809265137},{"period":"2024-09","brand_revenue":63720.498046875,"category_revenue":1056394.53125,"share_pct":6.0},{"period":"2024-10","brand_revenue":55303.5009765625,"category_revenue":1197041.171875,"share_pct":4.599999904632568},{"period":"2024-11","brand_revenue":28774.49951171875,"category_revenue":1193980.234375,"share_pct":2.4000000953674316},{"period":"2024-12","brand_revenue":31478.974609375,"category_revenue":1222008.984375,"share_pct":2.5999999046325684},{"period":"2025-01","brand_revenue":29613.9990234375,"category_revenue":1100552.421875,"share_pct":2.700000047683716},{"period":"2025-02","brand_revenue":22913.00048828125,"category_revenue":1167271.25,"share_pct":2.0},{"period":"2025-03","brand_revenue":32793.87451171875,"category_revenue":1348856.71875,"share_pct":2.4000000953674316},{"period":"2025-04","brand_revenue":41200.0,"category_revenue":1414639.84375,"share_pct":2.9000000953674316},{"period":"2025-05","brand_revenue":33790.90087890625,"category_revenue":1460588.4375,"share_pct":2.299999952316284},{"period":"2025-06","brand_revenue":2326.0000610351562,"category_revenue":1320852.96875,"share_pct":0.20000000298023224},{"period":"2025-07","brand_revenue":0.0,"category_revenue":1451194.84375,"share_pct":0.0},{"period":"2025-08","brand_revenue":0.0,"category_revenue":1403520.625,"share_pct":0.0},{"period":"2025-09","brand_revenue":0.0,"category_revenue":1317518.125,"share_pct":0.0},{"period":"2025-10","brand_revenue":0.0,"category_revenue":1511693.75,"share_pct":0.0},{"period":"2025-11","brand_revenue":0.0,"category_revenue":1481709.21875,"share_pct":0.0},{"period":"2025-12","brand_revenue":0.0,"category_revenue":1476896.875,"share_pct":0.0},{"period":"2026-01","brand_revenue":0.0,"category_revenue":1398594.84375,"share_pct":0.0}]},"discount_depth":[{"tier":"0% (Full Price)","transactions":18532,"pct_of_transactions":50.9,"revenue":1128553.75,"avg_discount":0.0},{"tier":"1-10%","transactions":2356,"pct_of_transactions":6.5,"revenue":137380.37109375,"avg_discount":20.0},{"tier":"11-20%","transactions":918,"pct_of_transactions":2.5,"revenue":50674.7021484375,"avg_discount":39.400001525878906},{"tier":"21-30%","transactions":6118,"pct_of_transactions":16.8,"revenue":280353.203125,"avg_discount":58.599998474121094},{"tier":"31%+","transactions":666,"pct_of_transactions":1.8,"revenue":20516.2744140625,"avg_discount":98.4000015258789}],"velocity":{"units_per_day":70.76,"revenue_per_day":3452.9501342773438,"avg_units_per_txn":2.56,"days_of_data":559,"total_units":39558,"total_transactions":30962},"velocity_by_category":[{"category":"DISPOSABLE VAPE","brand_units_per_day":22.28,"category_avg_units_per_day":28.36,"velocity_index":78.6,"brand_rev_per_unit":43.59,"category_rev_per_unit":32.31,"brands_in_category":35},{"category":"CARTRIDGE","brand_units_per_day":29.62,"category_avg_units_per_day":74.5,"velocity_index":39.8,"brand_rev_per_unit":35.61,"category_rev_per_unit":24.09,"brands_in_category":27},{"category":0.0,"brand_units_per_day":0.0,"category_avg_units_per_day":0,"velocity_index":0,"brand_rev_per_unit":0.0,"category_rev_per_unit":0.0,"brands_in_category":0}],"deals":[{"deal_name":"Industry - 30% Off","times_used":7314,"units":9080.0,"revenue":352344.24471855164,"discounts":151110.7521224022,"cost":212182.5,"profit":140161.74757629633,"pre_discount_revenue":503455.0,"margin":39.8,"avg_discount":60.0},{"deal_name":"Senior - 10% Off","times_used":774,"units":1092.0,"revenue":55013.74873161316,"discounts":6126.249897480011,"cost":25760.0,"profit":29253.749628067017,"pre_discount_revenue":61140.0,"margin":53.2,"avg_discount":20.0},{"deal_name":"Veterans - 10% Off","times_used":582,"units":788.0,"revenue":39285.749044418335,"discounts":4376.749904155731,"cost":18432.5,"profit":20853.249621391296,"pre_discount_revenue":43662.5,"margin":53.1,"avg_discount":20.0},{"deal_name":"Church 0.9g Carts 2 for $60","times_used":534,"units":1188.0,"revenue":44569.17499542236,"discounts":17858.325004577637,"cost":22387.5,"profit":22181.675000190735,"pre_discount_revenue":62427.5,"margin":49.8,"avg_discount":57.2},{"deal_name":"Senior / Veterans - 20% Off","times_used":368,"units":582.0,"revenue":25515.99938392639,"discounts":6352.749848365784,"cost":13397.5,"profit":12118.500289916992,"pre_discount_revenue":31868.75,"margin":47.5,"avg_discount":39.8},{"deal_name":"Industry 30% Off","times_used":306,"units":380.0,"revenue":14663.249773979187,"discounts":6284.25009727478,"cost":7410.0,"profit":7253.249773979187,"pre_discount_revenue":20947.5,"margin":49.5,"avg_discount":60.0},{"deal_name":"Jackpot - Locals 30% Off","times_used":306,"units":452.0,"revenue":17748.49970817566,"discounts":7606.50007724762,"cost":10595.0,"profit":7153.499884605408,"pre_discount_revenue":25355.0,"margin":40.3,"avg_discount":60.0},{"deal_name":"Church 0.9g Disposables 2 for $70","times_used":146,"units":310.0,"revenue":13557.5,"discounts":5350.0,"cost":6927.5,"profit":6630.0,"pre_discount_revenue":18907.5,"margin":48.9,"avg_discount":56.6},{"deal_name":"LVAC - 25% Off","times_used":70,"units":92.0,"revenue":3881.25,"discounts":1293.75,"cost":2202.5,"profit":1678.75,"pre_discount_revenue":5175.0,"margin":43.3,"avg_discount":50.0},{"deal_name":"Employee 30% - NOT FRIDAYS","times_used":42,"units":42.0,"revenue":1665.9999704360962,"discounts":714.0000057220459,"cost":977.5,"profit":688.4999895095825,"pre_discount_revenue":2380.0,"margin":41.3,"avg_discount":60.0},{"deal_name":"Employee - 40% OFF","times_used":20,"units":22.0,"revenue":756.0000038146973,"discounts":503.99999618530273,"cost":522.5,"profit":233.4999918937683,"pre_discount_revenue":1260.0,"margin":30.9,"avg_discount":80.0},{"deal_name":"30% Off Special","times_used":12,"units":20.0,"revenue":796.2499856948853,"discounts":341.2500023841858,"cost":400.0,"profit":396.24998569488525,"pre_discount_revenue":1137.5,"margin":49.8,"avg_discount":60.0},{"deal_name":"Medical - 10%","times_used":2,"units":2.0,"revenue":110.24999618530273,"discounts":12.250000238418579,"cost":42.5,"profit":67.75000095367432,"pre_discount_revenue":122.5,"margin":61.5,"avg_discount":20.0},{"deal_name":"Veterans Day - 30% Off For Veterans!","times_used":2,"units":2.0,"revenue":85.74999809265137,"discounts":36.74999952316284,"cost":52.5,"profit":33.25000047683716,"pre_discount_revenue":122.5,"margin":38.8,"avg_discount":60.0}],"top_products":[{"product":"CEREAL MILK DISPOSABLE VAPE - CHURCH","units":3596,"revenue":194479.12109375,"cost":91957.5,"profit":102521.62109375,"transactions":3372,"margin":52.70000076293945},{"product":"DIVORCE CAKE CART - CHURCH","units":4362,"revenue":191796.89453125,"cost":95572.5,"profit":96224.39453125,"transactions":3940,"margin":50.20000076293945},{"product":"BLUEBERRY DREAMSICLE DISPOSABLE VAPE - CHURCH","units":2880,"revenue":158041.298828125,"cost":73370.0,"profit":84671.298828125,"transactions":2698,"margin":53.599998474121094},{"product":"BANANA SPLIT DISPOSABLE VAPE - CHURCH","units":2512,"revenue":136479.19921875,"cost":64200.0,"profit":72279.19921875,"transactions":2380,"margin":53.0},{"product":"ALASKAN THUNDER FU** DISPOSABLE VAPE - CHURCH","units":2430,"revenue":134778.75,"cost":63195.0,"profit":71583.75,"transactions":2278,"margin":53.099998474121094},{"product":"BANANA SPLIT CART - CHURCH","units":2642,"revenue":118988.9453125,"cost":59445.0,"profit":59543.9501953125,"transactions":2386,"margin":50.0},{"product":"HAWAIIAN SNOWCAP CART - CHURCH","units":2582,"revenue":114039.248046875,"cost":58095.0,"profit":55944.248046875,"transactions":2386,"margin":49.099998474121094},{"product":"HAWAIIAN SNOWCAP DISPOSABLE VAPE - CHURCH","units":2018,"revenue":111177.197265625,"cost":52972.5,"profit":58204.7021484375,"transactions":1912,"margin":52.400001525878906},{"product":"ALASKAN THUNDER FU** CART - CHURCH","units":2470,"revenue":110962.529296875,"cost":54390.0,"profit":56572.5244140625,"transactions":2230,"margin":51.0},{"product":"BLUEBERRY DREAMSICLE CART - CHURCH","units":2026,"revenue":93621.50390625,"cost":45585.0,"profit":48036.4990234375,"transactions":1820,"margin":51.29999923706055},{"product":"MELONADE CART - CHURCH","units":2070,"revenue":91271.77734375,"cost":42885.0,"profit":48386.7724609375,"transactions":1852,"margin":53.0},{"product":"GUAVA JELLY CART - CHURCH","units":1678,"revenue":71979.951171875,"cost":35347.5,"profit":36632.44873046875,"transactions":1516,"margin":50.900001525878906},{"product":"RAINBOW BELTS CART - CHURCH","units":1266,"revenue":55295.8740234375,"cost":27000.0,"profit":28295.8740234375,"transactions":1106,"margin":51.20000076293945},{"product":"I-15 DISPOSABLE VAPE - CHURCH X PHENO EXOTIC","units":1028,"revenue":54088.4765625,"cost":26745.0,"profit":27343.47412109375,"transactions":978,"margin":50.599998474121094},{"product":"DIVORCE CAKE DISPOSABLE VAPE - CHURCH","units":662,"revenue":35958.9990234375,"cost":17137.5,"profit":18821.500244140625,"transactions":642,"margin":52.29999923706055},{"product":"PINEAPPLE PUNCH DISPOSABLE VAPE - CHURCH","units":638,"revenue":34995.4248046875,"cost":15007.5,"profit":19987.9248046875,"transactions":606,"margin":57.099998474121094},{"product":"TONGUE PUNCH CART - CHURCH","units":774,"revenue":34511.75048828125,"cost":17415.0,"profit":17096.749267578125,"transactions":722,"margin":49.5},{"product":"CEREAL MILK CART - CHURCH","units":704,"revenue":33439.1259765625,"cost":15840.0,"profit":17599.124755859375,"transactions":634,"margin":52.599998474121094},{"product":"WATERMELON ZKITTLEZ CART - CHURCH","units":630,"revenue":27822.62451171875,"cost":13807.5,"profit":14015.12451171875,"transactions":578,"margin":50.400001525878906},{"product":"TONGUE PUNCH DISPOSABLE VAPE - CHURCH","units":514,"revenue":27597.60009765625,"cost":13492.5,"profit":14105.10009765625,"transactions":490,"margin":51.099998474121094},{"product":"PINEAPPLE PUNCH CART - CHURCH","units":562,"revenue":25916.0009765625,"cost":12457.5,"profit":13458.499755859375,"transactions":520,"margin":51.900001525878906},{"product":"PINA COLLISION CART - CHURCH","units":446,"revenue":19589.000244140625,"cost":10035.0,"profit":9553.999633789062,"transactions":402,"margin":48.79999923706055},{"product":"RS11 DISPOSABLE VAPE - CHURCH","units":240,"revenue":12468.375244140625,"cost":6300.0,"profit":6168.375244140625,"transactions":226,"margin":49.5},{"product":"STRAWBERRY COUGH CART - CHURCH","units":266,"revenue":11334.000244140625,"cost":5985.0,"profit":5348.9996337890625,"transactions":254,"margin":47.20000076293945},{"product":"STRAWBERRY COUGH DISPOSABLE VAPE - CHURCH","units":150,"revenue":8403.499755859375,"cost":3757.5,"profit":4646.000061035156,"transactions":146,"margin":55.29999923706055}],"products_by_store":{"Elevation Springs":[{"product":"CEREAL MILK DISPOSABLE VAPE - CHURCH","units":1412,"revenue":74339.3505859375,"cost":35795.0,"profit":38544.3505859375,"transactions":1326,"margin":51.79999923706055},{"product":"DIVORCE CAKE CART - CHURCH","units":1336,"revenue":55715.2490234375,"cost":29152.5,"profit":26562.7490234375,"transactions":1234,"margin":47.70000076293945},{"product":"BLUEBERRY DREAMSICLE DISPOSABLE VAPE - CHURCH","units":1004,"revenue":53247.001953125,"cost":25845.0,"profit":27401.99951171875,"transactions":966,"margin":51.5},{"product":"BANANA SPLIT DISPOSABLE VAPE - CHURCH","units":946,"revenue":49575.126953125,"cost":24082.5,"profit":25492.62451171875,"transactions":904,"margin":51.400001525878906},{"product":"ALASKAN THUNDER FU** DISPOSABLE VAPE - CHURCH","units":904,"revenue":48539.375,"cost":23137.5,"profit":25401.875,"transactions":850,"margin":52.29999923706055},{"product":"HAWAIIAN SNOWCAP CART - CHURCH","units":856,"revenue":36949.74853515625,"cost":19260.0,"profit":17689.749755859375,"transactions":798,"margin":47.900001525878906},{"product":"HAWAIIAN SNOWCAP DISPOSABLE VAPE - CHURCH","units":586,"revenue":31046.12548828125,"cost":15382.5,"profit":15663.62548828125,"transactions":554,"margin":50.5},{"product":"BANANA SPLIT CART - CHURCH","units":704,"revenue":29866.4990234375,"cost":15840.0,"profit":14026.500244140625,"transactions":616,"margin":47.0},{"product":"BLUEBERRY DREAMSICLE CART - CHURCH","units":646,"revenue":27573.24951171875,"cost":14535.0,"profit":13038.24951171875,"transactions":592,"margin":47.29999923706055},{"product":"ALASKAN THUNDER FU** CART - CHURCH","units":574,"revenue":24295.50048828125,"cost":12690.0,"profit":11605.499267578125,"transactions":522,"margin":47.79999923706055},{"product":"MELONADE CART - CHURCH","units":562,"revenue":24186.6259765625,"cost":11707.5,"profit":12479.124755859375,"transactions":536,"margin":51.599998474121094},{"product":"I-15 DISPOSABLE VAPE - CHURCH X PHENO EXOTIC","units":456,"revenue":23298.1494140625,"cost":11730.0,"profit":11568.150634765625,"transactions":434,"margin":49.70000076293945},{"product":"GUAVA JELLY CART - CHURCH","units":510,"revenue":20691.99951171875,"cost":10912.5,"profit":9779.500122070312,"transactions":456,"margin":47.29999923706055},{"product":"RAINBOW BELTS CART - CHURCH","units":322,"revenue":12974.25048828125,"cost":6810.0,"profit":6164.2498779296875,"transactions":290,"margin":47.5},{"product":"TONGUE PUNCH CART - CHURCH","units":300,"revenue":12610.999755859375,"cost":6750.0,"profit":5860.999755859375,"transactions":282,"margin":46.5}],"Elevation Mesa":[{"product":"DIVORCE CAKE CART - CHURCH","units":832,"revenue":35805.74951171875,"cost":18165.0,"profit":17640.74951171875,"transactions":778,"margin":49.29999923706055},{"product":"CEREAL MILK DISPOSABLE VAPE - CHURCH","units":506,"revenue":26076.8505859375,"cost":12615.0,"profit":13461.8505859375,"transactions":490,"margin":51.599998474121094},{"product":"BLUEBERRY DREAMSICLE DISPOSABLE VAPE - CHURCH","units":406,"revenue":21590.74951171875,"cost":10157.5,"profit":11433.24951171875,"transactions":384,"margin":53.0},{"product":"MELONADE CART - CHURCH","units":478,"revenue":20981.99951171875,"cost":10005.0,"profit":10976.99951171875,"transactions":446,"margin":52.29999923706055},{"product":"ALASKAN THUNDER FU** CART - CHURCH","units":464,"revenue":20142.5,"cost":10035.0,"profit":10107.5,"transactions":410,"margin":50.20000076293945},{"product":"BANANA SPLIT CART - CHURCH","units":468,"revenue":19979.69970703125,"cost":10530.0,"profit":9449.69970703125,"transactions":450,"margin":47.29999923706055},{"product":"HAWAIIAN SNOWCAP CART - CHURCH","units":394,"revenue":17294.25048828125,"cost":8865.0,"profit":8429.249877929688,"transactions":368,"margin":48.70000076293945},{"product":"HAWAIIAN SNOWCAP DISPOSABLE VAPE - CHURCH","units":230,"revenue":12242.37548828125,"cost":6037.5,"profit":6204.8748779296875,"transactions":226,"margin":50.70000076293945},{"product":"GUAVA JELLY CART - CHURCH","units":288,"revenue":12201.25,"cost":5917.5,"profit":6283.75,"transactions":278,"margin":51.5},{"product":"BANANA SPLIT DISPOSABLE VAPE - CHURCH","units":230,"revenue":11949.124755859375,"cost":6037.5,"profit":5911.624755859375,"transactions":224,"margin":49.5},{"product":"ALASKAN THUNDER FU** DISPOSABLE VAPE - CHURCH","units":214,"revenue":11376.500244140625,"cost":5617.5,"profit":5759.000244140625,"transactions":206,"margin":50.599998474121094},{"product":"RAINBOW BELTS CART - CHURCH","units":250,"revenue":10885.50048828125,"cost":5430.0,"profit":5455.4998779296875,"transactions":234,"margin":50.099998474121094},{"product":"TONGUE PUNCH CART - CHURCH","units":244,"revenue":10580.74951171875,"cost":5490.0,"profit":5090.749816894531,"transactions":236,"margin":48.099998474121094},{"product":"STRAWBERRY COUGH CART - CHURCH","units":224,"revenue":9664.500122070312,"cost":5040.0,"profit":4624.499816894531,"transactions":212,"margin":47.900001525878906},{"product":"I-15 DISPOSABLE VAPE - CHURCH X PHENO EXOTIC","units":156,"revenue":8190.4998779296875,"cost":4095.0,"profit":4095.4998779296875,"transactions":156,"margin":50.0}],"Elevation Oasis":[{"product":"BLUEBERRY DREAMSICLE CART - CHURCH","units":814,"revenue":39884.7509765625,"cost":18315.0,"profit":21569.7509765625,"transactions":694,"margin":54.099998474121094},{"product":"DIVORCE CAKE CART - CHURCH","units":796,"revenue":37997.84912109375,"cost":17535.0,"profit":20462.850341796875,"transactions":632,"margin":53.900001525878906},{"product":"BANANA SPLIT CART - CHURCH","units":648,"revenue":31983.00048828125,"cost":14580.0,"profit":17403.00048828125,"transactions":560,"margin":54.400001525878906},{"product":"BANANA SPLIT DISPOSABLE VAPE - CHURCH","units":556,"revenue":31876.95068359375,"cost":14105.0,"profit":17771.949462890625,"transactions":498,"margin":55.79999923706055},{"product":"BLUEBERRY DREAMSICLE DISPOSABLE VAPE - CHURCH","units":502,"revenue":29045.625,"cost":12687.5,"profit":16358.125,"transactions":430,"margin":56.29999923706055},{"product":"CEREAL MILK DISPOSABLE VAPE - CHURCH","units":490,"revenue":28640.50048828125,"cost":12862.5,"profit":15778.00048828125,"transactions":412,"margin":55.099998474121094},{"product":"HAWAIIAN SNOWCAP DISPOSABLE VAPE - CHURCH","units":478,"revenue":27762.1240234375,"cost":12547.5,"profit":15214.625244140625,"transactions":440,"margin":54.79999923706055},{"product":"ALASKAN THUNDER FU** DISPOSABLE VAPE - CHURCH","units":472,"revenue":27709.7509765625,"cost":12390.0,"profit":15319.749755859375,"transactions":420,"margin":55.29999923706055},{"product":"ALASKAN THUNDER FU** CART - CHURCH","units":502,"revenue":24899.7509765625,"cost":11295.0,"profit":13604.749755859375,"transactions":430,"margin":54.599998474121094},{"product":"MELONADE CART - CHURCH","units":368,"revenue":17175.6494140625,"cost":7530.0,"profit":9645.650024414062,"transactions":284,"margin":56.20000076293945},{"product":"RAINBOW BELTS CART - CHURCH","units":332,"revenue":15163.499755859375,"cost":7200.0,"profit":7963.499755859375,"transactions":256,"margin":52.5},{"product":"GUAVA JELLY CART - CHURCH","units":298,"revenue":13842.82470703125,"cost":6337.5,"profit":7505.32470703125,"transactions":252,"margin":54.20000076293945},{"product":"I-15 DISPOSABLE VAPE - CHURCH X PHENO EXOTIC","units":188,"revenue":10460.12451171875,"cost":4935.0,"profit":5525.1251220703125,"transactions":172,"margin":52.79999923706055},{"product":"PINEAPPLE PUNCH DISPOSABLE VAPE - CHURCH","units":180,"revenue":10319.749755859375,"cost":4225.0,"profit":6094.749755859375,"transactions":172,"margin":59.099998474121094},{"product":"CEREAL MILK CART - CHURCH","units":200,"revenue":9931.500244140625,"cost":4500.0,"profit":5431.500244140625,"transactions":178,"margin":54.70000076293945}],"Elevation Midtown":[{"product":"DIVORCE CAKE CART - CHURCH","units":652,"revenue":30753.30078125,"cost":14122.5,"profit":16630.799560546875,"transactions":590,"margin":54.099998474121094},{"product":"ALASKAN THUNDER FU** DISPOSABLE VAPE - CHURCH","units":488,"revenue":28141.6259765625,"cost":12810.0,"profit":15331.624755859375,"transactions":470,"margin":54.5},{"product":"BLUEBERRY DREAMSICLE DISPOSABLE VAPE - CHURCH","units":438,"revenue":25070.74951171875,"cost":11257.5,"profit":13813.24951171875,"transactions":426,"margin":55.099998474121094},{"product":"HAWAIIAN SNOWCAP CART - CHURCH","units":478,"revenue":23407.5,"cost":10755.0,"profit":12652.5,"transactions":454,"margin":54.099998474121094},{"product":"ALASKAN THUNDER FU** CART - CHURCH","units":482,"revenue":23180.0244140625,"cost":10477.5,"profit":12702.5244140625,"transactions":456,"margin":54.79999923706055},{"product":"BANANA SPLIT CART - CHURCH","units":450,"revenue":21898.00048828125,"cost":10125.0,"profit":11773.00048828125,"transactions":428,"margin":53.79999923706055},{"product":"CEREAL MILK DISPOSABLE VAPE - CHURCH","units":338,"revenue":19513.499755859375,"cost":8872.5,"profit":10640.999755859375,"transactions":332,"margin":54.5},{"product":"BANANA SPLIT DISPOSABLE VAPE - CHURCH","units":280,"revenue":16015.74951171875,"cost":7100.0,"profit":8915.750122070312,"transactions":272,"margin":55.70000076293945},{"product":"MELONADE CART - CHURCH","units":310,"revenue":13941.500244140625,"cost":6037.5,"profit":7904.000244140625,"transactions":276,"margin":56.70000076293945},{"product":"HAWAIIAN SNOWCAP DISPOSABLE VAPE - CHURCH","units":236,"revenue":13654.375,"cost":6195.0,"profit":7459.375,"transactions":228,"margin":54.599998474121094},{"product":"BLUEBERRY DREAMSICLE CART - CHURCH","units":242,"revenue":11945.999755859375,"cost":5445.0,"profit":6500.999755859375,"transactions":228,"margin":54.400001525878906},{"product":"RAINBOW BELTS CART - CHURCH","units":246,"revenue":11374.49951171875,"cost":4980.0,"profit":6394.5001220703125,"transactions":218,"margin":56.20000076293945},{"product":"GUAVA JELLY CART - CHURCH","units":250,"revenue":10948.87451171875,"cost":5062.5,"profit":5886.3751220703125,"transactions":228,"margin":53.79999923706055},{"product":"TONGUE PUNCH DISPOSABLE VAPE - CHURCH","units":156,"revenue":9163.574829101562,"cost":4095.0,"profit":5068.575134277344,"transactions":154,"margin":55.29999923706055},{"product":"PINEAPPLE PUNCH DISPOSABLE VAPE - CHURCH","units":136,"revenue":7469.2498779296875,"cost":3080.0,"profit":4389.2498779296875,"transactions":132,"margin":58.79999923706055}],"Elevation Boulevard":[{"product":"HAWAIIAN SNOWCAP CART - CHURCH","units":416,"revenue":16448.24951171875,"cost":9360.0,"profit":7088.2501220703125,"transactions":360,"margin":43.099998474121094},{"product":"DIVORCE CAKE CART - CHURCH","units":350,"revenue":14386.500244140625,"cost":7875.0,"profit":6511.4996337890625,"transactions":340,"margin":45.29999923706055},{"product":"CEREAL MILK DISPOSABLE VAPE - CHURCH","units":268,"revenue":13323.375244140625,"cost":7035.0,"profit":6288.375244140625,"transactions":256,"margin":47.20000076293945},{"product":"HAWAIIAN SNOWCAP DISPOSABLE VAPE - CHURCH","units":220,"revenue":11220.450439453125,"cost":5775.0,"profit":5445.4498291015625,"transactions":212,"margin":48.5},{"product":"BANANA SPLIT CART - CHURCH","units":270,"revenue":10856.99951171875,"cost":6075.0,"profit":4781.999816894531,"transactions":246,"margin":44.0},{"product":"ALASKAN THUNDER FU** CART - CHURCH","units":238,"revenue":9660.0,"cost":5355.0,"profit":4305.0,"transactions":214,"margin":44.599998474121094},{"product":"BLUEBERRY DREAMSICLE DISPOSABLE VAPE - CHURCH","units":182,"revenue":9423.300170898438,"cost":4777.5,"profit":4645.8001708984375,"transactions":168,"margin":49.29999923706055},{"product":"ALASKAN THUNDER FU** DISPOSABLE VAPE - CHURCH","units":158,"revenue":7888.499755859375,"cost":4147.5,"profit":3741.0000610351562,"transactions":146,"margin":47.400001525878906},{"product":"BANANA SPLIT DISPOSABLE VAPE - CHURCH","units":110,"revenue":5240.999755859375,"cost":2887.5,"profit":2353.5000610351562,"transactions":106,"margin":44.900001525878906},{"product":"GUAVA JELLY CART - CHURCH","units":98,"revenue":4262.9998779296875,"cost":2205.0,"profit":2058.000030517578,"transactions":92,"margin":48.29999923706055},{"product":"MELONADE CART - CHURCH","units":106,"revenue":4178.999938964844,"cost":2385.0,"profit":1793.9999389648438,"transactions":100,"margin":42.900001525878906},{"product":"DIVORCE CAKE DISPOSABLE VAPE - CHURCH","units":84,"revenue":4097.9998779296875,"cost":2205.0,"profit":1893.0000305175781,"transactions":84,"margin":46.20000076293945},{"product":"BLUEBERRY DREAMSICLE CART - CHURCH","units":60,"revenue":2551.999969482422,"cost":1350.0,"profit":1201.9999694824219,"transactions":52,"margin":47.099998474121094},{"product":"RAINBOW BELTS CART - CHURCH","units":62,"revenue":2498.125,"cost":1537.5,"profit":960.625,"transactions":60,"margin":38.5},{"product":"WATERMELON ZKITTLEZ CART - CHURCH","units":60,"revenue":2431.4999389648438,"cost":1350.0,"profit":1081.4999389648438,"transactions":56,"margin":44.5}],"Elevation Parkway":[{"product":"CEREAL MILK DISPOSABLE VAPE - CHURCH","units":582,"revenue":32585.54931640625,"cost":14777.5,"profit":17808.050537109375,"transactions":556,"margin":54.70000076293945},{"product":"BANANA SPLIT DISPOSABLE VAPE - CHURCH","units":390,"revenue":21821.25,"cost":9987.5,"profit":11833.75,"transactions":376,"margin":54.20000076293945},{"product":"BLUEBERRY DREAMSICLE DISPOSABLE VAPE - CHURCH","units":348,"revenue":19663.87451171875,"cost":8645.0,"profit":11018.87451171875,"transactions":324,"margin":56.0},{"product":"DIVORCE CAKE CART - CHURCH","units":396,"revenue":17138.24951171875,"cost":8722.5,"profit":8415.750122070312,"transactions":366,"margin":49.099998474121094},{"product":"HAWAIIAN SNOWCAP DISPOSABLE VAPE - CHURCH","units":268,"revenue":15251.75048828125,"cost":7035.0,"profit":8216.749877929688,"transactions":252,"margin":53.900001525878906},{"product":"HAWAIIAN SNOWCAP CART - CHURCH","units":258,"revenue":11203.499755859375,"cost":5805.0,"profit":5398.499755859375,"transactions":250,"margin":48.20000076293945},{"product":"ALASKAN THUNDER FU** DISPOSABLE VAPE - CHURCH","units":194,"revenue":11123.00048828125,"cost":5092.5,"profit":6030.4998779296875,"transactions":186,"margin":54.20000076293945},{"product":"MELONADE CART - CHURCH","units":246,"revenue":10806.99951171875,"cost":5220.0,"profit":5587.0001220703125,"transactions":210,"margin":51.70000076293945},{"product":"GUAVA JELLY CART - CHURCH","units":234,"revenue":10032.000122070312,"cost":4912.5,"profit":5119.499816894531,"transactions":210,"margin":51.0},{"product":"ALASKAN THUNDER FU** CART - CHURCH","units":210,"revenue":8784.749755859375,"cost":4537.5,"profit":4247.250061035156,"transactions":198,"margin":48.29999923706055},{"product":"DIVORCE CAKE DISPOSABLE VAPE - CHURCH","units":116,"revenue":6563.75,"cost":3045.0,"profit":3518.75,"transactions":114,"margin":53.599998474121094},{"product":"STRAWBERRY COUGH DISPOSABLE VAPE - CHURCH","units":114,"revenue":6467.9998779296875,"cost":2812.5,"profit":3655.4998779296875,"transactions":110,"margin":56.5},{"product":"I-15 DISPOSABLE VAPE - CHURCH X PHENO EXOTIC","units":108,"revenue":5760.875244140625,"cost":2835.0,"profit":2925.8749389648438,"transactions":98,"margin":50.79999923706055},{"product":"BANANA SPLIT CART - CHURCH","units":102,"revenue":4404.750061035156,"cost":2295.0,"profit":2109.7499084472656,"transactions":86,"margin":47.900001525878906},{"product":"BLUEBERRY DREAMSICLE CART - CHURCH","units":94,"revenue":4000.4998779296875,"cost":2115.0,"profit":1885.5000305175781,"transactions":92,"margin":47.099998474121094}]},"store_summary":[{"store_clean":"Elevation Springs","units":12290,"revenue":581838.0078125,"cost":291895.0,"profit":289943.0078125,"discounts":117567.001953125,"margin":49.79999923706055,"discount_rate":16.799999237060547},{"store_clean":"Elevation Oasis","units":7832,"revenue":407111.7578125,"cost":183760.0,"profit":223351.77734375,"discounts":31183.22509765625,"margin":54.900001525878906,"discount_rate":7.099999904632568},{"store_clean":"Elevation Midtown","units":5946,"revenue":306131.62109375,"cost":138067.5,"profit":168064.12109375,"discounts":27325.8740234375,"margin":54.900001525878906,"discount_rate":8.199999809265137},{"store_clean":"Elevation Mesa","units":6414,"revenue":297625.7421875,"cost":147852.5,"profit":149773.251953125,"discounts":57509.2529296875,"margin":50.29999923706055,"discount_rate":16.200000762939453},{"store_clean":"Elevation Parkway","units":4100,"revenue":206841.796875,"cost":97712.5,"profit":109129.296875,"discounts":28436.95068359375,"margin":52.79999923706055,"discount_rate":12.100000381469727},{"store_clean":"Elevation Boulevard","units":2976,"revenue":130656.123046875,"cost":71302.5,"profit":59353.623046875,"discounts":35521.37451171875,"margin":45.400001525878906,"discount_rate":21.399999618530273}],"recommendations":[{"severity":"info","title":"VOLUME LEVERAGE","detail":"$772,082 revenue provides negotiating leverage.","action":"Use volume as leverage in next vendor meeting."}],"comparison":null}