{"brand":"INDOSTICK","date_range":"2024-01-01 00:00:00 to 2026-01-31 00:00:00","period_label":"All Time","summary":{"total_units":14,"total_revenue":80.0,"total_cost":35.0,"total_discounts":7.5,"total_profit":45.0,"overall_margin":56.20000076293945,"fp_margin":60.0,"disc_margin":50.0,"pct_full_price":62.5,"avg_discount_rate":8.600000381469727,"fp_revenue":50.0,"disc_revenue":30.0,"brand":"INDOSTICK","date_range":"2024-01-01 00:00:00 to 2026-01-31 00:00:00","primary_category":"BATTERY","store_coverage":"1/7","stores_present":["Elevation Midtown"],"stores_missing":["Elevation Springs","Elevation Mesa","Elevation Oasis","Elevation Downtown","Elevation Boulevard","Elevation Parkway"],"velocity_rank":16,"velocity_total":19},"distribution":[{"store":"Elevation Springs","carries_brand":false,"sku_count":0,"revenue":0.0,"units":0,"store_total_revenue":51138750.0,"brand_share_pct":0},{"store":"Elevation Mesa","carries_brand":false,"sku_count":0,"revenue":0.0,"units":0,"store_total_revenue":47532240.0,"brand_share_pct":0},{"store":"Elevation Oasis","carries_brand":false,"sku_count":0,"revenue":0.0,"units":0,"store_total_revenue":56050145.0,"brand_share_pct":0},{"store":"Elevation Downtown","carries_brand":false,"sku_count":0,"revenue":0.0,"units":0,"store_total_revenue":1945237.1875,"brand_share_pct":0},{"store":"Elevation Midtown","carries_brand":true,"sku_count":2,"revenue":80.0,"units":14,"store_total_revenue":30850185.0,"brand_share_pct":0.0},{"store":"Elevation Boulevard","carries_brand":false,"sku_count":0,"revenue":0.0,"units":0,"store_total_revenue":28757865.0,"brand_share_pct":0},{"store":"Elevation Parkway","carries_brand":false,"sku_count":0,"revenue":0.0,"units":0,"store_total_revenue":21987007.5,"brand_share_pct":0}],"share_of_category":[{"category":"BATTERY","brand_revenue":80.0,"category_revenue":1041867.1875,"revenue_share_pct":0.0,"brand_units":14,"category_units":41118,"units_share_pct":0.0}],"share_of_category_trend":{"BATTERY":[{"period":"2024-01","brand_revenue":0.0,"category_revenue":78523.75,"share_pct":0.0},{"period":"2024-02","brand_revenue":0.0,"category_revenue":79510.9765625,"share_pct":0.0},{"period":"2024-03","brand_revenue":0.0,"category_revenue":80066.9482421875,"share_pct":0.0},{"period":"2024-04","brand_revenue":0.0,"category_revenue":65688.7744140625,"share_pct":0.0},{"period":"2024-05","brand_revenue":0.0,"category_revenue":61493.57421875,"share_pct":0.0},{"period":"2024-06","brand_revenue":0.0,"category_revenue":67340.751953125,"share_pct":0.0},{"period":"2024-07","brand_revenue":80.0,"category_revenue":70591.1767578125,"share_pct":0.10000000149011612},{"period":"2024-08","brand_revenue":0.0,"category_revenue":64657.8759765625,"share_pct":0.0},{"period":"2024-09","brand_revenue":0.0,"category_revenue":52538.3740234375,"share_pct":0.0},{"period":"2024-10","brand_revenue":0.0,"category_revenue":49278.92578125,"share_pct":0.0},{"period":"2024-11","brand_revenue":0.0,"category_revenue":39889.69970703125,"share_pct":0.0},{"period":"2024-12","brand_revenue":0.0,"category_revenue":38273.87451171875,"share_pct":0.0},{"period":"2025-01","brand_revenue":0.0,"category_revenue":24301.0498046875,"share_pct":0.0},{"period":"2025-02","brand_revenue":0.0,"category_revenue":15730.625,"share_pct":0.0},{"period":"2025-03","brand_revenue":0.0,"category_revenue":17904.124755859375,"share_pct":0.0},{"period":"2025-04","brand_revenue":0.0,"category_revenue":17018.02490234375,"share_pct":0.0},{"period":"2025-05","brand_revenue":0.0,"category_revenue":21588.3740234375,"share_pct":0.0},{"period":"2025-06","brand_revenue":0.0,"category_revenue":20285.274658203125,"share_pct":0.0},{"period":"2025-07","brand_revenue":0.0,"category_revenue":26462.7490234375,"share_pct":0.0},{"period":"2025-08","brand_revenue":0.0,"category_revenue":27441.025390625,"share_pct":0.0},{"period":"2025-09","brand_revenue":0.0,"category_revenue":24531.35009765625,"share_pct":0.0},{"period":"2025-10","brand_revenue":0.0,"category_revenue":27787.275390625,"share_pct":0.0},{"period":"2025-11","brand_revenue":0.0,"category_revenue":23690.8251953125,"share_pct":0.0},{"period":"2025-12","brand_revenue":0.0,"category_revenue":24923.798828125,"share_pct":0.0},{"period":"2026-01","brand_revenue":0.0,"category_revenue":22347.9248046875,"share_pct":0.0}]},"velocity_by_category":[{"category":"BATTERY","brand_units_per_day":0.02,"category_avg_units_per_day":2.84,"velocity_index":0.6,"brand_rev_per_unit":4.57,"category_rev_per_unit":20.27,"brands_in_category":19}],"store_gaps":[{"store":"Elevation Springs","category":"BATTERY","category_revenue_at_store":239396.2890625,"opportunity":"Brand not carried"},{"store":"Elevation Oasis","category":"BATTERY","category_revenue_at_store":223712.75390625,"opportunity":"Brand not carried"},{"store":"Elevation Mesa","category":"BATTERY","category_revenue_at_store":158984.21875,"opportunity":"Brand not carried"},{"store":"Elevation Boulevard","category":"BATTERY","category_revenue_at_store":126218.046875,"opportunity":"Brand not carried"},{"store":"Elevation Parkway","category":"BATTERY","category_revenue_at_store":120492.40234375,"opportunity":"Brand not carried"},{"store":"Elevation Downtown","category":"BATTERY","category_revenue_at_store":6820.7501220703125,"opportunity":"Brand not carried"}],"product_mix":{"top":[{"product":"INDOSTICK 510 BATTERY - INDOSTICK","units":14,"revenue":80.0,"cost":35.0,"profit":45.0,"stores":1,"transactions":14,"margin":56.20000076293945}],"bottom":[],"expansion":[]},"pricing_consistency":[],"promotional_effectiveness":{"lift":{"fp_units_per_day":2.0,"disc_units_per_day":3.0,"lift_pct":50.0,"fp_avg_revenue_per_unit":12.5,"disc_avg_revenue_per_unit":10.0},"by_deal":[{"deal_name":"Industry - 30% Off","uses":1,"revenue":8.75,"discounts":3.75,"units":2.0,"cost":5.0,"margin":42.9,"discount_depth":60.0},{"deal_name":"Senior - 10% Off","uses":1,"revenue":11.25,"discounts":1.25,"units":2.0,"cost":5.0,"margin":55.6,"discount_depth":20.0}]},"growth_opportunities":[{"type":"distribution","title":"Expand to Elevation Springs","detail":"Store has $95,759 in BATTERY \u2014 categories where INDOSTICK competes.","priority":"high"},{"type":"distribution","title":"Expand to Elevation Mesa","detail":"Store has $63,594 in BATTERY \u2014 categories where INDOSTICK competes.","priority":"high"},{"type":"distribution","title":"Expand to Elevation Oasis","detail":"Store has $89,485 in BATTERY \u2014 categories where INDOSTICK competes.","priority":"high"},{"type":"distribution","title":"Expand to Elevation Downtown","detail":"Store has $2,728 in BATTERY \u2014 categories where INDOSTICK competes.","priority":"medium"},{"type":"distribution","title":"Expand to Elevation Boulevard","detail":"Store has $50,487 in BATTERY \u2014 categories where INDOSTICK competes.","priority":"high"},{"type":"distribution","title":"Expand to Elevation Parkway","detail":"Store has $48,197 in BATTERY \u2014 categories where INDOSTICK competes.","priority":"high"},{"type":"velocity","title":"Improve velocity in BATTERY","detail":"Velocity index 1 (below category average). 0.0 units/day vs 1.4 avg.","priority":"medium"}],"trend":[{"period":"2024-07","revenue":80.0,"cost":35.0,"margin":56.2,"units":14,"transactions":14,"profit":45.0,"revenue_change_pct":null,"units_change_pct":null,"margin_change_pts":null}]}