{"brand":"BLVD","date_range":"2024-01-01 00:00:00 to 2026-01-31 00:00:00","period_label":"All Time","summary":{"total_units":1444,"total_revenue":65095.9765625,"total_cost":27977.5,"total_discounts":16129.02587890625,"total_profit":37118.4765625,"overall_margin":57.0,"fp_margin":65.5999984741211,"disc_margin":55.0,"pct_full_price":19.0,"avg_discount_rate":19.899999618530273,"fp_revenue":12375.0,"disc_revenue":52720.9765625,"brand":"BLVD","date_range":"2024-01-01 00:00:00 to 2026-01-31 00:00:00","primary_category":"FLOWER","store_coverage":"5/7","stores_present":["Elevation Springs","Elevation Mesa","Elevation Oasis","Elevation Midtown","Elevation Boulevard"],"stores_missing":["Elevation Downtown","Elevation Parkway"],"velocity_rank":49,"velocity_total":64},"distribution":[{"store":"Elevation Springs","carries_brand":true,"sku_count":8,"revenue":11751.875,"units":264,"store_total_revenue":51138750.0,"brand_share_pct":0.0},{"store":"Elevation Mesa","carries_brand":true,"sku_count":8,"revenue":15108.75,"units":362,"store_total_revenue":47532240.0,"brand_share_pct":0.0},{"store":"Elevation Oasis","carries_brand":true,"sku_count":8,"revenue":23308.42529296875,"units":490,"store_total_revenue":56050145.0,"brand_share_pct":0.0},{"store":"Elevation Downtown","carries_brand":false,"sku_count":0,"revenue":0.0,"units":0,"store_total_revenue":1945237.1875,"brand_share_pct":0},{"store":"Elevation Midtown","carries_brand":true,"sku_count":8,"revenue":11959.599609375,"units":256,"store_total_revenue":30850185.0,"brand_share_pct":0.0},{"store":"Elevation Boulevard","carries_brand":true,"sku_count":4,"revenue":2967.3248291015625,"units":72,"store_total_revenue":28757865.0,"brand_share_pct":0.0},{"store":"Elevation Parkway","carries_brand":false,"sku_count":0,"revenue":0.0,"units":0,"store_total_revenue":21987007.5,"brand_share_pct":0}],"share_of_category":[{"category":"FLOWER","brand_revenue":65095.9765625,"category_revenue":77755450.0,"revenue_share_pct":0.10000000149011612,"brand_units":1444,"category_units":2708446,"units_share_pct":0.1}],"share_of_category_trend":{"FLOWER":[{"period":"2024-01","brand_revenue":0.0,"category_revenue":3552357.8125,"share_pct":0.0},{"period":"2024-02","brand_revenue":0.0,"category_revenue":3535245.625,"share_pct":0.0},{"period":"2024-03","brand_revenue":0.0,"category_revenue":3693805.625,"share_pct":0.0},{"period":"2024-04","brand_revenue":0.0,"category_revenue":3541899.6875,"share_pct":0.0},{"period":"2024-05","brand_revenue":0.0,"category_revenue":3537479.375,"share_pct":0.0},{"period":"2024-06","brand_revenue":0.0,"category_revenue":3403269.6875,"share_pct":0.0},{"period":"2024-07","brand_revenue":0.0,"category_revenue":3457705.9375,"share_pct":0.0},{"period":"2024-08","brand_revenue":0.0,"category_revenue":3453819.375,"share_pct":0.0},{"period":"2024-09","brand_revenue":0.0,"category_revenue":3316441.5625,"share_pct":0.0},{"period":"2024-10","brand_revenue":0.0,"category_revenue":3585775.0,"share_pct":0.0},{"period":"2024-11","brand_revenue":0.0,"category_revenue":3454855.3125,"share_pct":0.0},{"period":"2024-12","brand_revenue":0.0,"category_revenue":3226567.8125,"share_pct":0.0},{"period":"2025-01","brand_revenue":0.0,"category_revenue":2984938.125,"share_pct":0.0},{"period":"2025-02","brand_revenue":0.0,"category_revenue":2816220.0,"share_pct":0.0},{"period":"2025-03","brand_revenue":0.0,"category_revenue":2911379.6875,"share_pct":0.0},{"period":"2025-04","brand_revenue":0.0,"category_revenue":3118895.3125,"share_pct":0.0},{"period":"2025-05","brand_revenue":0.0,"category_revenue":2887345.0,"share_pct":0.0},{"period":"2025-06","brand_revenue":0.0,"category_revenue":2773698.125,"share_pct":0.0},{"period":"2025-07","brand_revenue":0.0,"category_revenue":2782763.125,"share_pct":0.0},{"period":"2025-08","brand_revenue":0.0,"category_revenue":2733122.8125,"share_pct":0.0},{"period":"2025-09","brand_revenue":0.0,"category_revenue":2603501.5625,"share_pct":0.0},{"period":"2025-10","brand_revenue":0.0,"category_revenue":2663705.0,"share_pct":0.0},{"period":"2025-11","brand_revenue":0.0,"category_revenue":2700189.0625,"share_pct":0.0},{"period":"2025-12","brand_revenue":27694.7509765625,"category_revenue":2515209.53125,"share_pct":1.100000023841858},{"period":"2026-01","brand_revenue":37401.2255859375,"category_revenue":2505261.875,"share_pct":1.5}]},"velocity_by_category":[{"category":"FLOWER","brand_units_per_day":1.9,"category_avg_units_per_day":55.54,"velocity_index":3.4,"brand_rev_per_unit":36.06,"category_rev_per_unit":22.97,"brands_in_category":64}],"store_gaps":[{"store":"Elevation Parkway","category":"FLOWER","category_revenue_at_store":4297298.125,"opportunity":"Brand not carried"},{"store":"Elevation Downtown","category":"FLOWER","category_revenue_at_store":324929.8828125,"opportunity":"Brand not carried"}],"product_mix":{"top":[{"product":"702 HEADBAND EIGHTH - BLVD","units":640,"revenue":29340.4248046875,"cost":12400.0,"profit":16940.4248046875,"stores":5,"transactions":498,"margin":57.70000076293945},{"product":"CAP JUNKIE EIGHTH - BLVD","units":336,"revenue":14961.6748046875,"cost":6510.0,"profit":8451.6748046875,"stores":5,"transactions":276,"margin":56.5},{"product":"GREYHOUND EIGHTH - BLVD","units":240,"revenue":10612.0751953125,"cost":4650.0,"profit":5962.0751953125,"stores":4,"transactions":180,"margin":56.20000076293945},{"product":"STARFRUITZ EIGHTH - BLVD","units":228,"revenue":10181.799926757812,"cost":4417.5,"profit":5764.2999267578125,"stores":4,"transactions":160,"margin":56.599998474121094}],"bottom":[],"expansion":[{"product":"GREYHOUND EIGHTH - BLVD","current_stores":4,"total_stores":5,"missing_stores":["Elevation Boulevard"],"revenue":10612.0751953125},{"product":"STARFRUITZ EIGHTH - BLVD","current_stores":4,"total_stores":5,"missing_stores":["Elevation Boulevard"],"revenue":10181.799926757812}]},"pricing_consistency":[{"product":"702 HEADBAND EIGHTH - BLVD","min_price":81.94765090942383,"max_price":96.95625305175781,"avg_price":90.18796730041504,"std_dev":2.4979006922311022,"store_count":10,"price_range":15.008602142333984,"range_pct":16.6},{"product":"GREYHOUND EIGHTH - BLVD","min_price":80.1953125,"max_price":93.89297485351562,"avg_price":88.29420725504556,"std_dev":2.5556190137764117,"store_count":8,"price_range":13.697662353515625,"range_pct":15.5},{"product":"STARFRUITZ EIGHTH - BLVD","min_price":80.52499771118164,"max_price":93.75,"avg_price":89.54726505279541,"std_dev":2.4613501351611933,"store_count":8,"price_range":13.22500228881836,"range_pct":14.8},{"product":"CAP JUNKIE EIGHTH - BLVD","min_price":83.47122480284494,"max_price":95.57783018867924,"avg_price":88.4189492239918,"std_dev":1.7952853953239816,"store_count":10,"price_range":12.10660538583431,"range_pct":13.7}],"promotional_effectiveness":{"lift":{"fp_units_per_day":5.94,"disc_units_per_day":21.86,"lift_pct":267.6,"fp_avg_revenue_per_unit":112.5,"disc_avg_revenue_per_unit":86.15},"by_deal":[{"deal_name":"Lit4Less - 1/4 for $75","uses":151,"revenue":25140.545838673912,"discounts":5084.454167286555,"units":537.3333333333334,"cost":10410.833333333332,"margin":58.6,"discount_depth":33.6},{"deal_name":"Industry 30% Off","uses":128,"revenue":11681.16250038147,"discounts":5137.58749961853,"units":299.0,"cost":5793.125,"margin":50.4,"discount_depth":61.0},{"deal_name":"Jackpot - Locals 30% Off","uses":12,"revenue":1811.25,"discounts":776.25,"units":46.0,"cost":891.25,"margin":50.8,"discount_depth":60.0},{"deal_name":"Senior / Veterans - 20% Off","uses":12,"revenue":1428.75,"discounts":371.25,"units":32.0,"cost":620.0,"margin":56.6,"discount_depth":41.2},{"deal_name":"Senior - 10% Off","uses":11,"revenue":1027.9625034332275,"discounts":153.28749895095825,"units":21.0,"cost":406.875,"margin":60.4,"discount_depth":26.0},{"deal_name":"Employee 30% - NOT FRIDAYS","uses":7,"revenue":459.375,"discounts":384.375,"units":15.0,"cost":290.625,"margin":36.7,"discount_depth":91.2},{"deal_name":"Store Credit - $15","uses":7,"revenue":814.7708257039387,"discounts":385.229164759318,"units":21.333333333333332,"cost":413.33333333333337,"margin":49.3,"discount_depth":64.2},{"deal_name":"Employee - 40% OFF","uses":5,"revenue":337.5,"discounts":225.0,"units":10.0,"cost":193.75,"margin":42.6,"discount_depth":80.0},{"deal_name":"Veterans - 10% Off","uses":5,"revenue":506.25,"discounts":56.25,"units":10.0,"cost":193.75,"margin":61.7,"discount_depth":20.0},{"deal_name":"Store Credit - $25","uses":4,"revenue":305.32083829243976,"discounts":163.42916647593177,"units":8.333333333333332,"cost":161.45833333333331,"margin":47.1,"discount_depth":69.8},{"deal_name":"Store Credit - $50","uses":3,"revenue":167.95000076293945,"discounts":113.30000042915344,"units":5.0,"cost":96.875,"margin":42.3,"discount_depth":80.6},{"deal_name":"Store Credit - $75","uses":2,"revenue":116.71250343322754,"discounts":52.03749895095825,"units":3.0,"cost":58.125,"margin":50.2,"discount_depth":61.6},{"deal_name":"LVAC - 25% Off","uses":1,"revenue":84.375,"discounts":28.125,"units":2.0,"cost":38.75,"margin":54.1,"discount_depth":50.0}]},"growth_opportunities":[{"type":"distribution","title":"Expand to Elevation Downtown","detail":"Store has $129,972 in FLOWER \u2014 categories where BLVD competes.","priority":"high"},{"type":"distribution","title":"Expand to Elevation Parkway","detail":"Store has $1,718,919 in FLOWER \u2014 categories where BLVD competes.","priority":"high"},{"type":"sku_expansion","title":"Add 'GREYHOUND EIGHTH - BLVD' to 1 more store(s)","detail":"Carried in 4 stores. Missing from: Elevation Boulevard","priority":"medium"},{"type":"sku_expansion","title":"Add 'STARFRUITZ EIGHTH - BLVD' to 1 more store(s)","detail":"Carried in 4 stores. Missing from: Elevation Boulevard","priority":"medium"},{"type":"velocity","title":"Improve velocity in FLOWER","detail":"Velocity index 3 (below category average). 0.9 units/day vs 27.8 avg.","priority":"medium"}],"trend":[{"period":"2025-12","revenue":27694.7509765625,"cost":11935.0,"margin":56.9,"units":616,"transactions":436,"profit":15759.749755859375,"revenue_change_pct":null,"units_change_pct":null,"margin_change_pts":null},{"period":"2026-01","revenue":37401.2255859375,"cost":16042.5,"margin":57.1,"units":828,"transactions":566,"profit":21358.7255859375,"revenue_change_pct":35.0,"units_change_pct":34.4,"margin_change_pts":0.2}]}