{"brand":"BLVD","date_range":"2024-01-01 00:00:00 to 2026-01-31 00:00:00","period_label":"All Time","summary":{"total_units":1444,"total_revenue":65095.9765625,"total_cost":27977.5,"total_discounts":16129.02587890625,"total_profit":37118.4765625,"overall_margin":57.0,"fp_margin":65.5999984741211,"disc_margin":55.0,"pct_full_price":19.0,"avg_discount_rate":19.899999618530273,"fp_revenue":12375.0,"disc_revenue":52720.9765625,"unique_customers":808,"brand":"BLVD","date_range":"2024-01-01 00:00:00 to 2026-01-31 00:00:00","months_count":4,"avg_monthly_cost":13988.75,"cost_per_unit":38.75,"primary_category":"FLOWER","primary_cat_margin":54.099998474121094,"category_rank":49,"category_total":64,"margin_vs_category":2.9000000953674316,"velocity_rank":49},"category_breakdown":[{"category_clean":"FLOWER","units":1444,"revenue":65095.9765625,"cost":27977.5,"profit":37118.47412109375,"discounts":16129.024658203125,"margin":57.0,"category_avg_margin":54.099998474121094,"vs_category":2.9,"rank":49.0,"total_brands":64.0}],"trend":[{"period":"2025-12","revenue":27694.7509765625,"cost":11935.0,"margin":56.9,"units":616,"transactions":436,"profit":15759.749755859375,"revenue_change_pct":null,"units_change_pct":null,"margin_change_pts":null},{"period":"2026-01","revenue":37401.2255859375,"cost":16042.5,"margin":57.1,"units":828,"transactions":566,"profit":21358.7255859375,"revenue_change_pct":35.0,"units_change_pct":34.4,"margin_change_pts":0.2}],"share_of_category":[{"category":"FLOWER","brand_revenue":65095.9765625,"category_revenue":77755450.0,"revenue_share_pct":0.10000000149011612,"brand_units":1444,"category_units":2708446,"units_share_pct":0.1}],"share_of_category_trend":{"FLOWER":[{"period":"2024-01","brand_revenue":0.0,"category_revenue":3552357.8125,"share_pct":0.0},{"period":"2024-02","brand_revenue":0.0,"category_revenue":3535245.625,"share_pct":0.0},{"period":"2024-03","brand_revenue":0.0,"category_revenue":3693805.625,"share_pct":0.0},{"period":"2024-04","brand_revenue":0.0,"category_revenue":3541899.6875,"share_pct":0.0},{"period":"2024-05","brand_revenue":0.0,"category_revenue":3537479.375,"share_pct":0.0},{"period":"2024-06","brand_revenue":0.0,"category_revenue":3403269.6875,"share_pct":0.0},{"period":"2024-07","brand_revenue":0.0,"category_revenue":3457705.9375,"share_pct":0.0},{"period":"2024-08","brand_revenue":0.0,"category_revenue":3453819.375,"share_pct":0.0},{"period":"2024-09","brand_revenue":0.0,"category_revenue":3316441.5625,"share_pct":0.0},{"period":"2024-10","brand_revenue":0.0,"category_revenue":3585775.0,"share_pct":0.0},{"period":"2024-11","brand_revenue":0.0,"category_revenue":3454855.3125,"share_pct":0.0},{"period":"2024-12","brand_revenue":0.0,"category_revenue":3226567.8125,"share_pct":0.0},{"period":"2025-01","brand_revenue":0.0,"category_revenue":2984938.125,"share_pct":0.0},{"period":"2025-02","brand_revenue":0.0,"category_revenue":2816220.0,"share_pct":0.0},{"period":"2025-03","brand_revenue":0.0,"category_revenue":2911379.6875,"share_pct":0.0},{"period":"2025-04","brand_revenue":0.0,"category_revenue":3118895.3125,"share_pct":0.0},{"period":"2025-05","brand_revenue":0.0,"category_revenue":2887345.0,"share_pct":0.0},{"period":"2025-06","brand_revenue":0.0,"category_revenue":2773698.125,"share_pct":0.0},{"period":"2025-07","brand_revenue":0.0,"category_revenue":2782763.125,"share_pct":0.0},{"period":"2025-08","brand_revenue":0.0,"category_revenue":2733122.8125,"share_pct":0.0},{"period":"2025-09","brand_revenue":0.0,"category_revenue":2603501.5625,"share_pct":0.0},{"period":"2025-10","brand_revenue":0.0,"category_revenue":2663705.0,"share_pct":0.0},{"period":"2025-11","brand_revenue":0.0,"category_revenue":2700189.0625,"share_pct":0.0},{"period":"2025-12","brand_revenue":27694.7509765625,"category_revenue":2515209.53125,"share_pct":1.100000023841858},{"period":"2026-01","brand_revenue":37401.2255859375,"category_revenue":2505261.875,"share_pct":1.5}]},"discount_depth":[{"tier":"0% (Full Price)","transactions":202,"pct_of_transactions":18.1,"revenue":12375.0,"avg_discount":0.0},{"tier":"1-10%","transactions":36,"pct_of_transactions":3.2,"revenue":1822.5,"avg_discount":20.0},{"tier":"11-20%","transactions":436,"pct_of_transactions":39.1,"revenue":29814.05029296875,"avg_discount":34.0},{"tier":"21-30%","transactions":18,"pct_of_transactions":1.6,"revenue":1464.4500732421875,"avg_discount":46.79999923706055},{"tier":"31%+","transactions":58,"pct_of_transactions":5.2,"revenue":2373.7249755859375,"avg_discount":93.4000015258789}],"velocity":{"units_per_day":24.06,"revenue_per_day":1084.9250030517578,"avg_units_per_txn":2.88,"days_of_data":60,"total_units":1444,"total_transactions":1002},"velocity_by_category":[{"category":"FLOWER","brand_units_per_day":1.9,"category_avg_units_per_day":55.54,"velocity_index":3.4,"brand_rev_per_unit":36.06,"category_rev_per_unit":22.97,"brands_in_category":64}],"deals":[{"deal_name":"Lit4Less - 1/4 for $75","times_used":302,"units":537.3333333333334,"revenue":25140.545838673912,"discounts":5084.454167286555,"cost":10410.833333333332,"profit":14729.712504148483,"pre_discount_revenue":30225.0,"margin":58.6,"avg_discount":33.6},{"deal_name":"Industry 30% Off","times_used":256,"units":299.0,"revenue":11681.16250038147,"discounts":5137.58749961853,"cost":5793.125,"profit":5888.03750038147,"pre_discount_revenue":16818.75,"margin":50.4,"avg_discount":61.0},{"deal_name":"Jackpot - Locals 30% Off","times_used":24,"units":46.0,"revenue":1811.25,"discounts":776.25,"cost":891.25,"profit":920.0,"pre_discount_revenue":2587.5,"margin":50.8,"avg_discount":60.0},{"deal_name":"Senior / Veterans - 20% Off","times_used":24,"units":32.0,"revenue":1428.75,"discounts":371.25,"cost":620.0,"profit":808.75,"pre_discount_revenue":1800.0,"margin":56.6,"avg_discount":41.2},{"deal_name":"Senior - 10% Off","times_used":22,"units":21.0,"revenue":1027.9625034332275,"discounts":153.28749895095825,"cost":406.875,"profit":621.087498664856,"pre_discount_revenue":1181.25,"margin":60.4,"avg_discount":26.0},{"deal_name":"Employee 30% - NOT FRIDAYS","times_used":14,"units":15.0,"revenue":459.375,"discounts":384.375,"cost":290.625,"profit":168.75,"pre_discount_revenue":843.75,"margin":36.7,"avg_discount":91.2},{"deal_name":"Store Credit - $15","times_used":14,"units":21.333333333333332,"revenue":814.7708257039387,"discounts":385.229164759318,"cost":413.33333333333337,"profit":401.43750190734863,"pre_discount_revenue":1200.0,"margin":49.3,"avg_discount":64.2},{"deal_name":"Employee - 40% OFF","times_used":10,"units":10.0,"revenue":337.5,"discounts":225.0,"cost":193.75,"profit":143.75,"pre_discount_revenue":562.5,"margin":42.6,"avg_discount":80.0},{"deal_name":"Veterans - 10% Off","times_used":10,"units":10.0,"revenue":506.25,"discounts":56.25,"cost":193.75,"profit":312.5,"pre_discount_revenue":562.5,"margin":61.7,"avg_discount":20.0},{"deal_name":"Store Credit - $25","times_used":8,"units":8.333333333333332,"revenue":305.32083829243976,"discounts":163.42916647593177,"cost":161.45833333333331,"profit":143.86250495910645,"pre_discount_revenue":468.75,"margin":47.1,"avg_discount":69.8},{"deal_name":"Store Credit - $50","times_used":6,"units":5.0,"revenue":167.95000076293945,"discounts":113.30000042915344,"cost":96.875,"profit":71.07499957084656,"pre_discount_revenue":281.25,"margin":42.3,"avg_discount":80.6},{"deal_name":"Store Credit - $75","times_used":4,"units":3.0,"revenue":116.71250343322754,"discounts":52.03749895095825,"cost":58.125,"profit":58.58749866485596,"pre_discount_revenue":168.75,"margin":50.2,"avg_discount":61.6},{"deal_name":"LVAC - 25% Off","times_used":2,"units":2.0,"revenue":84.375,"discounts":28.125,"cost":38.75,"profit":45.625,"pre_discount_revenue":112.5,"margin":54.1,"avg_discount":50.0}],"top_products":[{"product":"702 HEADBAND EIGHTH - BLVD","units":640,"revenue":29340.4248046875,"cost":12400.0,"profit":16940.4248046875,"transactions":498,"margin":57.70000076293945},{"product":"CAP JUNKIE EIGHTH - BLVD","units":336,"revenue":14961.6748046875,"cost":6510.0,"profit":8451.6748046875,"transactions":276,"margin":56.5},{"product":"GREYHOUND EIGHTH - BLVD","units":240,"revenue":10612.0751953125,"cost":4650.0,"profit":5962.0751953125,"transactions":180,"margin":56.20000076293945},{"product":"STARFRUITZ EIGHTH - BLVD","units":228,"revenue":10181.799926757812,"cost":4417.5,"profit":5764.2999267578125,"transactions":160,"margin":56.599998474121094}],"products_by_store":{"Elevation Springs":[{"product":"702 HEADBAND EIGHTH - BLVD","units":128,"revenue":5750.625,"cost":2480.0,"profit":3270.625,"transactions":110,"margin":56.900001525878906},{"product":"CAP JUNKIE EIGHTH - BLVD","units":58,"revenue":2571.25,"cost":1123.75,"profit":1447.5,"transactions":58,"margin":56.29999923706055},{"product":"GREYHOUND EIGHTH - BLVD","units":48,"revenue":2068.75,"cost":930.0,"profit":1138.75,"transactions":30,"margin":55.0},{"product":"STARFRUITZ EIGHTH - BLVD","units":30,"revenue":1361.25,"cost":581.25,"profit":780.0,"transactions":26,"margin":57.29999923706055}],"Elevation Mesa":[{"product":"702 HEADBAND EIGHTH - BLVD","units":128,"revenue":5541.724853515625,"cost":2480.0,"profit":3061.724853515625,"transactions":110,"margin":55.20000076293945},{"product":"CAP JUNKIE EIGHTH - BLVD","units":106,"revenue":4423.974914550781,"cost":2053.75,"profit":2370.225067138672,"transactions":86,"margin":53.599998474121094},{"product":"STARFRUITZ EIGHTH - BLVD","units":64,"revenue":2576.7999267578125,"cost":1240.0,"profit":1336.7999267578125,"transactions":54,"margin":51.900001525878906},{"product":"GREYHOUND EIGHTH - BLVD","units":64,"revenue":2566.25,"cost":1240.0,"profit":1326.25,"transactions":56,"margin":51.70000076293945}],"Elevation Oasis":[{"product":"702 HEADBAND EIGHTH - BLVD","units":192,"revenue":9307.80029296875,"cost":3720.0,"profit":5587.80029296875,"transactions":118,"margin":60.0},{"product":"STARFRUITZ EIGHTH - BLVD","units":128,"revenue":5962.5,"cost":2480.0,"profit":3482.5,"transactions":76,"margin":58.400001525878906},{"product":"CAP JUNKIE EIGHTH - BLVD","units":106,"revenue":5065.625,"cost":2053.75,"profit":3011.875,"transactions":76,"margin":59.5},{"product":"GREYHOUND EIGHTH - BLVD","units":64,"revenue":2972.5,"cost":1240.0,"profit":1732.5,"transactions":46,"margin":58.29999923706055}],"Elevation Midtown":[{"product":"702 HEADBAND EIGHTH - BLVD","units":128,"revenue":6117.9498291015625,"cost":2480.0,"profit":3637.9501342773438,"transactions":100,"margin":59.5},{"product":"GREYHOUND EIGHTH - BLVD","units":64,"revenue":3004.5748901367188,"cost":1240.0,"profit":1764.5750427246094,"transactions":48,"margin":58.70000076293945},{"product":"CAP JUNKIE EIGHTH - BLVD","units":58,"revenue":2555.8250427246094,"cost":1123.75,"profit":1432.0750427246094,"transactions":48,"margin":56.0},{"product":"STARFRUITZ EIGHTH - BLVD","units":6,"revenue":281.25,"cost":116.25,"profit":165.0,"transactions":4,"margin":58.70000076293945}],"Elevation Boulevard":[{"product":"702 HEADBAND EIGHTH - BLVD","units":64,"revenue":2622.3251342773438,"cost":1240.0,"profit":1382.3249816894531,"transactions":60,"margin":52.70000076293945},{"product":"CAP JUNKIE EIGHTH - BLVD","units":8,"revenue":345.0,"cost":155.0,"profit":190.0,"transactions":8,"margin":55.099998474121094}]},"store_summary":[{"store_clean":"Elevation Oasis","units":490,"revenue":23308.42529296875,"cost":9493.75,"profit":13814.67529296875,"discounts":4254.075012207031,"margin":59.29999923706055,"discount_rate":15.399999618530273},{"store_clean":"Elevation Mesa","units":362,"revenue":15108.75,"cost":7013.75,"profit":8095.0,"discounts":5253.75,"margin":53.599998474121094,"discount_rate":25.799999237060547},{"store_clean":"Elevation Midtown","units":256,"revenue":11959.599609375,"cost":4960.0,"profit":6999.6002197265625,"discounts":2440.399932861328,"margin":58.5,"discount_rate":16.899999618530273},{"store_clean":"Elevation Springs","units":264,"revenue":11751.875,"cost":5115.0,"profit":6636.875,"discounts":3098.125,"margin":56.5,"discount_rate":20.899999618530273},{"store_clean":"Elevation Boulevard","units":72,"revenue":2967.3251342773438,"cost":1395.0,"profit":1572.3249816894531,"discounts":1082.6750183105469,"margin":53.0,"discount_rate":26.700000762939453}],"recommendations":[{"severity":"red","title":"HIGH PROMOTION DEPENDENCY","detail":"Only 19% sells at full price. Heavy discounting required.","action":"Test reducing deal frequency \u2014 track velocity without promos."},{"severity":"info","title":"VOLUME LEVERAGE","detail":"$26,038 revenue provides negotiating leverage.","action":"Use volume as leverage in next vendor meeting."}],"comparison":null}