{"brand":"CANNAVATIVE","date_range":"2024-01-01 00:00:00 to 2026-01-31 00:00:00","period_label":"All Time","summary":{"total_units":64626,"total_revenue":1267990.546875,"total_cost":686908.984375,"total_discounts":356523.125,"total_profit":581081.640625,"overall_margin":45.79999923706055,"fp_margin":58.20000076293945,"disc_margin":37.29999923706055,"pct_full_price":40.79999923706055,"avg_discount_rate":21.899999618530273,"fp_revenue":517791.25,"disc_revenue":750199.375,"brand":"CANNAVATIVE","date_range":"2024-01-01 00:00:00 to 2026-01-31 00:00:00","primary_category":"INFUSED PRE ROLL","store_coverage":"7/7","stores_present":["Elevation Springs","Elevation Mesa","Elevation Oasis","Elevation Downtown","Elevation Midtown","Elevation Boulevard","Elevation Parkway"],"stores_missing":[],"velocity_rank":4,"velocity_total":25},"distribution":[{"store":"Elevation Springs","carries_brand":true,"sku_count":170,"revenue":316664.0234375,"units":16118,"store_total_revenue":51138750.0,"brand_share_pct":0.6000000238418579},{"store":"Elevation Mesa","carries_brand":true,"sku_count":162,"revenue":248433.76953125,"units":13570,"store_total_revenue":47532240.0,"brand_share_pct":0.5},{"store":"Elevation Oasis","carries_brand":true,"sku_count":160,"revenue":213458.02734375,"units":9908,"store_total_revenue":56050145.0,"brand_share_pct":0.4000000059604645},{"store":"Elevation Downtown","carries_brand":true,"sku_count":16,"revenue":8736.399536132812,"units":426,"store_total_revenue":1945237.1875,"brand_share_pct":0.4000000059604645},{"store":"Elevation Midtown","carries_brand":true,"sku_count":142,"revenue":163742.978515625,"units":7736,"store_total_revenue":30850185.0,"brand_share_pct":0.5},{"store":"Elevation Boulevard","carries_brand":true,"sku_count":148,"revenue":183250.4296875,"units":10288,"store_total_revenue":28757865.0,"brand_share_pct":0.6000000238418579},{"store":"Elevation Parkway","carries_brand":true,"sku_count":138,"revenue":133705.0,"units":6580,"store_total_revenue":21987007.5,"brand_share_pct":0.6000000238418579}],"share_of_category":[{"category":"INFUSED PRE ROLL","brand_revenue":642910.078125,"category_revenue":10308101.25,"revenue_share_pct":6.199999809265137,"brand_units":37318,"category_units":488074,"units_share_pct":7.6},{"category":"INFUSED PACK","brand_revenue":400093.984375,"category_revenue":8259010.0,"revenue_share_pct":4.800000190734863,"brand_units":12754,"category_units":240090,"units_share_pct":5.3},{"category":"PRE ROLL","brand_revenue":122135.44921875,"category_revenue":14009791.25,"revenue_share_pct":0.8999999761581421,"brand_units":11414,"category_units":1485736,"units_share_pct":0.8},{"category":"SYRINGE","brand_revenue":98717.548828125,"category_revenue":467399.2578125,"revenue_share_pct":21.100000381469727,"brand_units":2960,"category_units":19216,"units_share_pct":15.4},{"category":"CONCENTRATE","brand_revenue":4133.5247802734375,"category_revenue":7866357.5,"revenue_share_pct":0.10000000149011612,"brand_units":180,"category_units":316632,"units_share_pct":0.1}],"share_of_category_trend":{"INFUSED PRE ROLL":[{"period":"2024-01","brand_revenue":51587.2509765625,"category_revenue":410907.8515625,"share_pct":12.600000381469727},{"period":"2024-02","brand_revenue":55378.3740234375,"category_revenue":458711.484375,"share_pct":12.100000381469727},{"period":"2024-03","brand_revenue":37613.04931640625,"category_revenue":427464.375,"share_pct":8.800000190734863},{"period":"2024-04","brand_revenue":20707.77587890625,"category_revenue":428699.9609375,"share_pct":4.800000190734863},{"period":"2024-05","brand_revenue":28704.599609375,"category_revenue":501098.3203125,"share_pct":5.699999809265137},{"period":"2024-06","brand_revenue":33738.20068359375,"category_revenue":477320.78125,"share_pct":7.099999904632568},{"period":"2024-07","brand_revenue":28033.27392578125,"category_revenue":479382.109375,"share_pct":5.800000190734863},{"period":"2024-08","brand_revenue":39107.82470703125,"category_revenue":474359.1015625,"share_pct":8.199999809265137},{"period":"2024-09","brand_revenue":37198.04931640625,"category_revenue":424280.1171875,"share_pct":8.800000190734863},{"period":"2024-10","brand_revenue":26227.0751953125,"category_revenue":470840.6640625,"share_pct":5.599999904632568},{"period":"2024-11","brand_revenue":45061.69921875,"category_revenue":424285.1171875,"share_pct":10.600000381469727},{"period":"2024-12","brand_revenue":48178.1982421875,"category_revenue":432093.1640625,"share_pct":11.100000381469727},{"period":"2025-01","brand_revenue":36135.34912109375,"category_revenue":358002.890625,"share_pct":10.100000381469727},{"period":"2025-02","brand_revenue":28742.5,"category_revenue":325080.17578125,"share_pct":8.800000190734863},{"period":"2025-03","brand_revenue":31760.57373046875,"category_revenue":347380.078125,"share_pct":9.100000381469727},{"period":"2025-04","brand_revenue":34137.5,"category_revenue":401341.40625,"share_pct":8.5},{"period":"2025-05","brand_revenue":25653.02490234375,"category_revenue":378076.09375,"share_pct":6.800000190734863},{"period":"2025-06","brand_revenue":15304.87548828125,"category_revenue":354019.6484375,"share_pct":4.300000190734863},{"period":"2025-07","brand_revenue":9889.7998046875,"category_revenue":416008.203125,"share_pct":2.4000000953674316},{"period":"2025-08","brand_revenue":5054.750061035156,"category_revenue":425283.28125,"share_pct":1.2000000476837158},{"period":"2025-09","brand_revenue":2459.7500610351562,"category_revenue":378313.75,"share_pct":0.699999988079071},{"period":"2025-10","brand_revenue":892.5,"category_revenue":389168.3203125,"share_pct":0.20000000298023224},{"period":"2025-11","brand_revenue":1344.1000366210938,"category_revenue":390541.3671875,"share_pct":0.30000001192092896},{"period":"2025-12","brand_revenue":0.0,"category_revenue":392812.34375,"share_pct":0.0},{"period":"2026-01","brand_revenue":0.0,"category_revenue":342630.7421875,"share_pct":0.0}],"INFUSED PACK":[{"period":"2024-01","brand_revenue":35653.00048828125,"category_revenue":204601.875,"share_pct":17.399999618530273},{"period":"2024-02","brand_revenue":42004.150390625,"category_revenue":221156.7578125,"share_pct":19.0},{"period":"2024-03","brand_revenue":33089.72412109375,"category_revenue":257436.93359375,"share_pct":12.899999618530273},{"period":"2024-04","brand_revenue":21972.62451171875,"category_revenue":301537.3046875,"share_pct":7.300000190734863},{"period":"2024-05","brand_revenue":17240.74951171875,"category_revenue":301873.0078125,"share_pct":5.699999809265137},{"period":"2024-06","brand_revenue":21127.2509765625,"category_revenue":300488.6328125,"share_pct":7.0},{"period":"2024-07","brand_revenue":13353.399658203125,"category_revenue":303570.80078125,"share_pct":4.400000095367432},{"period":"2024-08","brand_revenue":16165.999755859375,"category_revenue":283995.625,"share_pct":5.699999809265137},{"period":"2024-09","brand_revenue":13737.125244140625,"category_revenue":331664.1796875,"share_pct":4.099999904632568},{"period":"2024-10","brand_revenue":16167.349853515625,"category_revenue":311486.1328125,"share_pct":5.199999809265137},{"period":"2024-11","brand_revenue":21952.8759765625,"category_revenue":306613.92578125,"share_pct":7.199999809265137},{"period":"2024-12","brand_revenue":16962.349853515625,"category_revenue":298008.41796875,"share_pct":5.699999809265137},{"period":"2025-01","brand_revenue":23528.00048828125,"category_revenue":269244.765625,"share_pct":8.699999809265137},{"period":"2025-02","brand_revenue":23931.6748046875,"category_revenue":309579.8046875,"share_pct":7.699999809265137},{"period":"2025-03","brand_revenue":21136.4990234375,"category_revenue":312908.80859375,"share_pct":6.800000190734863},{"period":"2025-04","brand_revenue":19173.5498046875,"category_revenue":389974.3359375,"share_pct":4.900000095367432},{"period":"2025-05","brand_revenue":14035.50048828125,"category_revenue":404824.9609375,"share_pct":3.5},{"period":"2025-06","brand_revenue":10606.99951171875,"category_revenue":383193.4765625,"share_pct":2.799999952316284},{"period":"2025-07","brand_revenue":11223.62548828125,"category_revenue":437456.640625,"share_pct":2.5999999046325684},{"period":"2025-08","brand_revenue":4125.299987792969,"category_revenue":391817.578125,"share_pct":1.100000023841858},{"period":"2025-09","brand_revenue":2301.750030517578,"category_revenue":367221.40625,"share_pct":0.6000000238418579},{"period":"2025-10","brand_revenue":604.5000076293945,"category_revenue":423332.109375,"share_pct":0.10000000149011612},{"period":"2025-11","brand_revenue":0.0,"category_revenue":395184.53125,"share_pct":0.0},{"period":"2025-12","brand_revenue":0.0,"category_revenue":387500.234375,"share_pct":0.0},{"period":"2026-01","brand_revenue":0.0,"category_revenue":364337.6171875,"share_pct":0.0}],"PRE ROLL":[{"period":"2024-01","brand_revenue":7744.5001220703125,"category_revenue":508338.515625,"share_pct":1.5},{"period":"2024-02","brand_revenue":12338.900146484375,"category_revenue":489393.671875,"share_pct":2.5},{"period":"2024-03","brand_revenue":10088.75,"category_revenue":520052.3828125,"share_pct":1.899999976158142},{"period":"2024-04","brand_revenue":11924.150390625,"category_revenue":491300.6640625,"share_pct":2.4000000953674316},{"period":"2024-05","brand_revenue":13538.75,"category_revenue":542202.890625,"share_pct":2.5},{"period":"2024-06","brand_revenue":13208.75,"category_revenue":507288.8671875,"share_pct":2.5999999046325684},{"period":"2024-07","brand_revenue":6571.400146484375,"category_revenue":524250.9765625,"share_pct":1.2999999523162842},{"period":"2024-08","brand_revenue":4986.25,"category_revenue":612518.7109375,"share_pct":0.800000011920929},{"period":"2024-09","brand_revenue":7040.0,"category_revenue":586543.0078125,"share_pct":1.2000000476837158},{"period":"2024-10","brand_revenue":8898.75,"category_revenue":641449.1796875,"share_pct":1.399999976158142},{"period":"2024-11","brand_revenue":8642.5,"category_revenue":579866.71875,"share_pct":1.5},{"period":"2024-12","brand_revenue":13526.25,"category_revenue":582999.5703125,"share_pct":2.299999952316284},{"period":"2025-01","brand_revenue":2095.0,"category_revenue":544095.3125,"share_pct":0.4000000059604645},{"period":"2025-02","brand_revenue":1531.4999389648438,"category_revenue":500875.5859375,"share_pct":0.30000001192092896},{"period":"2025-03","brand_revenue":0.0,"category_revenue":551422.0703125,"share_pct":0.0},{"period":"2025-04","brand_revenue":0.0,"category_revenue":568189.375,"share_pct":0.0},{"period":"2025-05","brand_revenue":0.0,"category_revenue":565516.875,"share_pct":0.0},{"period":"2025-06","brand_revenue":0.0,"category_revenue":560506.71875,"share_pct":0.0},{"period":"2025-07","brand_revenue":0.0,"category_revenue":600916.09375,"share_pct":0.0},{"period":"2025-08","brand_revenue":0.0,"category_revenue":620247.5,"share_pct":0.0},{"period":"2025-09","brand_revenue":0.0,"category_revenue":608971.09375,"share_pct":0.0},{"period":"2025-10","brand_revenue":0.0,"category_revenue":645293.1640625,"share_pct":0.0},{"period":"2025-11","brand_revenue":0.0,"category_revenue":581113.4765625,"share_pct":0.0},{"period":"2025-12","brand_revenue":0.0,"category_revenue":553088.5546875,"share_pct":0.0},{"period":"2026-01","brand_revenue":0.0,"category_revenue":523350.9375,"share_pct":0.0}],"SYRINGE":[{"period":"2024-01","brand_revenue":8397.000122070312,"category_revenue":14333.75,"share_pct":58.599998474121094},{"period":"2024-02","brand_revenue":8611.500244140625,"category_revenue":19846.624755859375,"share_pct":43.400001525878906},{"period":"2024-03","brand_revenue":7378.275146484375,"category_revenue":12633.7744140625,"share_pct":58.400001525878906},{"period":"2024-04","brand_revenue":4103.999938964844,"category_revenue":12415.625,"share_pct":33.099998474121094},{"period":"2024-05","brand_revenue":6112.0001220703125,"category_revenue":19492.249755859375,"share_pct":31.399999618530273},{"period":"2024-06","brand_revenue":5740.0,"category_revenue":12967.62451171875,"share_pct":44.29999923706055},{"period":"2024-07","brand_revenue":6798.499755859375,"category_revenue":20005.999755859375,"share_pct":34.0},{"period":"2024-08","brand_revenue":7388.6248779296875,"category_revenue":20173.074951171875,"share_pct":36.599998474121094},{"period":"2024-09","brand_revenue":6151.500244140625,"category_revenue":21770.12451171875,"share_pct":28.299999237060547},{"period":"2024-10","brand_revenue":3391.9998168945312,"category_revenue":17178.75,"share_pct":19.700000762939453},{"period":"2024-11","brand_revenue":4459.5001220703125,"category_revenue":21491.0009765625,"share_pct":20.799999237060547},{"period":"2024-12","brand_revenue":3972.0001220703125,"category_revenue":21944.7509765625,"share_pct":18.100000381469727},{"period":"2025-01","brand_revenue":6384.7747802734375,"category_revenue":22881.10107421875,"share_pct":27.899999618530273},{"period":"2025-02","brand_revenue":3543.8751220703125,"category_revenue":17829.87548828125,"share_pct":19.899999618530273},{"period":"2025-03","brand_revenue":3487.0001220703125,"category_revenue":18932.62451171875,"share_pct":18.399999618530273},{"period":"2025-04","brand_revenue":3727.9998779296875,"category_revenue":21586.77490234375,"share_pct":17.299999237060547},{"period":"2025-05","brand_revenue":3256.0000610351562,"category_revenue":15132.874755859375,"share_pct":21.5},{"period":"2025-06","brand_revenue":3898.9999389648438,"category_revenue":20116.99951171875,"share_pct":19.399999618530273},{"period":"2025-07","brand_revenue":1308.0000305175781,"category_revenue":16304.07470703125,"share_pct":8.0},{"period":"2025-08","brand_revenue":223.99999618530273,"category_revenue":18957.750244140625,"share_pct":1.2000000476837158},{"period":"2025-09","brand_revenue":167.99999237060547,"category_revenue":19922.774658203125,"share_pct":0.800000011920929},{"period":"2025-10","brand_revenue":143.99999618530273,"category_revenue":21978.7255859375,"share_pct":0.699999988079071},{"period":"2025-11","brand_revenue":70.0,"category_revenue":21050.10009765625,"share_pct":0.30000001192092896},{"period":"2025-12","brand_revenue":0.0,"category_revenue":19579.324951171875,"share_pct":0.0},{"period":"2026-01","brand_revenue":0.0,"category_revenue":18872.900390625,"share_pct":0.0}],"CONCENTRATE":[{"period":"2024-01","brand_revenue":0.0,"category_revenue":351129.609375,"share_pct":0.0},{"period":"2024-02","brand_revenue":0.0,"category_revenue":371224.4921875,"share_pct":0.0},{"period":"2024-03","brand_revenue":0.0,"category_revenue":375964.296875,"share_pct":0.0},{"period":"2024-04","brand_revenue":0.0,"category_revenue":352745.859375,"share_pct":0.0},{"period":"2024-05","brand_revenue":0.0,"category_revenue":346027.5,"share_pct":0.0},{"period":"2024-06","brand_revenue":0.0,"category_revenue":310723.3984375,"share_pct":0.0},{"period":"2024-07","brand_revenue":0.0,"category_revenue":336220.078125,"share_pct":0.0},{"period":"2024-08","brand_revenue":1817.8750610351562,"category_revenue":324004.04296875,"share_pct":0.6000000238418579},{"period":"2024-09","brand_revenue":2315.6500244140625,"category_revenue":326834.1796875,"share_pct":0.699999988079071},{"period":"2024-10","brand_revenue":0.0,"category_revenue":324500.859375,"share_pct":0.0},{"period":"2024-11","brand_revenue":0.0,"category_revenue":351240.0390625,"share_pct":0.0},{"period":"2024-12","brand_revenue":0.0,"category_revenue":324145.4296875,"share_pct":0.0},{"period":"2025-01","brand_revenue":0.0,"category_revenue":325749.19921875,"share_pct":0.0},{"period":"2025-02","brand_revenue":0.0,"category_revenue":300499.0234375,"share_pct":0.0},{"period":"2025-03","brand_revenue":0.0,"category_revenue":298171.5234375,"share_pct":0.0},{"period":"2025-04","brand_revenue":0.0,"category_revenue":343355.625,"share_pct":0.0},{"period":"2025-05","brand_revenue":0.0,"category_revenue":288836.62109375,"share_pct":0.0},{"period":"2025-06","brand_revenue":0.0,"category_revenue":280928.33984375,"share_pct":0.0},{"period":"2025-07","brand_revenue":0.0,"category_revenue":283604.1796875,"share_pct":0.0},{"period":"2025-08","brand_revenue":0.0,"category_revenue":274773.76953125,"share_pct":0.0},{"period":"2025-09","brand_revenue":0.0,"category_revenue":264599.19921875,"share_pct":0.0},{"period":"2025-10","brand_revenue":0.0,"category_revenue":277515.46875,"share_pct":0.0},{"period":"2025-11","brand_revenue":0.0,"category_revenue":295773.3203125,"share_pct":0.0},{"period":"2025-12","brand_revenue":0.0,"category_revenue":267042.05078125,"share_pct":0.0},{"period":"2026-01","brand_revenue":0.0,"category_revenue":270749.70703125,"share_pct":0.0}]},"velocity_by_category":[{"category":"INFUSED PRE ROLL","brand_units_per_day":48.98,"category_avg_units_per_day":25.62,"velocity_index":191.1,"brand_rev_per_unit":13.78,"category_rev_per_unit":16.9,"brands_in_category":25},{"category":"INFUSED PACK","brand_units_per_day":16.74,"category_avg_units_per_day":26.26,"velocity_index":63.7,"brand_rev_per_unit":25.1,"category_rev_per_unit":27.52,"brands_in_category":12},{"category":"SYRINGE","brand_units_per_day":3.88,"category_avg_units_per_day":6.3,"velocity_index":61.6,"brand_rev_per_unit":26.68,"category_rev_per_unit":19.46,"brands_in_category":4},{"category":"PRE ROLL","brand_units_per_day":14.98,"category_avg_units_per_day":42.38,"velocity_index":35.3,"brand_rev_per_unit":8.56,"category_rev_per_unit":7.54,"brands_in_category":46},{"category":"CONCENTRATE","brand_units_per_day":0.24,"category_avg_units_per_day":15.38,"velocity_index":1.5,"brand_rev_per_unit":18.37,"category_rev_per_unit":19.88,"brands_in_category":27}],"store_gaps":[{"store":"Elevation Oasis","category":"CONCENTRATE","category_revenue_at_store":2308119.6875,"opportunity":"Category not carried at this store"},{"store":"Elevation Mesa","category":"CONCENTRATE","category_revenue_at_store":1408659.375,"opportunity":"Category not carried at this store"},{"store":"Elevation Boulevard","category":"CONCENTRATE","category_revenue_at_store":996761.09375,"opportunity":"Category not carried at this store"},{"store":"Elevation Parkway","category":"CONCENTRATE","category_revenue_at_store":449521.640625,"opportunity":"Category not carried at this store"},{"store":"Elevation Downtown","category":"PRE ROLL","category_revenue_at_store":196139.1015625,"opportunity":"Category not carried at this store"},{"store":"Elevation Downtown","category":"CONCENTRATE","category_revenue_at_store":53170.9033203125,"opportunity":"Category not carried at this store"}],"product_mix":{"top":[{"product":"1:1 CBD/THC INDICA RSO - CANNAVATIVE","units":1748,"revenue":58272.7978515625,"cost":29497.5,"profit":28775.30029296875,"stores":6,"transactions":1206,"margin":49.400001525878906},{"product":"DURBAN POISON PRE ROLL - CANNAVATIVE","units":4518,"revenue":49859.19921875,"cost":19766.25,"profit":30092.94921875,"stores":6,"transactions":3620,"margin":60.400001525878906},{"product":"1:1 CBD/THC SATIVA RSO - CANNAVATIVE","units":1212,"revenue":40444.74853515625,"cost":20452.5,"profit":19992.249755859375,"stores":6,"transactions":946,"margin":49.400001525878906},{"product":"STRAWBERRY CRUNCH MINI MOTIVATOR 3 PK - CANNAVATIVE","units":1262,"revenue":39996.72607421875,"cost":21296.25,"profit":18700.474853515625,"stores":6,"transactions":1102,"margin":46.79999923706055},{"product":"DURBAN POISON MOTIVATOR PRE ROLL - CANNAVATIVE","units":1878,"revenue":36473.47412109375,"cost":21100.0,"profit":15373.475341796875,"stores":6,"transactions":1366,"margin":42.099998474121094},{"product":"KLONDIKE BERRIES MINI MOTIVATOR 3 PK - CANNAVATIVE","units":1062,"revenue":33359.22607421875,"cost":17921.25,"profit":15437.974853515625,"stores":6,"transactions":892,"margin":46.29999923706055},{"product":"VADER OG MOTIVATOR PRE ROLL - CANNAVATIVE","units":1704,"revenue":32859.52392578125,"cost":19170.0,"profit":13689.525146484375,"stores":6,"transactions":1134,"margin":41.70000076293945},{"product":"VADER OG MINI MOTIVATOR 3 PK - CANNAVATIVE","units":1000,"revenue":30269.72412109375,"cost":16875.0,"profit":13394.725341796875,"stores":5,"transactions":812,"margin":44.29999923706055},{"product":"HAWAIIAN SUNDAE MOTIVATOR PRE ROLL - CANNAVATIVE","units":1608,"revenue":29705.70068359375,"cost":18090.0,"profit":11615.699462890625,"stores":6,"transactions":1000,"margin":39.099998474121094},{"product":"GUSH GLUE MINI MOTIVATOR 3 PK - CANNAVATIVE","units":838,"revenue":27102.67578125,"cost":14141.25,"profit":12961.424560546875,"stores":6,"transactions":754,"margin":47.79999923706055},{"product":"GG#4 MOTIVATOR PRE ROLL - CANNAVATIVE","units":1170,"revenue":23185.6494140625,"cost":13162.5,"profit":10023.150024414062,"stores":5,"transactions":678,"margin":43.20000076293945},{"product":"SALTED CARAMEL GELATO MINI MOTIVATOR 3 PK - CANNAVATIVE","units":728,"revenue":22440.27587890625,"cost":12285.0,"profit":10155.274658203125,"stores":6,"transactions":632,"margin":45.29999923706055},{"product":"BLUEBERRY JUICE BOX MINI MOTIVATOR 3 PK - CANNAVATIVE","units":672,"revenue":22040.94970703125,"cost":11340.0,"profit":10700.94970703125,"stores":5,"transactions":590,"margin":48.599998474121094},{"product":"BREAKFAST CEREAL MINI MOTIVATOR 3 PK - CANNAVATIVE","units":666,"revenue":20898.75,"cost":11238.75,"profit":9660.0,"stores":5,"transactions":588,"margin":46.20000076293945},{"product":"MANGO MINTALITY MOTIVATOR PRE ROLL - CANNAVATIVE","units":1024,"revenue":19705.799560546875,"cost":11520.0,"profit":8185.8001708984375,"stores":6,"transactions":772,"margin":41.5},{"product":"INCREDIBLE PULP PRE ROLL - CANNAVATIVE","units":1774,"revenue":19695.0,"cost":8111.25,"profit":11583.75,"stores":6,"transactions":1352,"margin":58.79999923706055},{"product":"GUSH GLUE MOTIVATOR PRE ROLL - CANNAVATIVE","units":1026,"revenue":19101.2744140625,"cost":11542.5,"profit":7558.7750244140625,"stores":6,"transactions":786,"margin":39.599998474121094},{"product":"GREEN FLAG MOTIVATOR PRE ROLL - CANNAVATIVE","units":990,"revenue":18857.125244140625,"cost":11137.5,"profit":7719.625244140625,"stores":5,"transactions":764,"margin":40.900001525878906},{"product":"CROSTATA MOTIVATOR PRE ROLL - CANNAVATIVE","units":1050,"revenue":18587.650146484375,"cost":11792.5,"profit":6795.150146484375,"stores":7,"transactions":820,"margin":36.599998474121094},{"product":"GREEN FLAG MINI MOTIVATOR 3 PK - CANNAVATIVE","units":612,"revenue":18450.999755859375,"cost":10327.5,"profit":8123.499755859375,"stores":4,"transactions":432,"margin":44.0}],"bottom":[{"product":"SAVANNA SUNSET MINI MOTIVATOR PRE ROLL - CANNAVATIVE","units":80,"revenue":1079.000015258789,"cost":500.0,"profit":579.0000152587891,"stores":1,"transactions":64,"margin":53.70000076293945},{"product":"JACK AND CAKE MINI MOTIVATOR PRE ROLL - CANNAVATIVE","units":80,"revenue":1044.000015258789,"cost":500.0,"profit":544.0000152587891,"stores":1,"transactions":58,"margin":52.099998474121094},{"product":"PEACH CRESCENDO MINI MOTIVATOR PRE ROLL 0.5G - CANNAVATIVE","units":66,"revenue":903.8749694824219,"cost":412.5,"profit":491.37500762939453,"stores":1,"transactions":60,"margin":54.400001525878906},{"product":"PURPLE CRISP MOTIVATOR PRE ROLL - CANNAVATIVE","units":46,"revenue":902.6249694824219,"cost":517.5,"profit":385.12500762939453,"stores":1,"transactions":40,"margin":42.70000076293945},{"product":"VADER OG MINI MOTIVATOR - CANNAVATIVE","units":60,"revenue":825.3250122070312,"cost":375.0,"profit":450.32501220703125,"stores":2,"transactions":54,"margin":54.599998474121094},{"product":"MIAMI ALIEN MOTIVATOR PRE ROLL - CANNAVATIVE","units":26,"revenue":519.7999954223633,"cost":292.5,"profit":227.29999542236328,"stores":1,"transactions":22,"margin":43.70000076293945},{"product":"POP ROCKZ MINI MOTIVATOR 3 PK - CANNAVATIVE","units":6,"revenue":177.5,"cost":101.25,"profit":76.25,"stores":1,"transactions":6,"margin":43.0},{"product":"MTF MINI MOTIVATOR PRE ROLL - CANNAVATIVE","units":10,"revenue":121.00000381469727,"cost":62.5,"profit":58.499999046325684,"stores":1,"transactions":10,"margin":48.29999923706055},{"product":"MIDNIGHT SNAX MOTIVATOR PRE ROLL 1G - CANNAVATIVE","units":4,"revenue":105.0,"cost":45.0,"profit":60.0,"stores":2,"transactions":4,"margin":57.099998474121094},{"product":"SUPER LEMON OG PRE ROLL 1G - CANNAVATIVE","units":8,"revenue":80.0,"cost":30.0,"profit":50.0,"stores":1,"transactions":8,"margin":62.5}],"expansion":[{"product":"1:1 CBD/THC INDICA RSO - CANNAVATIVE","current_stores":6,"total_stores":7,"missing_stores":["Elevation Downtown"],"revenue":58272.7978515625},{"product":"DURBAN POISON PRE ROLL - CANNAVATIVE","current_stores":6,"total_stores":7,"missing_stores":["Elevation Downtown"],"revenue":49859.19921875},{"product":"1:1 CBD/THC SATIVA RSO - CANNAVATIVE","current_stores":6,"total_stores":7,"missing_stores":["Elevation Downtown"],"revenue":40444.74853515625},{"product":"STRAWBERRY CRUNCH MINI MOTIVATOR 3 PK - CANNAVATIVE","current_stores":6,"total_stores":7,"missing_stores":["Elevation Downtown"],"revenue":39996.72607421875},{"product":"DURBAN POISON MOTIVATOR PRE ROLL - CANNAVATIVE","current_stores":6,"total_stores":7,"missing_stores":["Elevation Downtown"],"revenue":36473.47412109375},{"product":"KLONDIKE BERRIES MINI MOTIVATOR 3 PK - CANNAVATIVE","current_stores":6,"total_stores":7,"missing_stores":["Elevation Downtown"],"revenue":33359.22607421875},{"product":"VADER OG MOTIVATOR PRE ROLL - CANNAVATIVE","current_stores":6,"total_stores":7,"missing_stores":["Elevation Downtown"],"revenue":32859.52392578125},{"product":"VADER OG MINI MOTIVATOR 3 PK - CANNAVATIVE","current_stores":5,"total_stores":7,"missing_stores":["Elevation Downtown","Elevation Boulevard"],"revenue":30269.72412109375},{"product":"HAWAIIAN SUNDAE MOTIVATOR PRE ROLL - CANNAVATIVE","current_stores":6,"total_stores":7,"missing_stores":["Elevation Downtown"],"revenue":29705.70068359375},{"product":"GUSH GLUE MINI MOTIVATOR 3 PK - CANNAVATIVE","current_stores":6,"total_stores":7,"missing_stores":["Elevation Downtown"],"revenue":27102.67578125}]},"pricing_consistency":[{"product":"KLONDIKE BERRIES MOTIVATOR PRE ROLL - CANNAVATIVE","min_price":29.982500076293945,"max_price":44.102774726019966,"avg_price":35.45198640820709,"std_dev":1.9401352437341048,"store_count":12,"price_range":14.120274649726019,"range_pct":39.8},{"product":"MANGO MINTALITY MOTIVATOR PRE ROLL - CANNAVATIVE","min_price":34.06132248212706,"max_price":47.833332485622826,"avg_price":39.09730971996096,"std_dev":2.04428562472895,"store_count":12,"price_range":13.772010003495762,"range_pct":35.2},{"product":"LECHUGA DULCE MINI MOTIVATOR PRE ROLL - CANNAVATIVE","min_price":18.0,"max_price":26.151901438266417,"avg_price":24.045522454190248,"std_dev":1.20883293590998,"store_count":12,"price_range":8.151901438266417,"range_pct":33.9},{"product":"HAWAIIAN WIDOW MINI MOTIVATOR PRE ROLL - CANNAVATIVE","min_price":20.632911392405063,"max_price":28.950000762939453,"avg_price":24.78777390768466,"std_dev":1.1562288297830448,"store_count":12,"price_range":8.317089370534392,"range_pct":33.6},{"product":"GELATO TAFFY MOTIVATOR PRE ROLL - CANNAVATIVE","min_price":30.648978097098215,"max_price":42.344913805945446,"avg_price":35.582146460593286,"std_dev":1.6164935775135036,"store_count":12,"price_range":11.69593570884723,"range_pct":32.9},{"product":"PUFF BERRIES MOTIVATOR PRE ROLL - CANNAVATIVE","min_price":29.985624313354492,"max_price":41.54209739283512,"avg_price":36.874544071730874,"std_dev":1.8098002291775086,"store_count":10,"price_range":11.556473079480622,"range_pct":31.3},{"product":"STICKY FINGERS MOTIVATOR PRE ROLL - CANNAVATIVE","min_price":30.785001482282368,"max_price":41.76943461100261,"avg_price":35.994140438403775,"std_dev":1.6418983979210782,"store_count":10,"price_range":10.984433128720239,"range_pct":30.5},{"product":"STRAWBERRY CRUNCH MOTIVATOR PRE ROLL - CANNAVATIVE","min_price":31.204999923706055,"max_price":41.07143293108259,"avg_price":34.27543149694975,"std_dev":1.5347220428312136,"store_count":12,"price_range":9.86643300737654,"range_pct":28.8},{"product":"LECHUGA DULCE MOTIVATOR PRE ROLL - CANNAVATIVE","min_price":30.412162574561865,"max_price":40.73999786376953,"avg_price":35.910105028890165,"std_dev":1.752264420109398,"store_count":8,"price_range":10.32783528920767,"range_pct":28.8},{"product":"MTF MOTIVATOR PRE ROLL - CANNAVATIVE","min_price":34.48854064941406,"max_price":46.05000166459517,"avg_price":40.22202173550954,"std_dev":2.062112865189656,"store_count":10,"price_range":11.561461015181106,"range_pct":28.7},{"product":"SPACE CADET MINI MOTIVATOR 3 PK - CANNAVATIVE","min_price":49.66072082519531,"max_price":66.31250108991351,"avg_price":58.77943987987755,"std_dev":2.4161783688974072,"store_count":10,"price_range":16.651780264718195,"range_pct":28.3},{"product":"PEACH CRESCENDO MOTIVATOR PRE ROLL - CANNAVATIVE","min_price":39.98484756007339,"max_price":52.5,"avg_price":44.566179636064895,"std_dev":2.759322915187696,"store_count":6,"price_range":12.515152439926611,"range_pct":28.1},{"product":"DURBAN POISON MINI MOTIVATOR 3 PK - CANNAVATIVE","min_price":57.662498474121094,"max_price":75.5625,"avg_price":65.29276852185214,"std_dev":2.9501136863308286,"store_count":10,"price_range":17.900001525878906,"range_pct":27.4},{"product":"1:1 CBD/THC SATIVA RSO - CANNAVATIVE","min_price":56.134329269181436,"max_price":73.73269900760135,"avg_price":64.99014803085892,"std_dev":2.3784116405789217,"store_count":12,"price_range":17.59836973841992,"range_pct":27.1},{"product":"MURPHYS LAW MOTIVATOR PRE ROLL - CANNAVATIVE","min_price":31.133785763302363,"max_price":39.93030739896125,"avg_price":33.562759374932455,"std_dev":1.27659503049277,"store_count":12,"price_range":8.79652163565888,"range_pct":26.2},{"product":"POP ROCKZ MOTIVATOR PRE ROLL - CANNAVATIVE","min_price":32.512497901916504,"max_price":42.390115427416426,"avg_price":37.87122278633836,"std_dev":1.8142383610882091,"store_count":10,"price_range":9.87761752549992,"range_pct":26.1},{"product":"GG#4 MOTIVATOR PRE ROLL - CANNAVATIVE","min_price":35.270227605646305,"max_price":45.759027269151474,"avg_price":40.51722413360903,"std_dev":1.5357610203877925,"store_count":10,"price_range":10.488799663505173,"range_pct":25.9},{"product":"OTTER POPZ PRE ROLL 1G - CANNAVATIVE","min_price":16.522726579145953,"max_price":21.447368421052634,"avg_price":18.98504750009929,"std_dev":1.3928990565308894,"store_count":4,"price_range":4.924641841906681,"range_pct":25.9},{"product":"JACK & CAKE MOTIVATOR PRE ROLL - CANNAVATIVE","min_price":37.437950042356924,"max_price":48.222223917643234,"avg_price":41.793609683042654,"std_dev":1.9340101785219823,"store_count":10,"price_range":10.784273875286306,"range_pct":25.8},{"product":"GUSH GLUE MOTIVATOR PRE ROLL - CANNAVATIVE","min_price":34.95739683812978,"max_price":44.4237298480535,"avg_price":37.6967634139847,"std_dev":1.419076668474267,"store_count":12,"price_range":9.466333009923718,"range_pct":25.1},{"product":"CROSTATA MOTIVATOR PRE ROLL - CANNAVATIVE","min_price":32.358332316080734,"max_price":41.164656014278016,"avg_price":35.35693777234424,"std_dev":1.1705561078204034,"store_count":14,"price_range":8.806323698197286,"range_pct":24.9},{"product":"LORD PINEAPPLE MOTIVATOR PRE ROLL - CANNAVATIVE","min_price":28.86666713616787,"max_price":37.25937366485596,"avg_price":34.206925238567706,"std_dev":1.8562299665613948,"store_count":6,"price_range":8.392706528688088,"range_pct":24.5},{"product":"GELATO TAFFY MINI MOTIVATOR 3 PK - CANNAVATIVE","min_price":56.293880381482715,"max_price":71.82954268022017,"avg_price":63.91676698454559,"std_dev":2.2723859875533767,"store_count":10,"price_range":15.53566229873745,"range_pct":24.3},{"product":"DEUCES WILD MOTIVATOR PRE ROLL - CANNAVATIVE","min_price":28.112940171185663,"max_price":35.8310763635368,"avg_price":31.972008267361232,"std_dev":2.1830185758931235,"store_count":4,"price_range":7.718136192351137,"range_pct":24.1},{"product":"VADER OG MINI MOTIVATOR 3 PK - CANNAVATIVE","min_price":54.78961872604658,"max_price":69.41364080255683,"avg_price":60.62969836449568,"std_dev":2.2045526752999733,"store_count":10,"price_range":14.624022076510244,"range_pct":24.1},{"product":"HUMMINGBIRD CAKE MINI MOTIVATOR PRE ROLL - CANNAVATIVE","min_price":21.754238322629767,"max_price":27.605261551706413,"avg_price":24.750714238537228,"std_dev":0.7542692508350665,"store_count":12,"price_range":5.851023229076646,"range_pct":23.6},{"product":"SNOWTROOPER OG MINI MOTIVATOR PRE ROLL - CANNAVATIVE","min_price":22.561999511718753,"max_price":28.25999755859375,"avg_price":24.56013679702838,"std_dev":0.896056889341259,"store_count":10,"price_range":5.697998046874999,"range_pct":23.2},{"product":"SUPER LEMON OG MOTIVATOR PRE ROLL - CANNAVATIVE","min_price":37.45648136845341,"max_price":47.01930584293781,"avg_price":41.538521220696055,"std_dev":1.4051671291094274,"store_count":10,"price_range":9.5628244744844,"range_pct":23.0},{"product":"KLONDIKE BERRIES MINI MOTIVATOR 3 PK - CANNAVATIVE","min_price":55.862162092090706,"max_price":69.87812805175781,"avg_price":63.21499452912792,"std_dev":2.2754755805561513,"store_count":12,"price_range":14.015965959667103,"range_pct":22.2},{"product":"CRUNCH BERRIES MINI MOTIVATOR PRE ROLL - CANNAVATIVE","min_price":25.71428753080822,"max_price":31.958332061767578,"avg_price":28.244206734309124,"std_dev":1.3144599581068903,"store_count":6,"price_range":6.244044530959356,"range_pct":22.1}],"promotional_effectiveness":{"lift":{"fp_units_per_day":36.0,"disc_units_per_day":66.6,"lift_pct":85.0,"fp_avg_revenue_per_unit":47.625,"disc_avg_revenue_per_unit":34.975},"by_deal":[{"deal_name":"Industry - 30% Off","uses":3468,"revenue":165014.83721137047,"discounts":70846.41343533993,"units":10105.0,"cost":98658.49999904633,"margin":40.2,"discount_depth":60.0},{"deal_name":"Cannavative 1g Motivator 3 for $35","uses":811,"revenue":77804.97402012348,"discounts":61867.52597570419,"units":5334.0,"cost":60007.5,"margin":22.9,"discount_depth":88.6},{"deal_name":"Senior - 10% Off","uses":540,"revenue":43989.06199216843,"discounts":4948.437450528145,"units":1830.0,"cost":20565.999997854233,"margin":53.2,"discount_depth":20.2},{"deal_name":"30% Off Special","uses":433,"revenue":19100.250148773193,"discounts":8197.250145673752,"units":1050.0,"cost":11660.499992966652,"margin":39.0,"discount_depth":60.0},{"deal_name":"Cannavative IPR 3 for $40","uses":373,"revenue":39899.41271305084,"discounts":22950.587718486786,"units":2388.0,"cost":27057.5,"margin":32.2,"discount_depth":73.0},{"deal_name":"4/20 2025 - Flower / Infused","uses":362,"revenue":16492.67499923706,"discounts":16534.82500076294,"units":1272.0,"cost":14213.75,"margin":13.8,"discount_depth":100.2},{"deal_name":"Veterans - 10% Off","uses":361,"revenue":21349.874770641327,"discounts":2446.3749584555626,"units":958.0,"cost":10020.74999988079,"margin":53.1,"discount_depth":20.6},{"deal_name":"Cannavative 3pk Motivators 2 for $45","uses":318,"revenue":37439.950008392334,"discounts":14315.05000114441,"units":1336.0,"cost":22545.0,"margin":39.8,"discount_depth":55.4},{"deal_name":"Senior / Veterans - 20% Off","uses":243,"revenue":15949.749779701233,"discounts":4086.4999502897263,"units":831.0,"cost":8419.375,"margin":47.2,"discount_depth":40.8},{"deal_name":"4/20 50% Off!!!!","uses":218,"revenue":9645.0,"discounts":9645.0,"units":722.0,"cost":8102.5,"margin":16.0,"discount_depth":100.0},{"deal_name":"Jackpot - Locals 30% Off","uses":214,"revenue":9850.874971151352,"discounts":4250.375061631203,"units":568.0,"cost":5865.0,"margin":40.5,"discount_depth":60.2},{"deal_name":"Cannavative Motivator 3pk 3 for $60","uses":196,"revenue":30519.49999809265,"discounts":16639.25000190735,"units":1217.0,"cost":20536.875,"margin":32.7,"discount_depth":70.6},{"deal_name":"Industry 30% Off","uses":177,"revenue":10338.575013875961,"discounts":4597.675052881241,"units":573.0,"cost":6435.0,"margin":37.8,"discount_depth":61.6},{"deal_name":"Cannavative BOGO IPR","uses":172,"revenue":12994.60009098053,"discounts":12835.399899482727,"units":984.0,"cost":11070.0,"margin":14.8,"discount_depth":99.4},{"deal_name":"50% Off IPR  / PR Packs","uses":146,"revenue":6351.25,"discounts":6351.25,"units":512.0,"cost":5437.5,"margin":14.4,"discount_depth":100.0},{"deal_name":"LVAC - 25% Off","uses":132,"revenue":4179.375,"discounts":1393.125,"units":298.0,"cost":2325.0,"margin":44.4,"discount_depth":50.0},{"deal_name":"Cannavative 1g Motivator 3 for $50","uses":105,"revenue":14110.58738231659,"discounts":3684.4124364852905,"units":676.0,"cost":7632.5,"margin":45.9,"discount_depth":41.4},{"deal_name":"Cannavative / Resin8 / Packspods / LP Exotics - 30% Off","uses":86,"revenue":4644.500031471252,"discounts":1990.500032901764,"units":242.0,"cost":2860.0,"margin":38.4,"discount_depth":60.0},{"deal_name":"Cannavative IPR BOGO ( 3pk / 1g / 0.5g)","uses":62,"revenue":4341.85004234314,"discounts":4338.14995765686,"units":296.0,"cost":3742.5,"margin":13.8,"discount_depth":100.0},{"deal_name":"Cannavative IPR 3 for $35","uses":59,"revenue":5946.599941253662,"discounts":4763.400058746338,"units":408.0,"cost":4590.0,"margin":22.8,"discount_depth":89.0}]},"growth_opportunities":[{"type":"sku_expansion","title":"Add '1:1 CBD/THC INDICA RSO - CANNAVATIVE' to 1 more store(s)","detail":"Carried in 6 stores. Missing from: Elevation Downtown","priority":"medium"},{"type":"sku_expansion","title":"Add '1:1 CBD/THC SATIVA RSO - CANNAVATIVE' to 1 more store(s)","detail":"Carried in 6 stores. Missing from: Elevation Downtown","priority":"medium"},{"type":"sku_expansion","title":"Add 'BLUE BIRD MOTIVATOR PRE ROLL - CANNAVATIVE' to 5 more store(s)","detail":"Carried in 2 stores. Missing from: Elevation Springs, Elevation Mesa, Elevation Downtown, Elevation Boulevard, Elevation Parkway","priority":"medium"},{"type":"sku_expansion","title":"Add 'BLUE YETI MINI MOTIVATOR 3 PK - CANNAVATIVE' to 4 more store(s)","detail":"Carried in 3 stores. Missing from: Elevation Springs, Elevation Downtown, Elevation Boulevard, Elevation Parkway","priority":"medium"},{"type":"sku_expansion","title":"Add 'BLUEBERRY JUICE BOX MINI MOTIVATOR 3 PK - CANNAVATIVE' to 2 more store(s)","detail":"Carried in 5 stores. Missing from: Elevation Downtown, Elevation Midtown","priority":"medium"},{"type":"velocity","title":"Improve velocity in INFUSED PACK","detail":"Velocity index 64 (below category average). 8.4 units/day vs 13.1 avg.","priority":"medium"},{"type":"velocity","title":"Improve velocity in SYRINGE","detail":"Velocity index 62 (below category average). 1.9 units/day vs 3.1 avg.","priority":"medium"},{"type":"velocity","title":"Improve velocity in PRE ROLL","detail":"Velocity index 35 (below category average). 7.5 units/day vs 21.2 avg.","priority":"medium"},{"type":"velocity","title":"Improve velocity in CONCENTRATE","detail":"Velocity index 2 (below category average). 0.1 units/day vs 7.7 avg.","priority":"medium"}],"trend":[{"period":"2024-01","revenue":103381.748046875,"cost":54674.501953125,"margin":47.1,"units":4906,"transactions":2994,"profit":48707.2509765625,"revenue_change_pct":null,"units_change_pct":null,"margin_change_pts":null},{"period":"2024-02","revenue":118332.9296875,"cost":62459.501953125,"margin":47.2,"units":5636,"transactions":3438,"profit":55873.4228515625,"revenue_change_pct":14.5,"units_change_pct":14.9,"margin_change_pts":0.1},{"period":"2024-03","revenue":88169.8046875,"cost":45017.5,"margin":48.9,"units":4178,"transactions":2970,"profit":43152.2998046875,"revenue_change_pct":-25.5,"units_change_pct":-25.9,"margin_change_pts":1.7},{"period":"2024-04","revenue":58708.5498046875,"cost":33175.0,"margin":43.5,"units":3336,"transactions":2316,"profit":25533.5498046875,"revenue_change_pct":-33.4,"units_change_pct":-20.2,"margin_change_pts":-5.5},{"period":"2024-05","revenue":65596.0986328125,"cost":32882.5,"margin":49.9,"units":3448,"transactions":2390,"profit":32713.60107421875,"revenue_change_pct":11.7,"units_change_pct":3.4,"margin_change_pts":6.4},{"period":"2024-06","revenue":73814.19921875,"cost":40393.75,"margin":45.3,"units":4004,"transactions":2524,"profit":33420.44921875,"revenue_change_pct":12.5,"units_change_pct":16.1,"margin_change_pts":-4.6},{"period":"2024-07","revenue":54756.5771484375,"cost":30702.5,"margin":43.9,"units":2880,"transactions":1716,"profit":24054.07470703125,"revenue_change_pct":-25.8,"units_change_pct":-28.1,"margin_change_pts":-1.3},{"period":"2024-08","revenue":69466.5771484375,"cost":34800.0,"margin":49.9,"units":3146,"transactions":2046,"profit":34666.57470703125,"revenue_change_pct":26.9,"units_change_pct":9.2,"margin_change_pts":6.0},{"period":"2024-09","revenue":66442.32421875,"cost":37041.25,"margin":44.3,"units":3564,"transactions":2100,"profit":29401.07421875,"revenue_change_pct":-4.4,"units_change_pct":13.3,"margin_change_pts":-5.7},{"period":"2024-10","revenue":54685.17578125,"cost":30196.25,"margin":44.8,"units":3014,"transactions":1780,"profit":24488.92578125,"revenue_change_pct":-17.7,"units_change_pct":-15.4,"margin_change_pts":0.5},{"period":"2024-11","revenue":80116.5771484375,"cost":45900.0,"margin":42.7,"units":4682,"transactions":2812,"profit":34216.57470703125,"revenue_change_pct":46.5,"units_change_pct":55.3,"margin_change_pts":-2.1},{"period":"2024-12","revenue":82638.798828125,"cost":44805.0,"margin":45.8,"units":4808,"transactions":2850,"profit":37833.798828125,"revenue_change_pct":3.1,"units_change_pct":2.7,"margin_change_pts":3.1},{"period":"2025-01","revenue":68143.125,"cost":35007.5,"margin":48.6,"units":3104,"transactions":2164,"profit":33135.625,"revenue_change_pct":-17.5,"units_change_pct":-35.4,"margin_change_pts":2.8},{"period":"2025-02","revenue":57749.55078125,"cost":30896.25,"margin":46.5,"units":2758,"transactions":1872,"profit":26853.30078125,"revenue_change_pct":-15.3,"units_change_pct":-11.1,"margin_change_pts":-2.1},{"period":"2025-03","revenue":56384.0771484375,"cost":31198.75,"margin":44.7,"units":2704,"transactions":1760,"profit":25185.32470703125,"revenue_change_pct":-2.4,"units_change_pct":-2.0,"margin_change_pts":-1.8},{"period":"2025-04","revenue":57039.0478515625,"cost":37593.75,"margin":34.1,"units":3278,"transactions":1882,"profit":19445.30029296875,"revenue_change_pct":1.2,"units_change_pct":21.2,"margin_change_pts":-10.6},{"period":"2025-05","revenue":42944.5263671875,"cost":22975.0,"margin":46.5,"units":1994,"transactions":1174,"profit":19969.525146484375,"revenue_change_pct":-24.7,"units_change_pct":-39.2,"margin_change_pts":12.4},{"period":"2025-06","revenue":29810.8740234375,"cost":14617.5,"margin":51.0,"units":1280,"transactions":842,"profit":15193.375244140625,"revenue_change_pct":-30.6,"units_change_pct":-35.8,"margin_change_pts":4.5},{"period":"2025-07","revenue":22421.42578125,"cost":12026.25,"margin":46.4,"units":1058,"transactions":790,"profit":10395.174560546875,"revenue_change_pct":-24.8,"units_change_pct":-17.3,"margin_change_pts":-4.6},{"period":"2025-08","revenue":9404.05029296875,"cost":5078.75,"margin":46.0,"units":420,"transactions":322,"profit":4325.299987792969,"revenue_change_pct":-58.1,"units_change_pct":-60.3,"margin_change_pts":-0.4},{"period":"2025-09","revenue":4929.5001220703125,"cost":3105.0,"margin":37.0,"units":234,"transactions":178,"profit":1824.4999694824219,"revenue_change_pct":-47.6,"units_change_pct":-44.3,"margin_change_pts":-9.0},{"period":"2025-10","revenue":1641.0000610351562,"cost":1136.25,"margin":30.8,"units":86,"transactions":78,"profit":504.74998474121094,"revenue_change_pct":-66.7,"units_change_pct":-63.2,"margin_change_pts":-6.3},{"period":"2025-11","revenue":1414.1000366210938,"cost":1226.25,"margin":13.3,"units":108,"transactions":90,"profit":187.8499984741211,"revenue_change_pct":-13.8,"units_change_pct":25.6,"margin_change_pts":-17.5}]}