{"brand":"CANNAVATIVE","date_range":"2024-01-01 00:00:00 to 2026-01-31 00:00:00","period_label":"All Time","summary":{"total_units":64626,"total_revenue":1267990.546875,"total_cost":686908.984375,"total_discounts":356523.125,"total_profit":581081.640625,"overall_margin":45.79999923706055,"fp_margin":58.20000076293945,"disc_margin":37.29999923706055,"pct_full_price":40.79999923706055,"avg_discount_rate":21.899999618530273,"fp_revenue":517791.25,"disc_revenue":750199.375,"unique_customers":24464,"brand":"CANNAVATIVE","date_range":"2024-01-01 00:00:00 to 2026-01-31 00:00:00","months_count":46,"avg_monthly_cost":29865.6,"cost_per_unit":21.25,"primary_category":"INFUSED PRE ROLL","primary_cat_margin":47.29999923706055,"category_rank":4,"category_total":25,"margin_vs_category":-1.5,"velocity_rank":4},"category_breakdown":[{"category_clean":"INFUSED PRE ROLL","units":37318,"revenue":642910.078125,"cost":369071.25,"profit":273838.84765625,"discounts":221983.65234375,"margin":42.599998474121094,"category_avg_margin":47.29999923706055,"vs_category":-4.7,"rank":4.0,"total_brands":25.0},{"category_clean":"INFUSED PACK","units":12754,"revenue":400093.984375,"cost":215223.75,"profit":184870.25390625,"discounts":93935.99609375,"margin":46.20000076293945,"category_avg_margin":47.70000076293945,"vs_category":-1.5,"rank":5.0,"total_brands":12.0},{"category_clean":"PRE ROLL","units":11414,"revenue":122135.44921875,"cost":50638.9990234375,"profit":71496.4501953125,"discounts":20354.549560546875,"margin":58.5,"category_avg_margin":48.29999923706055,"vs_category":10.2,"rank":20.0,"total_brands":46.0},{"category_clean":"SYRINGE","units":2960,"revenue":98717.548828125,"cost":49950.0,"profit":48767.548828125,"discounts":19657.449951171875,"margin":49.400001525878906,"category_avg_margin":53.599998474121094,"vs_category":-4.2,"rank":2.0,"total_brands":4.0},{"category_clean":"CONCENTRATE","units":180,"revenue":4133.525085449219,"cost":2025.0,"profit":2108.524932861328,"discounts":591.4749908447266,"margin":51.0,"category_avg_margin":45.900001525878906,"vs_category":5.1,"rank":21.0,"total_brands":27.0}],"trend":[{"period":"2024-01","revenue":103381.748046875,"cost":54674.501953125,"margin":47.1,"units":4906,"transactions":2994,"profit":48707.2509765625,"revenue_change_pct":null,"units_change_pct":null,"margin_change_pts":null},{"period":"2024-02","revenue":118332.9296875,"cost":62459.501953125,"margin":47.2,"units":5636,"transactions":3438,"profit":55873.4228515625,"revenue_change_pct":14.5,"units_change_pct":14.9,"margin_change_pts":0.1},{"period":"2024-03","revenue":88169.8046875,"cost":45017.5,"margin":48.9,"units":4178,"transactions":2970,"profit":43152.2998046875,"revenue_change_pct":-25.5,"units_change_pct":-25.9,"margin_change_pts":1.7},{"period":"2024-04","revenue":58708.5498046875,"cost":33175.0,"margin":43.5,"units":3336,"transactions":2316,"profit":25533.5498046875,"revenue_change_pct":-33.4,"units_change_pct":-20.2,"margin_change_pts":-5.5},{"period":"2024-05","revenue":65596.0986328125,"cost":32882.5,"margin":49.9,"units":3448,"transactions":2390,"profit":32713.60107421875,"revenue_change_pct":11.7,"units_change_pct":3.4,"margin_change_pts":6.4},{"period":"2024-06","revenue":73814.19921875,"cost":40393.75,"margin":45.3,"units":4004,"transactions":2524,"profit":33420.44921875,"revenue_change_pct":12.5,"units_change_pct":16.1,"margin_change_pts":-4.6},{"period":"2024-07","revenue":54756.5771484375,"cost":30702.5,"margin":43.9,"units":2880,"transactions":1716,"profit":24054.07470703125,"revenue_change_pct":-25.8,"units_change_pct":-28.1,"margin_change_pts":-1.3},{"period":"2024-08","revenue":69466.5771484375,"cost":34800.0,"margin":49.9,"units":3146,"transactions":2046,"profit":34666.57470703125,"revenue_change_pct":26.9,"units_change_pct":9.2,"margin_change_pts":6.0},{"period":"2024-09","revenue":66442.32421875,"cost":37041.25,"margin":44.3,"units":3564,"transactions":2100,"profit":29401.07421875,"revenue_change_pct":-4.4,"units_change_pct":13.3,"margin_change_pts":-5.7},{"period":"2024-10","revenue":54685.17578125,"cost":30196.25,"margin":44.8,"units":3014,"transactions":1780,"profit":24488.92578125,"revenue_change_pct":-17.7,"units_change_pct":-15.4,"margin_change_pts":0.5},{"period":"2024-11","revenue":80116.5771484375,"cost":45900.0,"margin":42.7,"units":4682,"transactions":2812,"profit":34216.57470703125,"revenue_change_pct":46.5,"units_change_pct":55.3,"margin_change_pts":-2.1},{"period":"2024-12","revenue":82638.798828125,"cost":44805.0,"margin":45.8,"units":4808,"transactions":2850,"profit":37833.798828125,"revenue_change_pct":3.1,"units_change_pct":2.7,"margin_change_pts":3.1},{"period":"2025-01","revenue":68143.125,"cost":35007.5,"margin":48.6,"units":3104,"transactions":2164,"profit":33135.625,"revenue_change_pct":-17.5,"units_change_pct":-35.4,"margin_change_pts":2.8},{"period":"2025-02","revenue":57749.55078125,"cost":30896.25,"margin":46.5,"units":2758,"transactions":1872,"profit":26853.30078125,"revenue_change_pct":-15.3,"units_change_pct":-11.1,"margin_change_pts":-2.1},{"period":"2025-03","revenue":56384.0771484375,"cost":31198.75,"margin":44.7,"units":2704,"transactions":1760,"profit":25185.32470703125,"revenue_change_pct":-2.4,"units_change_pct":-2.0,"margin_change_pts":-1.8},{"period":"2025-04","revenue":57039.0478515625,"cost":37593.75,"margin":34.1,"units":3278,"transactions":1882,"profit":19445.30029296875,"revenue_change_pct":1.2,"units_change_pct":21.2,"margin_change_pts":-10.6},{"period":"2025-05","revenue":42944.5263671875,"cost":22975.0,"margin":46.5,"units":1994,"transactions":1174,"profit":19969.525146484375,"revenue_change_pct":-24.7,"units_change_pct":-39.2,"margin_change_pts":12.4},{"period":"2025-06","revenue":29810.8740234375,"cost":14617.5,"margin":51.0,"units":1280,"transactions":842,"profit":15193.375244140625,"revenue_change_pct":-30.6,"units_change_pct":-35.8,"margin_change_pts":4.5},{"period":"2025-07","revenue":22421.42578125,"cost":12026.25,"margin":46.4,"units":1058,"transactions":790,"profit":10395.174560546875,"revenue_change_pct":-24.8,"units_change_pct":-17.3,"margin_change_pts":-4.6},{"period":"2025-08","revenue":9404.05029296875,"cost":5078.75,"margin":46.0,"units":420,"transactions":322,"profit":4325.299987792969,"revenue_change_pct":-58.1,"units_change_pct":-60.3,"margin_change_pts":-0.4},{"period":"2025-09","revenue":4929.5001220703125,"cost":3105.0,"margin":37.0,"units":234,"transactions":178,"profit":1824.4999694824219,"revenue_change_pct":-47.6,"units_change_pct":-44.3,"margin_change_pts":-9.0},{"period":"2025-10","revenue":1641.0000610351562,"cost":1136.25,"margin":30.8,"units":86,"transactions":78,"profit":504.74998474121094,"revenue_change_pct":-66.7,"units_change_pct":-63.2,"margin_change_pts":-6.3},{"period":"2025-11","revenue":1414.1000366210938,"cost":1226.25,"margin":13.3,"units":108,"transactions":90,"profit":187.8499984741211,"revenue_change_pct":-13.8,"units_change_pct":25.6,"margin_change_pts":-17.5}],"share_of_category":[{"category":"INFUSED PRE ROLL","brand_revenue":642910.078125,"category_revenue":10308101.25,"revenue_share_pct":6.199999809265137,"brand_units":37318,"category_units":488074,"units_share_pct":7.6},{"category":"INFUSED PACK","brand_revenue":400093.984375,"category_revenue":8259010.0,"revenue_share_pct":4.800000190734863,"brand_units":12754,"category_units":240090,"units_share_pct":5.3},{"category":"PRE ROLL","brand_revenue":122135.44921875,"category_revenue":14009791.25,"revenue_share_pct":0.8999999761581421,"brand_units":11414,"category_units":1485736,"units_share_pct":0.8},{"category":"SYRINGE","brand_revenue":98717.548828125,"category_revenue":467399.2578125,"revenue_share_pct":21.100000381469727,"brand_units":2960,"category_units":19216,"units_share_pct":15.4},{"category":"CONCENTRATE","brand_revenue":4133.5247802734375,"category_revenue":7866357.5,"revenue_share_pct":0.10000000149011612,"brand_units":180,"category_units":316632,"units_share_pct":0.1}],"share_of_category_trend":{"INFUSED PRE ROLL":[{"period":"2024-01","brand_revenue":51587.2509765625,"category_revenue":410907.8515625,"share_pct":12.600000381469727},{"period":"2024-02","brand_revenue":55378.3740234375,"category_revenue":458711.484375,"share_pct":12.100000381469727},{"period":"2024-03","brand_revenue":37613.04931640625,"category_revenue":427464.375,"share_pct":8.800000190734863},{"period":"2024-04","brand_revenue":20707.77587890625,"category_revenue":428699.9609375,"share_pct":4.800000190734863},{"period":"2024-05","brand_revenue":28704.599609375,"category_revenue":501098.3203125,"share_pct":5.699999809265137},{"period":"2024-06","brand_revenue":33738.20068359375,"category_revenue":477320.78125,"share_pct":7.099999904632568},{"period":"2024-07","brand_revenue":28033.27392578125,"category_revenue":479382.109375,"share_pct":5.800000190734863},{"period":"2024-08","brand_revenue":39107.82470703125,"category_revenue":474359.1015625,"share_pct":8.199999809265137},{"period":"2024-09","brand_revenue":37198.04931640625,"category_revenue":424280.1171875,"share_pct":8.800000190734863},{"period":"2024-10","brand_revenue":26227.0751953125,"category_revenue":470840.6640625,"share_pct":5.599999904632568},{"period":"2024-11","brand_revenue":45061.69921875,"category_revenue":424285.1171875,"share_pct":10.600000381469727},{"period":"2024-12","brand_revenue":48178.1982421875,"category_revenue":432093.1640625,"share_pct":11.100000381469727},{"period":"2025-01","brand_revenue":36135.34912109375,"category_revenue":358002.890625,"share_pct":10.100000381469727},{"period":"2025-02","brand_revenue":28742.5,"category_revenue":325080.17578125,"share_pct":8.800000190734863},{"period":"2025-03","brand_revenue":31760.57373046875,"category_revenue":347380.078125,"share_pct":9.100000381469727},{"period":"2025-04","brand_revenue":34137.5,"category_revenue":401341.40625,"share_pct":8.5},{"period":"2025-05","brand_revenue":25653.02490234375,"category_revenue":378076.09375,"share_pct":6.800000190734863},{"period":"2025-06","brand_revenue":15304.87548828125,"category_revenue":354019.6484375,"share_pct":4.300000190734863},{"period":"2025-07","brand_revenue":9889.7998046875,"category_revenue":416008.203125,"share_pct":2.4000000953674316},{"period":"2025-08","brand_revenue":5054.750061035156,"category_revenue":425283.28125,"share_pct":1.2000000476837158},{"period":"2025-09","brand_revenue":2459.7500610351562,"category_revenue":378313.75,"share_pct":0.699999988079071},{"period":"2025-10","brand_revenue":892.5,"category_revenue":389168.3203125,"share_pct":0.20000000298023224},{"period":"2025-11","brand_revenue":1344.1000366210938,"category_revenue":390541.3671875,"share_pct":0.30000001192092896},{"period":"2025-12","brand_revenue":0.0,"category_revenue":392812.34375,"share_pct":0.0},{"period":"2026-01","brand_revenue":0.0,"category_revenue":342630.7421875,"share_pct":0.0}],"INFUSED PACK":[{"period":"2024-01","brand_revenue":35653.00048828125,"category_revenue":204601.875,"share_pct":17.399999618530273},{"period":"2024-02","brand_revenue":42004.150390625,"category_revenue":221156.7578125,"share_pct":19.0},{"period":"2024-03","brand_revenue":33089.72412109375,"category_revenue":257436.93359375,"share_pct":12.899999618530273},{"period":"2024-04","brand_revenue":21972.62451171875,"category_revenue":301537.3046875,"share_pct":7.300000190734863},{"period":"2024-05","brand_revenue":17240.74951171875,"category_revenue":301873.0078125,"share_pct":5.699999809265137},{"period":"2024-06","brand_revenue":21127.2509765625,"category_revenue":300488.6328125,"share_pct":7.0},{"period":"2024-07","brand_revenue":13353.399658203125,"category_revenue":303570.80078125,"share_pct":4.400000095367432},{"period":"2024-08","brand_revenue":16165.999755859375,"category_revenue":283995.625,"share_pct":5.699999809265137},{"period":"2024-09","brand_revenue":13737.125244140625,"category_revenue":331664.1796875,"share_pct":4.099999904632568},{"period":"2024-10","brand_revenue":16167.349853515625,"category_revenue":311486.1328125,"share_pct":5.199999809265137},{"period":"2024-11","brand_revenue":21952.8759765625,"category_revenue":306613.92578125,"share_pct":7.199999809265137},{"period":"2024-12","brand_revenue":16962.349853515625,"category_revenue":298008.41796875,"share_pct":5.699999809265137},{"period":"2025-01","brand_revenue":23528.00048828125,"category_revenue":269244.765625,"share_pct":8.699999809265137},{"period":"2025-02","brand_revenue":23931.6748046875,"category_revenue":309579.8046875,"share_pct":7.699999809265137},{"period":"2025-03","brand_revenue":21136.4990234375,"category_revenue":312908.80859375,"share_pct":6.800000190734863},{"period":"2025-04","brand_revenue":19173.5498046875,"category_revenue":389974.3359375,"share_pct":4.900000095367432},{"period":"2025-05","brand_revenue":14035.50048828125,"category_revenue":404824.9609375,"share_pct":3.5},{"period":"2025-06","brand_revenue":10606.99951171875,"category_revenue":383193.4765625,"share_pct":2.799999952316284},{"period":"2025-07","brand_revenue":11223.62548828125,"category_revenue":437456.640625,"share_pct":2.5999999046325684},{"period":"2025-08","brand_revenue":4125.299987792969,"category_revenue":391817.578125,"share_pct":1.100000023841858},{"period":"2025-09","brand_revenue":2301.750030517578,"category_revenue":367221.40625,"share_pct":0.6000000238418579},{"period":"2025-10","brand_revenue":604.5000076293945,"category_revenue":423332.109375,"share_pct":0.10000000149011612},{"period":"2025-11","brand_revenue":0.0,"category_revenue":395184.53125,"share_pct":0.0},{"period":"2025-12","brand_revenue":0.0,"category_revenue":387500.234375,"share_pct":0.0},{"period":"2026-01","brand_revenue":0.0,"category_revenue":364337.6171875,"share_pct":0.0}],"PRE ROLL":[{"period":"2024-01","brand_revenue":7744.5001220703125,"category_revenue":508338.515625,"share_pct":1.5},{"period":"2024-02","brand_revenue":12338.900146484375,"category_revenue":489393.671875,"share_pct":2.5},{"period":"2024-03","brand_revenue":10088.75,"category_revenue":520052.3828125,"share_pct":1.899999976158142},{"period":"2024-04","brand_revenue":11924.150390625,"category_revenue":491300.6640625,"share_pct":2.4000000953674316},{"period":"2024-05","brand_revenue":13538.75,"category_revenue":542202.890625,"share_pct":2.5},{"period":"2024-06","brand_revenue":13208.75,"category_revenue":507288.8671875,"share_pct":2.5999999046325684},{"period":"2024-07","brand_revenue":6571.400146484375,"category_revenue":524250.9765625,"share_pct":1.2999999523162842},{"period":"2024-08","brand_revenue":4986.25,"category_revenue":612518.7109375,"share_pct":0.800000011920929},{"period":"2024-09","brand_revenue":7040.0,"category_revenue":586543.0078125,"share_pct":1.2000000476837158},{"period":"2024-10","brand_revenue":8898.75,"category_revenue":641449.1796875,"share_pct":1.399999976158142},{"period":"2024-11","brand_revenue":8642.5,"category_revenue":579866.71875,"share_pct":1.5},{"period":"2024-12","brand_revenue":13526.25,"category_revenue":582999.5703125,"share_pct":2.299999952316284},{"period":"2025-01","brand_revenue":2095.0,"category_revenue":544095.3125,"share_pct":0.4000000059604645},{"period":"2025-02","brand_revenue":1531.4999389648438,"category_revenue":500875.5859375,"share_pct":0.30000001192092896},{"period":"2025-03","brand_revenue":0.0,"category_revenue":551422.0703125,"share_pct":0.0},{"period":"2025-04","brand_revenue":0.0,"category_revenue":568189.375,"share_pct":0.0},{"period":"2025-05","brand_revenue":0.0,"category_revenue":565516.875,"share_pct":0.0},{"period":"2025-06","brand_revenue":0.0,"category_revenue":560506.71875,"share_pct":0.0},{"period":"2025-07","brand_revenue":0.0,"category_revenue":600916.09375,"share_pct":0.0},{"period":"2025-08","brand_revenue":0.0,"category_revenue":620247.5,"share_pct":0.0},{"period":"2025-09","brand_revenue":0.0,"category_revenue":608971.09375,"share_pct":0.0},{"period":"2025-10","brand_revenue":0.0,"category_revenue":645293.1640625,"share_pct":0.0},{"period":"2025-11","brand_revenue":0.0,"category_revenue":581113.4765625,"share_pct":0.0},{"period":"2025-12","brand_revenue":0.0,"category_revenue":553088.5546875,"share_pct":0.0},{"period":"2026-01","brand_revenue":0.0,"category_revenue":523350.9375,"share_pct":0.0}],"SYRINGE":[{"period":"2024-01","brand_revenue":8397.000122070312,"category_revenue":14333.75,"share_pct":58.599998474121094},{"period":"2024-02","brand_revenue":8611.500244140625,"category_revenue":19846.624755859375,"share_pct":43.400001525878906},{"period":"2024-03","brand_revenue":7378.275146484375,"category_revenue":12633.7744140625,"share_pct":58.400001525878906},{"period":"2024-04","brand_revenue":4103.999938964844,"category_revenue":12415.625,"share_pct":33.099998474121094},{"period":"2024-05","brand_revenue":6112.0001220703125,"category_revenue":19492.249755859375,"share_pct":31.399999618530273},{"period":"2024-06","brand_revenue":5740.0,"category_revenue":12967.62451171875,"share_pct":44.29999923706055},{"period":"2024-07","brand_revenue":6798.499755859375,"category_revenue":20005.999755859375,"share_pct":34.0},{"period":"2024-08","brand_revenue":7388.6248779296875,"category_revenue":20173.074951171875,"share_pct":36.599998474121094},{"period":"2024-09","brand_revenue":6151.500244140625,"category_revenue":21770.12451171875,"share_pct":28.299999237060547},{"period":"2024-10","brand_revenue":3391.9998168945312,"category_revenue":17178.75,"share_pct":19.700000762939453},{"period":"2024-11","brand_revenue":4459.5001220703125,"category_revenue":21491.0009765625,"share_pct":20.799999237060547},{"period":"2024-12","brand_revenue":3972.0001220703125,"category_revenue":21944.7509765625,"share_pct":18.100000381469727},{"period":"2025-01","brand_revenue":6384.7747802734375,"category_revenue":22881.10107421875,"share_pct":27.899999618530273},{"period":"2025-02","brand_revenue":3543.8751220703125,"category_revenue":17829.87548828125,"share_pct":19.899999618530273},{"period":"2025-03","brand_revenue":3487.0001220703125,"category_revenue":18932.62451171875,"share_pct":18.399999618530273},{"period":"2025-04","brand_revenue":3727.9998779296875,"category_revenue":21586.77490234375,"share_pct":17.299999237060547},{"period":"2025-05","brand_revenue":3256.0000610351562,"category_revenue":15132.874755859375,"share_pct":21.5},{"period":"2025-06","brand_revenue":3898.9999389648438,"category_revenue":20116.99951171875,"share_pct":19.399999618530273},{"period":"2025-07","brand_revenue":1308.0000305175781,"category_revenue":16304.07470703125,"share_pct":8.0},{"period":"2025-08","brand_revenue":223.99999618530273,"category_revenue":18957.750244140625,"share_pct":1.2000000476837158},{"period":"2025-09","brand_revenue":167.99999237060547,"category_revenue":19922.774658203125,"share_pct":0.800000011920929},{"period":"2025-10","brand_revenue":143.99999618530273,"category_revenue":21978.7255859375,"share_pct":0.699999988079071},{"period":"2025-11","brand_revenue":70.0,"category_revenue":21050.10009765625,"share_pct":0.30000001192092896},{"period":"2025-12","brand_revenue":0.0,"category_revenue":19579.324951171875,"share_pct":0.0},{"period":"2026-01","brand_revenue":0.0,"category_revenue":18872.900390625,"share_pct":0.0}],"CONCENTRATE":[{"period":"2024-01","brand_revenue":0.0,"category_revenue":351129.609375,"share_pct":0.0},{"period":"2024-02","brand_revenue":0.0,"category_revenue":371224.4921875,"share_pct":0.0},{"period":"2024-03","brand_revenue":0.0,"category_revenue":375964.296875,"share_pct":0.0},{"period":"2024-04","brand_revenue":0.0,"category_revenue":352745.859375,"share_pct":0.0},{"period":"2024-05","brand_revenue":0.0,"category_revenue":346027.5,"share_pct":0.0},{"period":"2024-06","brand_revenue":0.0,"category_revenue":310723.3984375,"share_pct":0.0},{"period":"2024-07","brand_revenue":0.0,"category_revenue":336220.078125,"share_pct":0.0},{"period":"2024-08","brand_revenue":1817.8750610351562,"category_revenue":324004.04296875,"share_pct":0.6000000238418579},{"period":"2024-09","brand_revenue":2315.6500244140625,"category_revenue":326834.1796875,"share_pct":0.699999988079071},{"period":"2024-10","brand_revenue":0.0,"category_revenue":324500.859375,"share_pct":0.0},{"period":"2024-11","brand_revenue":0.0,"category_revenue":351240.0390625,"share_pct":0.0},{"period":"2024-12","brand_revenue":0.0,"category_revenue":324145.4296875,"share_pct":0.0},{"period":"2025-01","brand_revenue":0.0,"category_revenue":325749.19921875,"share_pct":0.0},{"period":"2025-02","brand_revenue":0.0,"category_revenue":300499.0234375,"share_pct":0.0},{"period":"2025-03","brand_revenue":0.0,"category_revenue":298171.5234375,"share_pct":0.0},{"period":"2025-04","brand_revenue":0.0,"category_revenue":343355.625,"share_pct":0.0},{"period":"2025-05","brand_revenue":0.0,"category_revenue":288836.62109375,"share_pct":0.0},{"period":"2025-06","brand_revenue":0.0,"category_revenue":280928.33984375,"share_pct":0.0},{"period":"2025-07","brand_revenue":0.0,"category_revenue":283604.1796875,"share_pct":0.0},{"period":"2025-08","brand_revenue":0.0,"category_revenue":274773.76953125,"share_pct":0.0},{"period":"2025-09","brand_revenue":0.0,"category_revenue":264599.19921875,"share_pct":0.0},{"period":"2025-10","brand_revenue":0.0,"category_revenue":277515.46875,"share_pct":0.0},{"period":"2025-11","brand_revenue":0.0,"category_revenue":295773.3203125,"share_pct":0.0},{"period":"2025-12","brand_revenue":0.0,"category_revenue":267042.05078125,"share_pct":0.0},{"period":"2026-01","brand_revenue":0.0,"category_revenue":270749.70703125,"share_pct":0.0}]},"discount_depth":[{"tier":"0% (Full Price)","transactions":18120,"pct_of_transactions":36.2,"revenue":517611.25,"avg_discount":0.0},{"tier":"1-10%","transactions":3062,"pct_of_transactions":6.1,"revenue":94419.140625,"avg_discount":19.799999237060547},{"tier":"11-20%","transactions":2688,"pct_of_transactions":5.4,"revenue":68446.4013671875,"avg_discount":34.79999923706055},{"tier":"21-30%","transactions":4758,"pct_of_transactions":9.5,"revenue":123721.171875,"avg_discount":54.599998474121094},{"tier":"31%+","transactions":10942,"pct_of_transactions":21.9,"revenue":240208.515625,"avg_discount":88.80000305175781}],"velocity":{"units_per_day":94.2,"revenue_per_day":1848.3749389648438,"avg_units_per_txn":3.14,"days_of_data":686,"total_units":64626,"total_transactions":41088},"velocity_by_category":[{"category":"INFUSED PRE ROLL","brand_units_per_day":48.98,"category_avg_units_per_day":25.62,"velocity_index":191.1,"brand_rev_per_unit":13.78,"category_rev_per_unit":16.9,"brands_in_category":25},{"category":"INFUSED PACK","brand_units_per_day":16.74,"category_avg_units_per_day":26.26,"velocity_index":63.7,"brand_rev_per_unit":25.1,"category_rev_per_unit":27.52,"brands_in_category":12},{"category":"SYRINGE","brand_units_per_day":3.88,"category_avg_units_per_day":6.3,"velocity_index":61.6,"brand_rev_per_unit":26.68,"category_rev_per_unit":19.46,"brands_in_category":4},{"category":"PRE ROLL","brand_units_per_day":14.98,"category_avg_units_per_day":42.38,"velocity_index":35.3,"brand_rev_per_unit":8.56,"category_rev_per_unit":7.54,"brands_in_category":46},{"category":"CONCENTRATE","brand_units_per_day":0.24,"category_avg_units_per_day":15.38,"velocity_index":1.5,"brand_rev_per_unit":18.37,"category_rev_per_unit":19.88,"brands_in_category":27}],"deals":[{"deal_name":"Industry - 30% Off","times_used":6936,"units":10105.0,"revenue":165014.83721137047,"discounts":70846.41343533993,"cost":98658.49999904633,"profit":66356.33656045422,"pre_discount_revenue":235861.25,"margin":40.2,"avg_discount":60.0},{"deal_name":"Cannavative 1g Motivator 3 for $35","times_used":1622,"units":5334.0,"revenue":77804.97402012348,"discounts":61867.52597570419,"cost":60007.5,"profit":17797.47539997101,"pre_discount_revenue":139672.5,"margin":22.9,"avg_discount":88.6},{"deal_name":"Senior - 10% Off","times_used":1080,"units":1830.0,"revenue":43989.06199216843,"discounts":4948.437450528145,"cost":20565.999997854233,"profit":23423.06233882904,"pre_discount_revenue":48937.5,"margin":53.2,"avg_discount":20.2},{"deal_name":"30% Off Special","times_used":866,"units":1050.0,"revenue":19100.250148773193,"discounts":8197.250145673752,"cost":11660.499992966652,"profit":7439.749866127968,"pre_discount_revenue":27297.5,"margin":39.0,"avg_discount":60.0},{"deal_name":"Cannavative IPR 3 for $40","times_used":746,"units":2388.0,"revenue":39899.41271305084,"discounts":22950.587718486786,"cost":27057.5,"profit":12841.912280991673,"pre_discount_revenue":62850.0,"margin":32.2,"avg_discount":73.0},{"deal_name":"4/20 2025 - Flower / Infused","times_used":724,"units":1272.0,"revenue":16492.67499923706,"discounts":16534.82500076294,"cost":14213.75,"profit":2278.92500013113,"pre_discount_revenue":33027.5,"margin":13.8,"avg_discount":100.2},{"deal_name":"Veterans - 10% Off","times_used":722,"units":958.0,"revenue":21349.874770641327,"discounts":2446.3749584555626,"cost":10020.74999988079,"profit":11329.124839901924,"pre_discount_revenue":23796.25,"margin":53.1,"avg_discount":20.6},{"deal_name":"Cannavative 3pk Motivators 2 for $45","times_used":636,"units":1336.0,"revenue":37439.950008392334,"discounts":14315.05000114441,"cost":22545.0,"profit":14894.94999885559,"pre_discount_revenue":51755.0,"margin":39.8,"avg_discount":55.4},{"deal_name":"Senior / Veterans - 20% Off","times_used":486,"units":831.0,"revenue":15949.749779701233,"discounts":4086.4999502897263,"cost":8419.375,"profit":7530.375089049339,"pre_discount_revenue":20036.25,"margin":47.2,"avg_discount":40.8},{"deal_name":"4/20 50% Off!!!!","times_used":436,"units":722.0,"revenue":9645.0,"discounts":9645.0,"cost":8102.5,"profit":1542.5,"pre_discount_revenue":19290.0,"margin":16.0,"avg_discount":100.0},{"deal_name":"Jackpot - Locals 30% Off","times_used":428,"units":568.0,"revenue":9850.874971151352,"discounts":4250.375061631203,"cost":5865.0,"profit":3985.8749391138554,"pre_discount_revenue":14101.25,"margin":40.5,"avg_discount":60.2},{"deal_name":"Cannavative Motivator 3pk 3 for $60","times_used":392,"units":1217.0,"revenue":30519.49999809265,"discounts":16639.25000190735,"cost":20536.875,"profit":9982.624998092651,"pre_discount_revenue":47158.75,"margin":32.7,"avg_discount":70.6},{"deal_name":"Industry 30% Off","times_used":354,"units":573.0,"revenue":10338.575013875961,"discounts":4597.675052881241,"cost":6435.0,"profit":3903.574938774109,"pre_discount_revenue":14936.25,"margin":37.8,"avg_discount":61.6},{"deal_name":"Cannavative BOGO IPR","times_used":344,"units":984.0,"revenue":12994.60009098053,"discounts":12835.399899482727,"cost":11070.0,"profit":1924.5999920368195,"pre_discount_revenue":25830.0,"margin":14.8,"avg_discount":99.4},{"deal_name":"50% Off IPR  / PR Packs","times_used":292,"units":512.0,"revenue":6351.25,"discounts":6351.25,"cost":5437.5,"profit":913.75,"pre_discount_revenue":12702.5,"margin":14.4,"avg_discount":100.0},{"deal_name":"LVAC - 25% Off","times_used":264,"units":298.0,"revenue":4179.375,"discounts":1393.125,"cost":2325.0,"profit":1854.375,"pre_discount_revenue":5572.5,"margin":44.4,"avg_discount":50.0},{"deal_name":"Cannavative 1g Motivator 3 for $50","times_used":210,"units":676.0,"revenue":14110.58738231659,"discounts":3684.4124364852905,"cost":7632.5,"profit":6478.0875635147095,"pre_discount_revenue":17795.0,"margin":45.9,"avg_discount":41.4},{"deal_name":"Cannavative / Resin8 / Packspods / LP Exotics - 30% Off","times_used":172,"units":242.0,"revenue":4644.500031471252,"discounts":1990.500032901764,"cost":2860.0,"profit":1784.499967098236,"pre_discount_revenue":6635.0,"margin":38.4,"avg_discount":60.0},{"deal_name":"Cannavative IPR BOGO ( 3pk / 1g / 0.5g)","times_used":124,"units":296.0,"revenue":4341.85004234314,"discounts":4338.14995765686,"cost":3742.5,"profit":599.3500155210495,"pre_discount_revenue":8680.0,"margin":13.8,"avg_discount":100.0},{"deal_name":"Cannavative IPR 3 for $35","times_used":118,"units":408.0,"revenue":5946.599941253662,"discounts":4763.400058746338,"cost":4590.0,"profit":1356.6000217199326,"pre_discount_revenue":10710.0,"margin":22.8,"avg_discount":89.0},{"deal_name":"Employee 30% - NOT FRIDAYS","times_used":82,"units":94.0,"revenue":1406.9999718666077,"discounts":603.0000078678131,"cost":841.25,"profit":565.7499921321869,"pre_discount_revenue":2010.0,"margin":40.2,"avg_discount":60.0},{"deal_name":"Cannavative Motivator 3pk 2 for $45","times_used":66,"units":144.0,"revenue":4050.0,"discounts":1530.0,"cost":2430.0,"profit":1620.0,"pre_discount_revenue":5580.0,"margin":40.0,"avg_discount":54.8},{"deal_name":"Cannavative / Dogwalkers/ Doinks IPR 3pk 2 for $55","times_used":56,"units":98.0,"revenue":3362.9249954223633,"discounts":434.57499980926514,"cost":1653.75,"profit":1709.1750001907349,"pre_discount_revenue":3797.5,"margin":50.8,"avg_discount":22.8},{"deal_name":"Cannavative 1g Motivator 4 for $50","times_used":54,"units":232.0,"revenue":3480.0,"discounts":2610.0,"cost":2610.0,"profit":870.0,"pre_discount_revenue":6090.0,"margin":25.0,"avg_discount":85.8},{"deal_name":"Cannavative IPR 3 for $50","times_used":46,"units":160.0,"revenue":3353.6999702453613,"discounts":846.3000297546387,"cost":1800.0,"profit":1553.6999702453613,"pre_discount_revenue":4200.0,"margin":46.3,"avg_discount":40.4},{"deal_name":"Employee - 40% OFF","times_used":46,"units":46.0,"revenue":724.5000147819519,"discounts":482.99999475479126,"cost":512.5,"profit":211.99999630451202,"pre_discount_revenue":1207.5,"margin":29.3,"avg_discount":80.0},{"deal_name":"30% Off Special!","times_used":38,"units":50.0,"revenue":918.7499856948853,"discounts":393.75000953674316,"cost":562.5,"profit":356.24999046325684,"pre_discount_revenue":1312.5,"margin":38.8,"avg_discount":60.0},{"deal_name":"40% Off Special","times_used":38,"units":40.0,"revenue":930.0000190734863,"discounts":619.9999809265137,"cost":675.0,"profit":254.99999523162842,"pre_discount_revenue":1550.0,"margin":27.4,"avg_discount":80.0},{"deal_name":"GW - 50% Off Topicals / Tinctures / RSO / Tablets","times_used":16,"units":28.0,"revenue":560.0,"discounts":560.0,"cost":472.5,"profit":87.5,"pre_discount_revenue":1120.0,"margin":15.6,"avg_discount":100.0},{"deal_name":"4/20 2025 - Vapes","times_used":12,"units":16.0,"revenue":336.25,"discounts":258.75,"cost":258.75,"profit":77.5,"pre_discount_revenue":595.0,"margin":23.0,"avg_discount":87.0},{"deal_name":"Veterans Day - 30% Off For Veterans!","times_used":8,"units":12.0,"revenue":274.75000619888306,"discounts":117.75000214576721,"cost":170.0,"profit":104.74999785423279,"pre_discount_revenue":392.5,"margin":38.1,"avg_discount":60.0},{"deal_name":"Cannavative RSO - Buy 1 Get 1","times_used":6,"units":16.0,"revenue":320.09998321533203,"discounts":319.89999771118164,"cost":270.0,"profit":50.10000228881836,"pre_discount_revenue":640.0,"margin":15.7,"avg_discount":100.0},{"deal_name":"5 FOR $30 Mix N Match Pre Rolls","times_used":4,"units":12.0,"revenue":90.0,"discounts":60.0,"cost":49.499998688697815,"profit":40.500001311302185,"pre_discount_revenue":150.0,"margin":45.0,"avg_discount":80.0},{"deal_name":"Medical - 10%","times_used":2,"units":4.0,"revenue":94.49999809265137,"discounts":10.499999523162842,"cost":45.0,"profit":49.49999809265137,"pre_discount_revenue":105.0,"margin":52.4,"avg_discount":20.0},{"deal_name":"Store Credit - $25","times_used":2,"units":2.0,"revenue":14.574999809265137,"discounts":30.425000190734863,"cost":22.5,"profit":-7.925000190734863,"pre_discount_revenue":45.0,"margin":-54.4,"avg_discount":135.2}],"top_products":[{"product":"1:1 CBD/THC INDICA RSO - CANNAVATIVE","units":1748,"revenue":58272.7978515625,"cost":29497.5,"profit":28775.30029296875,"transactions":1206,"margin":49.400001525878906},{"product":"DURBAN POISON PRE ROLL - CANNAVATIVE","units":4518,"revenue":49859.19921875,"cost":19766.25,"profit":30092.94921875,"transactions":3620,"margin":60.400001525878906},{"product":"1:1 CBD/THC SATIVA RSO - CANNAVATIVE","units":1212,"revenue":40444.74853515625,"cost":20452.5,"profit":19992.249755859375,"transactions":946,"margin":49.400001525878906},{"product":"STRAWBERRY CRUNCH MINI MOTIVATOR 3 PK - CANNAVATIVE","units":1262,"revenue":39996.72607421875,"cost":21296.25,"profit":18700.474853515625,"transactions":1102,"margin":46.79999923706055},{"product":"DURBAN POISON MOTIVATOR PRE ROLL - CANNAVATIVE","units":1878,"revenue":36473.47412109375,"cost":21100.0,"profit":15373.475341796875,"transactions":1366,"margin":42.099998474121094},{"product":"KLONDIKE BERRIES MINI MOTIVATOR 3 PK - CANNAVATIVE","units":1062,"revenue":33359.22607421875,"cost":17921.25,"profit":15437.974853515625,"transactions":892,"margin":46.29999923706055},{"product":"VADER OG MOTIVATOR PRE ROLL - CANNAVATIVE","units":1704,"revenue":32859.52392578125,"cost":19170.0,"profit":13689.525146484375,"transactions":1134,"margin":41.70000076293945},{"product":"VADER OG MINI MOTIVATOR 3 PK - CANNAVATIVE","units":1000,"revenue":30269.72412109375,"cost":16875.0,"profit":13394.725341796875,"transactions":812,"margin":44.29999923706055},{"product":"HAWAIIAN SUNDAE MOTIVATOR PRE ROLL - CANNAVATIVE","units":1608,"revenue":29705.70068359375,"cost":18090.0,"profit":11615.699462890625,"transactions":1000,"margin":39.099998474121094},{"product":"GUSH GLUE MINI MOTIVATOR 3 PK - CANNAVATIVE","units":838,"revenue":27102.67578125,"cost":14141.25,"profit":12961.424560546875,"transactions":754,"margin":47.79999923706055},{"product":"GG#4 MOTIVATOR PRE ROLL - CANNAVATIVE","units":1170,"revenue":23185.6494140625,"cost":13162.5,"profit":10023.150024414062,"transactions":678,"margin":43.20000076293945},{"product":"SALTED CARAMEL GELATO MINI MOTIVATOR 3 PK - CANNAVATIVE","units":728,"revenue":22440.27587890625,"cost":12285.0,"profit":10155.274658203125,"transactions":632,"margin":45.29999923706055},{"product":"BLUEBERRY JUICE BOX MINI MOTIVATOR 3 PK - CANNAVATIVE","units":672,"revenue":22040.94970703125,"cost":11340.0,"profit":10700.94970703125,"transactions":590,"margin":48.599998474121094},{"product":"BREAKFAST CEREAL MINI MOTIVATOR 3 PK - CANNAVATIVE","units":666,"revenue":20898.75,"cost":11238.75,"profit":9660.0,"transactions":588,"margin":46.20000076293945},{"product":"MANGO MINTALITY MOTIVATOR PRE ROLL - CANNAVATIVE","units":1024,"revenue":19705.799560546875,"cost":11520.0,"profit":8185.8001708984375,"transactions":772,"margin":41.5},{"product":"INCREDIBLE PULP PRE ROLL - CANNAVATIVE","units":1774,"revenue":19695.0,"cost":8111.25,"profit":11583.75,"transactions":1352,"margin":58.79999923706055},{"product":"GUSH GLUE MOTIVATOR PRE ROLL - CANNAVATIVE","units":1026,"revenue":19101.2744140625,"cost":11542.5,"profit":7558.7750244140625,"transactions":786,"margin":39.599998474121094},{"product":"GREEN FLAG MOTIVATOR PRE ROLL - CANNAVATIVE","units":990,"revenue":18857.125244140625,"cost":11137.5,"profit":7719.625244140625,"transactions":764,"margin":40.900001525878906},{"product":"CROSTATA MOTIVATOR PRE ROLL - CANNAVATIVE","units":1050,"revenue":18587.650146484375,"cost":11792.5,"profit":6795.150146484375,"transactions":820,"margin":36.599998474121094},{"product":"GREEN FLAG MINI MOTIVATOR 3 PK - CANNAVATIVE","units":612,"revenue":18450.999755859375,"cost":10327.5,"profit":8123.499755859375,"transactions":432,"margin":44.0},{"product":"FRUITY PUFF MINI MOTIVATOR 3 PK - CANNAVATIVE","units":570,"revenue":18086.4501953125,"cost":9618.75,"profit":8467.7001953125,"transactions":460,"margin":46.79999923706055},{"product":"GELATO TAFFY MOTIVATOR PRE ROLL - CANNAVATIVE","units":1024,"revenue":17888.3251953125,"cost":11520.0,"profit":6368.3251953125,"transactions":598,"margin":35.599998474121094},{"product":"MURPHYS LAW MOTIVATOR PRE ROLL - CANNAVATIVE","units":1012,"revenue":17744.449462890625,"cost":11385.0,"profit":6359.4500732421875,"transactions":746,"margin":35.79999923706055},{"product":"MTF MOTIVATOR PRE ROLL - CANNAVATIVE","units":896,"revenue":17726.99951171875,"cost":10080.0,"profit":7647.0001220703125,"transactions":694,"margin":43.099998474121094},{"product":"SIERRA GUSHERS MINI MOTIVATOR 3 PK - CANNAVATIVE","units":550,"revenue":17162.9248046875,"cost":9281.25,"profit":7881.6748046875,"transactions":500,"margin":45.900001525878906}],"products_by_store":{"Elevation Springs":[{"product":"VADER OG MINI MOTIVATOR 3 PK - CANNAVATIVE","units":564,"revenue":17022.5,"cost":9517.5,"profit":7505.0,"transactions":458,"margin":44.099998474121094},{"product":"DURBAN POISON PRE ROLL - CANNAVATIVE","units":1414,"revenue":15265.0244140625,"cost":6186.25,"profit":9078.775024414062,"transactions":1084,"margin":59.5},{"product":"DURBAN POISON MOTIVATOR PRE ROLL - CANNAVATIVE","units":648,"revenue":12755.174560546875,"cost":7290.0,"profit":5465.1751708984375,"transactions":424,"margin":42.79999923706055},{"product":"VADER OG MOTIVATOR PRE ROLL - CANNAVATIVE","units":562,"revenue":10880.74951171875,"cost":6322.5,"profit":4558.2501220703125,"transactions":292,"margin":41.900001525878906},{"product":"1:1 CBD/THC INDICA RSO - CANNAVATIVE","units":290,"revenue":9663.64990234375,"cost":4893.75,"profit":4769.89990234375,"transactions":242,"margin":49.400001525878906},{"product":"BLUEBERRY JUICE BOX MINI MOTIVATOR 3 PK - CANNAVATIVE","units":280,"revenue":9032.750244140625,"cost":4725.0,"profit":4307.749938964844,"transactions":242,"margin":47.70000076293945},{"product":"STRAWBERRY CRUNCH MINI MOTIVATOR 3 PK - CANNAVATIVE","units":280,"revenue":8803.624877929688,"cost":4725.0,"profit":4078.6248779296875,"transactions":232,"margin":46.29999923706055},{"product":"HAWAIIAN SUNDAE MOTIVATOR PRE ROLL - CANNAVATIVE","units":410,"revenue":7706.199951171875,"cost":4612.5,"profit":3093.699951171875,"transactions":272,"margin":40.099998474121094},{"product":"1:1 CBD/THC SATIVA RSO - CANNAVATIVE","units":228,"revenue":7489.5001220703125,"cost":3847.5,"profit":3642.0001220703125,"transactions":192,"margin":48.599998474121094},{"product":"MANGO MINTALITY MOTIVATOR PRE ROLL - CANNAVATIVE","units":386,"revenue":7445.775146484375,"cost":4342.5,"profit":3103.275146484375,"transactions":288,"margin":41.70000076293945},{"product":"GREEN FLAG MOTIVATOR PRE ROLL - CANNAVATIVE","units":384,"revenue":7344.2999267578125,"cost":4320.0,"profit":3024.2999267578125,"transactions":262,"margin":41.20000076293945},{"product":"GG#4 MOTIVATOR PRE ROLL - CANNAVATIVE","units":372,"revenue":7308.9752197265625,"cost":4185.0,"profit":3123.9749145507812,"transactions":194,"margin":42.70000076293945},{"product":"MURPHYS LAW MOTIVATOR PRE ROLL - CANNAVATIVE","units":358,"revenue":7147.5250244140625,"cost":4027.5,"profit":3120.0250244140625,"transactions":268,"margin":43.70000076293945},{"product":"KLONDIKE BERRIES MINI MOTIVATOR 3 PK - CANNAVATIVE","units":200,"revenue":6965.999755859375,"cost":3375.0,"profit":3591.0000610351562,"transactions":142,"margin":51.599998474121094},{"product":"BREAKFAST CEREAL MINI MOTIVATOR 3 PK - CANNAVATIVE","units":224,"revenue":6787.9498291015625,"cost":3780.0,"profit":3007.9501342773438,"transactions":188,"margin":44.29999923706055}],"Elevation Mesa":[{"product":"1:1 CBD/THC INDICA RSO - CANNAVATIVE","units":356,"revenue":10936.55029296875,"cost":6007.5,"profit":4929.049987792969,"transactions":210,"margin":45.099998474121094},{"product":"DURBAN POISON PRE ROLL - CANNAVATIVE","units":814,"revenue":8742.899780273438,"cost":3561.25,"profit":5181.6497802734375,"transactions":684,"margin":59.29999923706055},{"product":"1:1 CBD/THC SATIVA RSO - CANNAVATIVE","units":222,"revenue":7116.199951171875,"cost":3746.25,"profit":3369.949951171875,"transactions":176,"margin":47.400001525878906},{"product":"HAWAIIAN SUNDAE MOTIVATOR PRE ROLL - CANNAVATIVE","units":414,"revenue":7049.024658203125,"cost":4657.5,"profit":2391.5249633789062,"transactions":222,"margin":33.900001525878906},{"product":"STRAWBERRY CRUNCH MINI MOTIVATOR 3 PK - CANNAVATIVE","units":216,"revenue":6695.0,"cost":3645.0,"profit":3050.0,"transactions":194,"margin":45.599998474121094},{"product":"DURBAN POISON MOTIVATOR PRE ROLL - CANNAVATIVE","units":356,"revenue":6447.60009765625,"cost":4005.0,"profit":2442.5999450683594,"transactions":246,"margin":37.900001525878906},{"product":"GG#4 MOTIVATOR PRE ROLL - CANNAVATIVE","units":314,"revenue":6312.2747802734375,"cost":3532.5,"profit":2779.7750854492188,"transactions":208,"margin":44.0},{"product":"INCREDIBLE PULP PRE ROLL - CANNAVATIVE","units":556,"revenue":6026.25,"cost":2782.5,"profit":3243.75,"transactions":454,"margin":53.79999923706055},{"product":"STICKY FINGERS MOTIVATOR PRE ROLL - CANNAVATIVE","units":342,"revenue":5871.3751220703125,"cost":3847.5,"profit":2023.8749694824219,"transactions":270,"margin":34.5},{"product":"MANGO MINTALITY MOTIVATOR PRE ROLL - CANNAVATIVE","units":304,"revenue":5716.6998291015625,"cost":3420.0,"profit":2296.699981689453,"transactions":226,"margin":40.20000076293945},{"product":"VADER OG MOTIVATOR PRE ROLL - CANNAVATIVE","units":294,"revenue":5610.2252197265625,"cost":3307.5,"profit":2302.7249145507812,"transactions":222,"margin":41.0},{"product":"FRUITY PUFF MINI MOTIVATOR 3 PK - CANNAVATIVE","units":174,"revenue":5276.7498779296875,"cost":2936.25,"profit":2340.500030517578,"transactions":120,"margin":44.400001525878906},{"product":"SUPER LEMON OG MOTIVATOR PRE ROLL - CANNAVATIVE","units":238,"revenue":5018.450012207031,"cost":2677.5,"profit":2340.9500122070312,"transactions":94,"margin":46.599998474121094},{"product":"TAHOE SUNSET MOTIVATOR PRE ROLL - CANNAVATIVE","units":232,"revenue":4524.1998291015625,"cost":2610.0,"profit":1914.1999816894531,"transactions":170,"margin":42.29999923706055},{"product":"CROSTATA MOTIVATOR PRE ROLL - CANNAVATIVE","units":238,"revenue":4352.5,"cost":2677.5,"profit":1675.0,"transactions":178,"margin":38.5}],"Elevation Oasis":[{"product":"1:1 CBD/THC INDICA RSO - CANNAVATIVE","units":562,"revenue":20336.57470703125,"cost":9483.75,"profit":10852.82470703125,"transactions":348,"margin":53.400001525878906},{"product":"1:1 CBD/THC SATIVA RSO - CANNAVATIVE","units":370,"revenue":13640.550537109375,"cost":6243.75,"profit":7396.7999267578125,"transactions":268,"margin":54.20000076293945},{"product":"STRAWBERRY CRUNCH MINI MOTIVATOR 3 PK - CANNAVATIVE","units":234,"revenue":7881.4251708984375,"cost":3948.75,"profit":3932.6748657226562,"transactions":210,"margin":49.900001525878906},{"product":"GUSH GLUE MINI MOTIVATOR 3 PK - CANNAVATIVE","units":200,"revenue":6786.624755859375,"cost":3375.0,"profit":3411.6250610351562,"transactions":170,"margin":50.29999923706055},{"product":"KLONDIKE BERRIES MINI MOTIVATOR 3 PK - CANNAVATIVE","units":160,"revenue":5590.250244140625,"cost":2700.0,"profit":2890.2499389648438,"transactions":122,"margin":51.70000076293945},{"product":"DURBAN POISON MOTIVATOR PRE ROLL - CANNAVATIVE","units":266,"revenue":5100.199890136719,"cost":2992.5,"profit":2107.7000427246094,"transactions":180,"margin":41.29999923706055},{"product":"FRUITY PUFF MINI MOTIVATOR 3 PK - CANNAVATIVE","units":152,"revenue":5043.575134277344,"cost":2565.0,"profit":2478.574981689453,"transactions":122,"margin":49.099998474121094},{"product":"HAWAIIAN SUNDAE MOTIVATOR PRE ROLL - CANNAVATIVE","units":266,"revenue":5013.125,"cost":2992.5,"profit":2020.625,"transactions":150,"margin":40.29999923706055},{"product":"DURBAN POISON PRE ROLL - CANNAVATIVE","units":416,"revenue":4620.0250244140625,"cost":1820.0,"profit":2800.0250244140625,"transactions":320,"margin":60.599998474121094},{"product":"J1 MINI MOTIVATOR 3 PK - CANNAVATIVE","units":120,"revenue":4287.024841308594,"cost":2025.0,"profit":2262.0249938964844,"transactions":96,"margin":52.79999923706055},{"product":"GG#4 MOTIVATOR PRE ROLL - CANNAVATIVE","units":192,"revenue":4037.349853515625,"cost":2160.0,"profit":1877.3500061035156,"transactions":136,"margin":46.5},{"product":"SIERRA GUSHERS MINI MOTIVATOR 3 PK - CANNAVATIVE","units":116,"revenue":3926.0000610351562,"cost":1957.5,"profit":1968.5000610351562,"transactions":100,"margin":50.099998474121094},{"product":"BLUEBERRY JUICE BOX MINI MOTIVATOR 3 PK - CANNAVATIVE","units":112,"revenue":3920.0,"cost":1890.0,"profit":2030.0,"transactions":94,"margin":51.79999923706055},{"product":"TAHOE SUNSET MOTIVATOR PRE ROLL - CANNAVATIVE","units":190,"revenue":3821.0250854492188,"cost":2137.5,"profit":1683.5249328613281,"transactions":144,"margin":44.099998474121094},{"product":"INCREDIBLE PULP PRE ROLL - CANNAVATIVE","units":312,"revenue":3540.0,"cost":1365.0,"profit":2175.0,"transactions":220,"margin":61.400001525878906}],"Elevation Downtown":[{"product":"CROSTATA MOTIVATOR PRE ROLL - CANNAVATIVE","units":120,"revenue":1941.4999389648438,"cost":1350.0,"profit":591.5000152587891,"transactions":82,"margin":30.5},{"product":"DURBAN POISON MINI MOTIVATOR 3 PK - CANNAVATIVE","units":40,"revenue":1255.5000305175781,"cost":675.0,"profit":580.4999923706055,"transactions":38,"margin":46.20000076293945},{"product":"GELATO TAFFY MINI MOTIVATOR 3 PK - CANNAVATIVE","units":40,"revenue":1240.0,"cost":675.0,"profit":565.0,"transactions":40,"margin":45.599998474121094},{"product":"SIERRA GUSHERS MINI MOTIVATOR 3 PK - CANNAVATIVE","units":40,"revenue":1209.000015258789,"cost":675.0,"profit":533.9999771118164,"transactions":38,"margin":44.20000076293945},{"product":"MURPHYS LAW MOTIVATOR PRE ROLL - CANNAVATIVE","units":74,"revenue":1151.9499969482422,"cost":832.5,"profit":319.4499969482422,"transactions":58,"margin":27.700000762939453},{"product":"MANGO MINTALITY MOTIVATOR PRE ROLL - CANNAVATIVE","units":36,"revenue":860.9999847412109,"cost":405.0,"profit":455.99998474121094,"transactions":26,"margin":53.0},{"product":"HEAD CHEESE MOTIVATOR PRE ROLL - CANNAVATIVE","units":36,"revenue":717.4500274658203,"cost":405.0,"profit":312.44998931884766,"transactions":26,"margin":43.599998474121094},{"product":"LECHUGA DULCE MINI MOTIVATOR PRE ROLL - CANNAVATIVE","units":40,"revenue":360.0,"cost":250.0,"profit":110.00000953674316,"transactions":20,"margin":30.600000381469727}],"Elevation Midtown":[{"product":"DURBAN POISON PRE ROLL - CANNAVATIVE","units":710,"revenue":8392.5,"cost":3106.25,"profit":5286.25,"transactions":604,"margin":63.0},{"product":"DURBAN POISON MOTIVATOR PRE ROLL - CANNAVATIVE","units":306,"revenue":6397.5250244140625,"cost":3415.0,"profit":2982.5250244140625,"transactions":246,"margin":46.599998474121094},{"product":"1:1 CBD/THC INDICA RSO - CANNAVATIVE","units":176,"revenue":6230.0,"cost":2970.0,"profit":3260.0,"transactions":140,"margin":52.29999923706055},{"product":"DURBAN POISON MINI MOTIVATOR 3 PK - CANNAVATIVE","units":158,"revenue":5538.499755859375,"cost":2666.25,"profit":2872.2500610351562,"transactions":142,"margin":51.900001525878906},{"product":"PINEAPPLE SUNSHINE MINI MOTIVATOR 3 PK - CANNAVATIVE","units":158,"revenue":5471.25,"cost":2666.25,"profit":2805.0,"transactions":142,"margin":51.29999923706055},{"product":"STRAWBERRY CRUNCH MINI MOTIVATOR 3 PK - CANNAVATIVE","units":158,"revenue":5003.125,"cost":2666.25,"profit":2336.875,"transactions":146,"margin":46.70000076293945},{"product":"1:1 CBD/THC SATIVA RSO - CANNAVATIVE","units":140,"revenue":4783.999938964844,"cost":2362.5,"profit":2421.4999389648438,"transactions":94,"margin":50.599998474121094},{"product":"CONFIDENTIAL KUSH MINI MOTIVATOR 3 PK - CANNAVATIVE","units":160,"revenue":4597.900085449219,"cost":2700.0,"profit":1897.8999328613281,"transactions":112,"margin":41.29999923706055},{"product":"JACKED GORILLA MOTIVATOR PRE ROLL - CANNAVATIVE","units":218,"revenue":4590.799865722656,"cost":2452.5,"profit":2138.300018310547,"transactions":158,"margin":46.599998474121094},{"product":"MTF MOTIVATOR PRE ROLL - CANNAVATIVE","units":196,"revenue":4161.700134277344,"cost":2205.0,"profit":1956.6999816894531,"transactions":172,"margin":47.0},{"product":"GREEN FLAG MINI MOTIVATOR 3 PK - CANNAVATIVE","units":120,"revenue":4081.0000610351562,"cost":2025.0,"profit":2056.0000610351562,"transactions":90,"margin":50.400001525878906},{"product":"VADER OG MOTIVATOR PRE ROLL - CANNAVATIVE","units":182,"revenue":3896.7001342773438,"cost":2047.5,"profit":1849.1999816894531,"transactions":134,"margin":47.5},{"product":"KLONDIKE BERRIES MINI MOTIVATOR 3 PK - CANNAVATIVE","units":120,"revenue":3836.4999389648438,"cost":2025.0,"profit":1811.4999389648438,"transactions":110,"margin":47.20000076293945},{"product":"VADER OG MINI MOTIVATOR 3 PK - CANNAVATIVE","units":110,"revenue":3817.7499389648438,"cost":1856.25,"profit":1961.4999389648438,"transactions":106,"margin":51.400001525878906},{"product":"BLUEBERRY JUICE BOX MOTIVATOR PRE ROLL - CANNAVATIVE","units":172,"revenue":3811.77490234375,"cost":1935.0,"profit":1876.7750549316406,"transactions":144,"margin":49.20000076293945}],"Elevation Boulevard":[{"product":"DURBAN POISON PRE ROLL - CANNAVATIVE","units":800,"revenue":8546.25,"cost":3500.0,"profit":5046.25,"transactions":670,"margin":59.0},{"product":"VADER OG MOTIVATOR PRE ROLL - CANNAVATIVE","units":378,"revenue":7016.14990234375,"cost":4252.5,"profit":2763.64990234375,"transactions":262,"margin":39.400001525878906},{"product":"KLONDIKE BERRIES MINI MOTIVATOR 3 PK - CANNAVATIVE","units":226,"revenue":6312.4249267578125,"cost":3813.75,"profit":2498.6749267578125,"transactions":190,"margin":39.599998474121094},{"product":"GUSH GLUE MINI MOTIVATOR 3 PK - CANNAVATIVE","units":200,"revenue":6215.675048828125,"cost":3375.0,"profit":2840.675048828125,"transactions":174,"margin":45.70000076293945},{"product":"GREEN FLAG MINI MOTIVATOR 3 PK - CANNAVATIVE","units":188,"revenue":5534.000244140625,"cost":3172.5,"profit":2361.4999389648438,"transactions":140,"margin":42.70000076293945},{"product":"GELATO TAFFY MINI MOTIVATOR 3 PK - CANNAVATIVE","units":188,"revenue":5291.6253662109375,"cost":3172.5,"profit":2119.1249084472656,"transactions":162,"margin":40.0},{"product":"HAWAIIAN SUNDAE MOTIVATOR PRE ROLL - CANNAVATIVE","units":278,"revenue":5179.27490234375,"cost":3127.5,"profit":2051.7750549316406,"transactions":182,"margin":39.599998474121094},{"product":"1:1 CBD/THC INDICA RSO - CANNAVATIVE","units":150,"revenue":4649.27490234375,"cost":2531.25,"profit":2118.0250549316406,"transactions":120,"margin":45.599998474121094},{"product":"STICKY FINGERS MINI MOTIVATOR 3 PK - CANNAVATIVE","units":148,"revenue":4426.1749267578125,"cost":2497.5,"profit":1928.6749267578125,"transactions":122,"margin":43.599998474121094},{"product":"GG#4 MOTIVATOR PRE ROLL - CANNAVATIVE","units":220,"revenue":3879.7250366210938,"cost":2475.0,"profit":1404.7250366210938,"transactions":114,"margin":36.20000076293945},{"product":"INCREDIBLE PULP PRE ROLL - CANNAVATIVE","units":348,"revenue":3851.25,"cost":1522.5,"profit":2328.75,"transactions":264,"margin":60.5},{"product":"1:1 CBD/THC SATIVA RSO - CANNAVATIVE","units":134,"revenue":3761.0000610351562,"cost":2261.25,"profit":1499.7499084472656,"transactions":118,"margin":39.900001525878906},{"product":"SALTED CARAMEL GELATO MINI MOTIVATOR 3 PK - CANNAVATIVE","units":128,"revenue":3666.7001342773438,"cost":2160.0,"profit":1506.6999816894531,"transactions":104,"margin":41.099998474121094},{"product":"SNOWTROOPER OG MOTIVATOR PRE ROLL - CANNAVATIVE","units":184,"revenue":3662.0999145507812,"cost":2070.0,"profit":1592.0999145507812,"transactions":172,"margin":43.5},{"product":"BLUEBERRY JUICE BOX MINI MOTIVATOR 3 PK - CANNAVATIVE","units":112,"revenue":3549.949951171875,"cost":1890.0,"profit":1659.949951171875,"transactions":100,"margin":46.79999923706055}],"Elevation Parkway":[{"product":"STRAWBERRY CRUNCH MINI MOTIVATOR 3 PK - CANNAVATIVE","units":334,"revenue":10483.175048828125,"cost":5636.25,"profit":4846.925048828125,"transactions":292,"margin":46.20000076293945},{"product":"KLONDIKE BERRIES MINI MOTIVATOR 3 PK - CANNAVATIVE","units":236,"revenue":7033.5498046875,"cost":3982.5,"profit":3051.0501098632812,"transactions":218,"margin":43.400001525878906},{"product":"GUSH GLUE MINI MOTIVATOR 3 PK - CANNAVATIVE","units":200,"revenue":6734.749755859375,"cost":3375.0,"profit":3359.7500610351562,"transactions":196,"margin":49.900001525878906},{"product":"1:1 CBD/THC INDICA RSO - CANNAVATIVE","units":214,"revenue":6456.7498779296875,"cost":3611.25,"profit":2845.4998779296875,"transactions":146,"margin":44.099998474121094},{"product":"SUPER LEMON OG MOTIVATOR PRE ROLL - CANNAVATIVE","units":202,"revenue":4748.949890136719,"cost":2272.5,"profit":2476.4500427246094,"transactions":84,"margin":52.099998474121094},{"product":"DURBAN POISON PRE ROLL - CANNAVATIVE","units":364,"revenue":4292.5,"cost":1592.5,"profit":2700.0,"transactions":258,"margin":62.900001525878906},{"product":"STICKY FINGERS MOTIVATOR PRE ROLL - CANNAVATIVE","units":222,"revenue":4204.049987792969,"cost":2497.5,"profit":1706.5499877929688,"transactions":184,"margin":40.599998474121094},{"product":"DEUCES WILD MOTIVATOR PRE ROLL - CANNAVATIVE","units":214,"revenue":3833.9248657226562,"cost":2407.5,"profit":1426.4250183105469,"transactions":170,"margin":37.20000076293945},{"product":"SALTED CARAMEL GELATO MINI MOTIVATOR 3 PK - CANNAVATIVE","units":108,"revenue":3669.6249389648438,"cost":1822.5,"profit":1847.1249389648438,"transactions":108,"margin":50.29999923706055},{"product":"1:1 CBD/THC SATIVA RSO - CANNAVATIVE","units":118,"revenue":3653.5000610351562,"cost":1991.25,"profit":1662.2500610351562,"transactions":98,"margin":45.5},{"product":"MTF MINI MOTIVATOR 3 PK - CANNAVATIVE","units":120,"revenue":3497.4249267578125,"cost":2025.0,"profit":1472.4249267578125,"transactions":112,"margin":42.099998474121094},{"product":"BREAKFAST CEREAL MINI MOTIVATOR 3 PK - CANNAVATIVE","units":112,"revenue":3357.3001098632812,"cost":1890.0,"profit":1467.2999572753906,"transactions":92,"margin":43.70000076293945},{"product":"HAWAIIAN SUNDAE MOTIVATOR PRE ROLL - CANNAVATIVE","units":164,"revenue":3269.6499633789062,"cost":1845.0,"profit":1424.6499633789062,"transactions":120,"margin":43.599998474121094},{"product":"DURBAN POISON MOTIVATOR PRE ROLL - CANNAVATIVE","units":158,"revenue":3095.474853515625,"cost":1777.5,"profit":1317.9750061035156,"transactions":144,"margin":42.599998474121094},{"product":"VADER OG MINI MOTIVATOR 3 PK - CANNAVATIVE","units":106,"revenue":2903.85009765625,"cost":1788.75,"profit":1115.1000213623047,"transactions":76,"margin":38.400001525878906}]},"store_summary":[{"store_clean":"Elevation Springs","units":16118,"revenue":316664.0234375,"cost":172573.75,"profit":144090.2734375,"discounts":91904.7265625,"margin":45.5,"discount_rate":22.5},{"store_clean":"Elevation Mesa","units":13570,"revenue":248433.76953125,"cost":140011.50390625,"profit":108422.275390625,"discounts":81433.7255859375,"margin":43.599998474121094,"discount_rate":24.700000762939453},{"store_clean":"Elevation Oasis","units":9908,"revenue":213458.02734375,"cost":108378.75,"profit":105079.27734375,"discounts":44189.4775390625,"margin":49.20000076293945,"discount_rate":17.200000762939453},{"store_clean":"Elevation Boulevard","units":10288,"revenue":183250.4296875,"cost":104052.5,"profit":79197.9248046875,"discounts":63449.5751953125,"margin":43.20000076293945,"discount_rate":25.700000762939453},{"store_clean":"Elevation Midtown","units":7736,"revenue":163742.978515625,"cost":84670.751953125,"profit":79072.2265625,"discounts":35689.5263671875,"margin":48.29999923706055,"discount_rate":17.899999618530273},{"store_clean":"Elevation Parkway","units":6580,"revenue":133705.0,"cost":71954.248046875,"profit":61750.751953125,"discounts":36510.0,"margin":46.20000076293945,"discount_rate":21.399999618530273},{"store_clean":"Elevation Downtown","units":426,"revenue":8736.400146484375,"cost":5267.5,"profit":3468.8998413085938,"discounts":3346.099853515625,"margin":39.70000076293945,"discount_rate":27.700000762939453}],"recommendations":[{"severity":"info","title":"VOLUME LEVERAGE","detail":"$507,196 revenue provides negotiating leverage.","action":"Use volume as leverage in next vendor meeting."}],"comparison":null}