{"brand":"VYBZ","date_range":"2024-01-01 00:00:00 to 2026-01-31 00:00:00","period_label":"All Time","summary":{"total_units":78284,"total_revenue":1960222.1875,"total_cost":872029.453125,"total_discounts":722700.3125,"total_profit":1088192.734375,"overall_margin":55.5,"fp_margin":68.69999694824219,"disc_margin":53.0,"pct_full_price":16.0,"avg_discount_rate":26.899999618530273,"fp_revenue":313710.0,"disc_revenue":1646512.1875,"brand":"VYBZ","date_range":"2024-01-01 00:00:00 to 2026-01-31 00:00:00","primary_category":"FLOWER","store_coverage":"7/7","stores_present":["Elevation Springs","Elevation Mesa","Elevation Oasis","Elevation Downtown","Elevation Midtown","Elevation Boulevard","Elevation Parkway"],"stores_missing":[],"velocity_rank":9,"velocity_total":64},"distribution":[{"store":"Elevation Springs","carries_brand":true,"sku_count":32,"revenue":228125.64453125,"units":9522,"store_total_revenue":51138750.0,"brand_share_pct":0.4000000059604645},{"store":"Elevation Mesa","carries_brand":true,"sku_count":32,"revenue":462028.046875,"units":18294,"store_total_revenue":47532240.0,"brand_share_pct":1.0},{"store":"Elevation Oasis","carries_brand":true,"sku_count":32,"revenue":691265.78125,"units":26644,"store_total_revenue":56050145.0,"brand_share_pct":1.2000000476837158},{"store":"Elevation Downtown","carries_brand":true,"sku_count":12,"revenue":13895.50048828125,"units":640,"store_total_revenue":1945237.1875,"brand_share_pct":0.699999988079071},{"store":"Elevation Midtown","carries_brand":true,"sku_count":28,"revenue":202192.32421875,"units":8432,"store_total_revenue":30850185.0,"brand_share_pct":0.699999988079071},{"store":"Elevation Boulevard","carries_brand":true,"sku_count":26,"revenue":280508.30078125,"units":11382,"store_total_revenue":28757865.0,"brand_share_pct":1.0},{"store":"Elevation Parkway","carries_brand":true,"sku_count":20,"revenue":82206.62109375,"units":3370,"store_total_revenue":21987007.5,"brand_share_pct":0.4000000059604645}],"share_of_category":[{"category":"FLOWER","brand_revenue":1919110.9375,"category_revenue":77755450.0,"revenue_share_pct":2.5,"brand_units":73984,"category_units":2708446,"units_share_pct":2.7},{"category":"PRE ROLL","brand_revenue":41111.279296875,"category_revenue":14009791.25,"revenue_share_pct":0.30000001192092896,"brand_units":4300,"category_units":1485736,"units_share_pct":0.3}],"share_of_category_trend":{"FLOWER":[{"period":"2024-01","brand_revenue":0.0,"category_revenue":3552357.8125,"share_pct":0.0},{"period":"2024-02","brand_revenue":0.0,"category_revenue":3535245.625,"share_pct":0.0},{"period":"2024-03","brand_revenue":0.0,"category_revenue":3693805.625,"share_pct":0.0},{"period":"2024-04","brand_revenue":0.0,"category_revenue":3541899.6875,"share_pct":0.0},{"period":"2024-05","brand_revenue":2640.0,"category_revenue":3537479.375,"share_pct":0.10000000149011612},{"period":"2024-06","brand_revenue":104538.75,"category_revenue":3403269.6875,"share_pct":3.0999999046325684},{"period":"2024-07","brand_revenue":73844.248046875,"category_revenue":3457705.9375,"share_pct":2.0999999046325684},{"period":"2024-08","brand_revenue":108844.1796875,"category_revenue":3453819.375,"share_pct":3.200000047683716},{"period":"2024-09","brand_revenue":129676.875,"category_revenue":3316441.5625,"share_pct":3.9000000953674316},{"period":"2024-10","brand_revenue":152060.0,"category_revenue":3585775.0,"share_pct":4.199999809265137},{"period":"2024-11","brand_revenue":119608.3984375,"category_revenue":3454855.3125,"share_pct":3.5},{"period":"2024-12","brand_revenue":94991.25,"category_revenue":3226567.8125,"share_pct":2.9000000953674316},{"period":"2025-01","brand_revenue":136537.529296875,"category_revenue":2984938.125,"share_pct":4.599999904632568},{"period":"2025-02","brand_revenue":99389.90234375,"category_revenue":2816220.0,"share_pct":3.5},{"period":"2025-03","brand_revenue":125561.4453125,"category_revenue":2911379.6875,"share_pct":4.300000190734863},{"period":"2025-04","brand_revenue":134416.572265625,"category_revenue":3118895.3125,"share_pct":4.300000190734863},{"period":"2025-05","brand_revenue":56551.875,"category_revenue":2887345.0,"share_pct":2.0},{"period":"2025-06","brand_revenue":85421.904296875,"category_revenue":2773698.125,"share_pct":3.0999999046325684},{"period":"2025-07","brand_revenue":88990.0,"category_revenue":2782763.125,"share_pct":3.200000047683716},{"period":"2025-08","brand_revenue":72646.25,"category_revenue":2733122.8125,"share_pct":2.700000047683716},{"period":"2025-09","brand_revenue":100491.279296875,"category_revenue":2603501.5625,"share_pct":3.9000000953674316},{"period":"2025-10","brand_revenue":65422.275390625,"category_revenue":2663705.0,"share_pct":2.5},{"period":"2025-11","brand_revenue":58029.1259765625,"category_revenue":2700189.0625,"share_pct":2.0999999046325684},{"period":"2025-12","brand_revenue":45784.951171875,"category_revenue":2515209.53125,"share_pct":1.7999999523162842},{"period":"2026-01","brand_revenue":63664.1015625,"category_revenue":2505261.875,"share_pct":2.5}],"PRE ROLL":[{"period":"2024-01","brand_revenue":0.0,"category_revenue":508338.515625,"share_pct":0.0},{"period":"2024-02","brand_revenue":0.0,"category_revenue":489393.671875,"share_pct":0.0},{"period":"2024-03","brand_revenue":0.0,"category_revenue":520052.3828125,"share_pct":0.0},{"period":"2024-04","brand_revenue":0.0,"category_revenue":491300.6640625,"share_pct":0.0},{"period":"2024-05","brand_revenue":0.0,"category_revenue":542202.890625,"share_pct":0.0},{"period":"2024-06","brand_revenue":0.0,"category_revenue":507288.8671875,"share_pct":0.0},{"period":"2024-07","brand_revenue":0.0,"category_revenue":524250.9765625,"share_pct":0.0},{"period":"2024-08","brand_revenue":0.0,"category_revenue":612518.7109375,"share_pct":0.0},{"period":"2024-09","brand_revenue":4854.2498779296875,"category_revenue":586543.0078125,"share_pct":0.800000011920929},{"period":"2024-10","brand_revenue":12175.250244140625,"category_revenue":641449.1796875,"share_pct":1.899999976158142},{"period":"2024-11","brand_revenue":3139.2498779296875,"category_revenue":579866.71875,"share_pct":0.5},{"period":"2024-12","brand_revenue":2778.5000610351562,"category_revenue":582999.5703125,"share_pct":0.5},{"period":"2025-01","brand_revenue":8332.999877929688,"category_revenue":544095.3125,"share_pct":1.5},{"period":"2025-02","brand_revenue":7471.5252685546875,"category_revenue":500875.5859375,"share_pct":1.5},{"period":"2025-03","brand_revenue":2329.499969482422,"category_revenue":551422.0703125,"share_pct":0.4000000059604645},{"period":"2025-04","brand_revenue":30.0,"category_revenue":568189.375,"share_pct":0.0},{"period":"2025-05","brand_revenue":0.0,"category_revenue":565516.875,"share_pct":0.0},{"period":"2025-06","brand_revenue":0.0,"category_revenue":560506.71875,"share_pct":0.0},{"period":"2025-07","brand_revenue":0.0,"category_revenue":600916.09375,"share_pct":0.0},{"period":"2025-08","brand_revenue":0.0,"category_revenue":620247.5,"share_pct":0.0},{"period":"2025-09","brand_revenue":0.0,"category_revenue":608971.09375,"share_pct":0.0},{"period":"2025-10","brand_revenue":0.0,"category_revenue":645293.1640625,"share_pct":0.0},{"period":"2025-11","brand_revenue":0.0,"category_revenue":581113.4765625,"share_pct":0.0},{"period":"2025-12","brand_revenue":0.0,"category_revenue":553088.5546875,"share_pct":0.0},{"period":"2026-01","brand_revenue":0.0,"category_revenue":523350.9375,"share_pct":0.0}]},"velocity_by_category":[{"category":"FLOWER","brand_units_per_day":97.1,"category_avg_units_per_day":55.54,"velocity_index":174.8,"brand_rev_per_unit":20.75,"category_rev_per_unit":22.97,"brands_in_category":64},{"category":"PRE ROLL","brand_units_per_day":5.64,"category_avg_units_per_day":42.38,"velocity_index":13.3,"brand_rev_per_unit":7.65,"category_rev_per_unit":7.54,"brands_in_category":46}],"store_gaps":[],"product_mix":{"top":[{"product":"PURPLE SLUSH EIGHTH - VYBZ","units":19256,"revenue":491706.0546875,"cost":222405.0,"profit":269301.0546875,"stores":7,"transactions":14412,"margin":54.79999923706055},{"product":"GOVERNMINT OASIS EIGHTH - VYBZ","units":10016,"revenue":258199.47265625,"cost":106623.095703125,"profit":151576.376953125,"stores":7,"transactions":7508,"margin":58.70000076293945},{"product":"HELLA JELLY EIGHTH - VYBZ","units":8072,"revenue":208522.5,"cost":102635.625,"profit":105886.875,"stores":6,"transactions":6026,"margin":50.79999923706055},{"product":"CHEM NV EIGHTH - VYBZ","units":7488,"revenue":190732.24609375,"cost":93775.0,"profit":96957.24609375,"stores":6,"transactions":5612,"margin":50.79999923706055},{"product":"FRUITY P EIGHTH - VYBZ","units":6490,"revenue":167023.84765625,"cost":79900.0,"profit":87123.84765625,"stores":6,"transactions":5120,"margin":52.20000076293945},{"product":"PURPLE HAZE EIGHTH - VYBZ","units":6158,"revenue":164132.421875,"cost":76270.0,"profit":87862.421875,"stores":7,"transactions":4378,"margin":53.5},{"product":"GLITTERBOMB EIGHTH - VYBZ","units":4960,"revenue":126167.87109375,"cost":58715.0,"profit":67452.8759765625,"stores":6,"transactions":3970,"margin":53.5},{"product":"O.B.X. EIGHTH - VYBZ","units":3788,"revenue":89277.978515625,"cost":37880.0,"profit":51397.9736328125,"stores":6,"transactions":2740,"margin":57.599998474121094},{"product":"HONEYDEW EIGHTH - VYBZ","units":2922,"revenue":72115.17578125,"cost":29220.0,"profit":42895.17578125,"stores":6,"transactions":2304,"margin":59.5},{"product":"702 SOUR EIGHTH - VYBZ","units":1688,"revenue":39216.25,"cost":19090.0,"profit":20126.25,"stores":6,"transactions":1316,"margin":51.29999923706055},{"product":"GUAVA ICE EIGHTH - VYBZ","units":1232,"revenue":31265.0,"cost":15400.0,"profit":15865.0,"stores":4,"transactions":1022,"margin":50.70000076293945},{"product":"GOVERNMINT OASIS HALF OUNCE - VYBZ","units":300,"revenue":25636.69921875,"cost":9375.0,"profit":16261.700439453125,"stores":1,"transactions":254,"margin":63.400001525878906},{"product":"PURPLE HAZE PRE ROLL - VYBZ","units":2672,"revenue":24873.525390625,"cost":33.399999141693115,"profit":24840.12451171875,"stores":5,"transactions":2124,"margin":99.9000015258789},{"product":"GARLIC LECREM EIGHTH - VYBZ","units":748,"revenue":18979.124755859375,"cost":9350.0,"profit":9629.124755859375,"stores":4,"transactions":614,"margin":50.70000076293945},{"product":"O.B.X. HALF OUNCE - VYBZ","units":200,"revenue":18855.625,"cost":6250.0,"profit":12605.625,"stores":1,"transactions":182,"margin":66.9000015258789},{"product":"MELONADE EIGHTH - VYBZ","units":402,"revenue":10443.75,"cost":4020.0,"profit":6423.75,"stores":3,"transactions":348,"margin":61.5},{"product":"GOVERNMINT OASIS PRE ROLL - VYBZ","units":784,"revenue":7849.2498779296875,"cost":9.799999594688416,"profit":7839.4500732421875,"stores":2,"transactions":654,"margin":99.9000015258789},{"product":"PURPLE SLUSH PRE ROLL - VYBZ","units":646,"revenue":6214.5001220703125,"cost":8.075000047683716,"profit":6206.4251708984375,"stores":2,"transactions":528,"margin":99.9000015258789},{"product":"GRAPE GAS EIGHTH - VYBZ","units":160,"revenue":4027.5,"cost":26.97499990463257,"profit":4000.52490234375,"stores":1,"transactions":124,"margin":99.30000305175781},{"product":"TROPICANA ACAI EIGHTH - VYBZ","units":104,"revenue":2809.375,"cost":1040.0,"profit":1769.375,"stores":4,"transactions":98,"margin":63.0}],"bottom":[{"product":"GOVERNMINT OASIS HALF OUNCE - VYBZ","units":300,"revenue":25636.69921875,"cost":9375.0,"profit":16261.700439453125,"stores":1,"transactions":254,"margin":63.400001525878906},{"product":"PURPLE HAZE PRE ROLL - VYBZ","units":2672,"revenue":24873.525390625,"cost":33.399999141693115,"profit":24840.12451171875,"stores":5,"transactions":2124,"margin":99.9000015258789},{"product":"GARLIC LECREM EIGHTH - VYBZ","units":748,"revenue":18979.124755859375,"cost":9350.0,"profit":9629.124755859375,"stores":4,"transactions":614,"margin":50.70000076293945},{"product":"O.B.X. HALF OUNCE - VYBZ","units":200,"revenue":18855.625,"cost":6250.0,"profit":12605.625,"stores":1,"transactions":182,"margin":66.9000015258789},{"product":"MELONADE EIGHTH - VYBZ","units":402,"revenue":10443.75,"cost":4020.0,"profit":6423.75,"stores":3,"transactions":348,"margin":61.5},{"product":"GOVERNMINT OASIS PRE ROLL - VYBZ","units":784,"revenue":7849.2498779296875,"cost":9.799999594688416,"profit":7839.4500732421875,"stores":2,"transactions":654,"margin":99.9000015258789},{"product":"PURPLE SLUSH PRE ROLL - VYBZ","units":646,"revenue":6214.5001220703125,"cost":8.075000047683716,"profit":6206.4251708984375,"stores":2,"transactions":528,"margin":99.9000015258789},{"product":"GRAPE GAS EIGHTH - VYBZ","units":160,"revenue":4027.5,"cost":26.97499990463257,"profit":4000.52490234375,"stores":1,"transactions":124,"margin":99.30000305175781},{"product":"TROPICANA ACAI EIGHTH - VYBZ","units":104,"revenue":2809.375,"cost":1040.0,"profit":1769.375,"stores":4,"transactions":98,"margin":63.0},{"product":"747 PRE ROLL - VYBZ","units":198,"revenue":2173.9999389648438,"cost":2.474999874830246,"profit":2171.5249633789062,"stores":1,"transactions":178,"margin":99.9000015258789}],"expansion":[{"product":"HELLA JELLY EIGHTH - VYBZ","current_stores":6,"total_stores":7,"missing_stores":["Elevation Downtown"],"revenue":208522.5},{"product":"CHEM NV EIGHTH - VYBZ","current_stores":6,"total_stores":7,"missing_stores":["Elevation Downtown"],"revenue":190732.24609375},{"product":"FRUITY P EIGHTH - VYBZ","current_stores":6,"total_stores":7,"missing_stores":["Elevation Downtown"],"revenue":167023.84765625},{"product":"GLITTERBOMB EIGHTH - VYBZ","current_stores":6,"total_stores":7,"missing_stores":["Elevation Downtown"],"revenue":126167.87109375},{"product":"O.B.X. EIGHTH - VYBZ","current_stores":6,"total_stores":7,"missing_stores":["Elevation Downtown"],"revenue":89277.978515625},{"product":"HONEYDEW EIGHTH - VYBZ","current_stores":6,"total_stores":7,"missing_stores":["Elevation Downtown"],"revenue":72115.17578125},{"product":"702 SOUR EIGHTH - VYBZ","current_stores":6,"total_stores":7,"missing_stores":["Elevation Parkway"],"revenue":39216.25},{"product":"GUAVA ICE EIGHTH - VYBZ","current_stores":4,"total_stores":7,"missing_stores":["Elevation Springs","Elevation Boulevard","Elevation Parkway"],"revenue":31265.0},{"product":"PURPLE HAZE PRE ROLL - VYBZ","current_stores":5,"total_stores":7,"missing_stores":["Elevation Mesa","Elevation Parkway"],"revenue":24873.525390625},{"product":"GARLIC LECREM EIGHTH - VYBZ","current_stores":4,"total_stores":7,"missing_stores":["Elevation Springs","Elevation Downtown","Elevation Parkway"],"revenue":18979.124755859375}]},"pricing_consistency":[{"product":"PURPLE HAZE PRE ROLL - VYBZ","min_price":13.560000610351564,"max_price":21.0137939453125,"avg_price":18.168680814906303,"std_dev":1.2377582139987338,"store_count":10,"price_range":7.453793334960936,"range_pct":41.0},{"product":"702 SOUR EIGHTH - VYBZ","min_price":39.75,"max_price":53.18877551020408,"avg_price":47.02923640902967,"std_dev":2.0823997764164215,"store_count":12,"price_range":13.438775510204085,"range_pct":28.6},{"product":"O.B.X. EIGHTH - VYBZ","min_price":42.1875,"max_price":53.578629032258064,"avg_price":48.69399362819606,"std_dev":1.7449122554469743,"store_count":12,"price_range":11.39112903225806,"range_pct":23.4},{"product":"HONEYDEW EIGHTH - VYBZ","min_price":46.096196868008946,"max_price":57.88043478260869,"avg_price":52.09198267634466,"std_dev":1.6501775743118823,"store_count":12,"price_range":11.784237914599744,"range_pct":22.6},{"product":"GOVERNMINT OASIS PRE ROLL - VYBZ","min_price":18.92838478088379,"max_price":21.075,"avg_price":20.001692390441896,"std_dev":0.6071544712141276,"store_count":4,"price_range":2.1466152191162102,"range_pct":10.7},{"product":"PURPLE SLUSH EIGHTH - VYBZ","min_price":47.42527173913044,"max_price":52.13098729227761,"avg_price":50.86259143947443,"std_dev":0.6620527907833961,"store_count":14,"price_range":4.705715553147174,"range_pct":9.3},{"product":"GOVERNMINT OASIS EIGHTH - VYBZ","min_price":49.42162462545597,"max_price":54.13333333333333,"avg_price":51.99347671463847,"std_dev":0.793111386023515,"store_count":14,"price_range":4.71170870787736,"range_pct":9.1},{"product":"MELONADE EIGHTH - VYBZ","min_price":50.74257425742574,"max_price":54.875,"avg_price":52.37252475247524,"std_dev":0.8800191099956043,"store_count":6,"price_range":4.132425742574259,"range_pct":7.9},{"product":"TROPICANA ACAI EIGHTH - VYBZ","min_price":51.5625,"max_price":55.60344827586207,"avg_price":52.92150939039409,"std_dev":0.7434963351964314,"store_count":8,"price_range":4.040948275862073,"range_pct":7.6},{"product":"CHEM NV EIGHTH - VYBZ","min_price":50.047816846986095,"max_price":52.98809015477396,"avg_price":51.03223265202508,"std_dev":0.5106410077845224,"store_count":12,"price_range":2.940273307787864,"range_pct":5.8},{"product":"PURPLE HAZE EIGHTH - VYBZ","min_price":51.65,"max_price":54.5064990234375,"avg_price":53.24644101339252,"std_dev":0.42356699291889616,"store_count":14,"price_range":2.856499023437502,"range_pct":5.4},{"product":"GLITTERBOMB EIGHTH - VYBZ","min_price":49.22032828282828,"max_price":51.893310546875,"avg_price":50.82811324479845,"std_dev":0.41106372276229647,"store_count":12,"price_range":2.6729822640467216,"range_pct":5.3},{"product":"HELLA JELLY EIGHTH - VYBZ","min_price":51.37150837988827,"max_price":53.82382386482802,"avg_price":51.96341611543967,"std_dev":0.37261345110466193,"store_count":12,"price_range":2.452315484939751,"range_pct":4.7},{"product":"GARLIC LECREM EIGHTH - VYBZ","min_price":49.55,"max_price":51.51209677419355,"avg_price":50.77989949872417,"std_dev":0.35947356823231197,"store_count":8,"price_range":1.962096774193549,"range_pct":3.9},{"product":"GUAVA ICE EIGHTH - VYBZ","min_price":50.25,"max_price":51.71717171717172,"avg_price":50.7508207070707,"std_dev":0.26884850426669266,"store_count":8,"price_range":1.467171717171718,"range_pct":2.9},{"product":"FRUITY P EIGHTH - VYBZ","min_price":50.81072351421189,"max_price":52.074997686327734,"avg_price":51.451852354597335,"std_dev":0.17492243585917466,"store_count":12,"price_range":1.264274172115849,"range_pct":2.5},{"product":"PURPLE SLUSH PRE ROLL - VYBZ","min_price":19.236547358902044,"max_price":19.247502136230466,"avg_price":19.24202474756626,"std_dev":0.0030984789341267738,"store_count":4,"price_range":0.010954777328422427,"range_pct":0.1}],"promotional_effectiveness":{"lift":{"fp_units_per_day":16.2,"disc_units_per_day":112.58,"lift_pct":594.9,"fp_avg_revenue_per_unit":66.075,"disc_avg_revenue_per_unit":47.875},"by_deal":[{"deal_name":"Stock & Save - 1/4 for $40","uses":11048,"revenue":949864.4000005722,"discounts":432773.100001812,"units":37980.0,"cost":460622.93749993434,"margin":51.5,"discount_depth":62.6},{"deal_name":"Lit4Less - 1/4 for $40","uses":3364,"revenue":284790.7124888897,"discounts":78965.53750634193,"units":11433.0,"cost":114455.0,"margin":59.8,"discount_depth":43.4},{"deal_name":"Industry - 30% Off","uses":1964,"revenue":95655.49983978271,"discounts":41086.99998140335,"units":4184.0,"cost":43822.72499977611,"margin":54.2,"discount_depth":60.0},{"deal_name":"30% Off Special","uses":1281,"revenue":63640.574984550476,"discounts":27283.174996376038,"units":2899.0,"cost":29370.16249994049,"margin":53.8,"discount_depth":60.0},{"deal_name":"Vybz 1/4 for $40","uses":675,"revenue":79455.0,"discounts":39720.0,"units":3178.0,"cost":43697.5,"margin":45.0,"discount_depth":66.6},{"deal_name":"4/20 2025 - Flower / Infused","uses":504,"revenue":32502.425000667572,"discounts":32547.574996948242,"units":2070.0,"cost":20945.799999986775,"margin":35.6,"discount_depth":100.0},{"deal_name":"40% Off Special","uses":190,"revenue":13350.0,"discounts":8900.0,"units":712.0,"cost":7135.0,"margin":46.6,"discount_depth":80.0},{"deal_name":"Senior - 10% Off","uses":137,"revenue":9132.500002384186,"discounts":1085.0000010430813,"units":339.0,"cost":3058.799999980256,"margin":66.5,"discount_depth":21.2},{"deal_name":"GW - 50% Off Flower","uses":129,"revenue":6886.675000190735,"discounts":6913.324999809265,"units":368.0,"cost":4600.0,"margin":33.2,"discount_depth":100.2},{"deal_name":"Jackpot - Locals 30% Off","uses":91,"revenue":5778.999991416931,"discounts":2478.499997854233,"units":246.0,"cost":2735.224999994971,"margin":52.7,"discount_depth":60.0},{"deal_name":"Stock & Save - PR - 5 for $30","uses":82,"revenue":1680.4999995231628,"discounts":559.4999998807907,"units":224.0,"cost":2.799999942071736,"margin":99.8,"discount_depth":50.0},{"deal_name":"Senior / Veterans - 20% Off","uses":70,"revenue":4539.500014781952,"discounts":1163.000003695488,"units":189.0,"cost":1713.2249999884516,"margin":62.3,"discount_depth":40.8},{"deal_name":"Veterans - 10% Off","uses":67,"revenue":3546.000006198883,"discounts":394.00000244379044,"units":156.0,"cost":1005.974999978207,"margin":71.6,"discount_depth":20.0},{"deal_name":"LVAC - 25% Off","uses":41,"revenue":2605.0,"discounts":847.5,"units":108.0,"cost":1057.6499999966472,"margin":59.4,"discount_depth":49.0},{"deal_name":"Employee 30% - NOT FRIDAYS","uses":39,"revenue":1920.0,"discounts":830.0,"units":84.0,"cost":900.0249999994412,"margin":53.1,"discount_depth":60.4},{"deal_name":"Employee - 40% OFF","uses":31,"revenue":2040.0,"discounts":1360.0,"units":96.0,"cost":1130.0,"margin":44.6,"discount_depth":80.0},{"deal_name":"40% Off - G2B","uses":23,"revenue":1297.5,"discounts":865.0,"units":56.0,"cost":687.5,"margin":47.0,"discount_depth":80.0},{"deal_name":"Sammy - Blowout Flower","uses":13,"revenue":690.625,"discounts":371.875,"units":34.0,"cost":340.0,"margin":50.8,"discount_depth":70.0},{"deal_name":"Store Credit - $25","uses":6,"revenue":1321.4874815940857,"discounts":453.5124945640564,"units":26.0,"cost":557.5,"margin":57.8,"discount_depth":51.2},{"deal_name":"Store Credit - $15","uses":3,"revenue":99.375,"discounts":100.625,"units":6.0,"cost":60.0,"margin":39.6,"discount_depth":100.6}]},"growth_opportunities":[{"type":"sku_expansion","title":"Add '702 SOUR EIGHTH - VYBZ' to 1 more store(s)","detail":"Carried in 6 stores. Missing from: Elevation Parkway","priority":"medium"},{"type":"sku_expansion","title":"Add 'CHEM NV EIGHTH - VYBZ' to 1 more store(s)","detail":"Carried in 6 stores. Missing from: Elevation Downtown","priority":"medium"},{"type":"sku_expansion","title":"Add 'FRUITY P EIGHTH - VYBZ' to 1 more store(s)","detail":"Carried in 6 stores. Missing from: Elevation Downtown","priority":"medium"},{"type":"sku_expansion","title":"Add 'GARLIC LECREM EIGHTH - VYBZ' to 3 more store(s)","detail":"Carried in 4 stores. Missing from: Elevation Springs, Elevation Downtown, Elevation Parkway","priority":"medium"},{"type":"sku_expansion","title":"Add 'GLITTERBOMB EIGHTH - VYBZ' to 1 more store(s)","detail":"Carried in 6 stores. Missing from: Elevation Downtown","priority":"medium"},{"type":"velocity","title":"Improve velocity in PRE ROLL","detail":"Velocity index 13 (below category average). 2.8 units/day vs 21.2 avg.","priority":"medium"}],"trend":[{"period":"2024-05","revenue":2640.0,"cost":1237.5,"margin":53.1,"units":90,"transactions":76,"profit":1402.5,"revenue_change_pct":null,"units_change_pct":null,"margin_change_pts":null},{"period":"2024-06","revenue":104538.75,"cost":52580.0,"margin":49.7,"units":3824,"transactions":2236,"profit":51958.75,"revenue_change_pct":3859.8,"units_change_pct":4148.9,"margin_change_pts":-3.4},{"period":"2024-07","revenue":73844.248046875,"cost":36602.5,"margin":50.4,"units":2662,"transactions":1678,"profit":37241.75048828125,"revenue_change_pct":-29.4,"units_change_pct":-30.4,"margin_change_pts":0.7},{"period":"2024-08","revenue":108844.1796875,"cost":54655.0,"margin":49.8,"units":4204,"transactions":2788,"profit":54189.1748046875,"revenue_change_pct":47.4,"units_change_pct":57.9,"margin_change_pts":-0.6},{"period":"2024-09","revenue":134531.123046875,"cost":62822.7734375,"margin":53.3,"units":5420,"transactions":3656,"profit":71708.349609375,"revenue_change_pct":23.6,"units_change_pct":28.9,"margin_change_pts":3.5},{"period":"2024-10","revenue":164235.25390625,"cost":74058.1494140625,"margin":54.9,"units":6972,"transactions":4396,"profit":90177.099609375,"revenue_change_pct":22.1,"units_change_pct":28.6,"margin_change_pts":1.6},{"period":"2024-11","revenue":122747.646484375,"cost":59381.4013671875,"margin":51.6,"units":5062,"transactions":3324,"profit":63366.25,"revenue_change_pct":-25.3,"units_change_pct":-27.4,"margin_change_pts":-3.3},{"period":"2024-12","revenue":97769.74609375,"cost":45502.7978515625,"margin":53.5,"units":3864,"transactions":2988,"profit":52266.9482421875,"revenue_change_pct":-20.3,"units_change_pct":-23.7,"margin_change_pts":1.8},{"period":"2025-01","revenue":144870.52734375,"cost":66588.1005859375,"margin":54.0,"units":6374,"transactions":3754,"profit":78282.4267578125,"revenue_change_pct":48.2,"units_change_pct":65.0,"margin_change_pts":0.6},{"period":"2025-02","revenue":106861.42578125,"cost":48261.6259765625,"margin":54.8,"units":4790,"transactions":3266,"profit":58599.7998046875,"revenue_change_pct":-26.2,"units_change_pct":-24.9,"margin_change_pts":0.8},{"period":"2025-03","revenue":127890.947265625,"cost":61304.27734375,"margin":52.1,"units":5246,"transactions":3300,"profit":66586.6748046875,"revenue_change_pct":19.7,"units_change_pct":9.5,"margin_change_pts":-2.8},{"period":"2025-04","revenue":134446.572265625,"cost":60588.92578125,"margin":54.9,"units":6044,"transactions":3636,"profit":73857.6513671875,"revenue_change_pct":5.1,"units_change_pct":15.2,"margin_change_pts":2.9},{"period":"2025-05","revenue":56551.875,"cost":21676.39892578125,"margin":61.7,"units":2162,"transactions":1700,"profit":34875.47607421875,"revenue_change_pct":-57.9,"units_change_pct":-64.2,"margin_change_pts":6.7},{"period":"2025-06","revenue":85421.904296875,"cost":33315.0,"margin":61.0,"units":3308,"transactions":2264,"profit":52106.8994140625,"revenue_change_pct":51.1,"units_change_pct":53.0,"margin_change_pts":-0.7},{"period":"2025-07","revenue":88990.0,"cost":34310.0,"margin":61.4,"units":3418,"transactions":2312,"profit":54680.0,"revenue_change_pct":4.2,"units_change_pct":3.3,"margin_change_pts":0.4},{"period":"2025-08","revenue":72646.25,"cost":28150.0,"margin":61.3,"units":2814,"transactions":1728,"profit":44496.25,"revenue_change_pct":-18.4,"units_change_pct":-17.7,"margin_change_pts":-0.2},{"period":"2025-09","revenue":100491.279296875,"cost":39517.5,"margin":60.7,"units":3694,"transactions":2552,"profit":60973.7744140625,"revenue_change_pct":38.3,"units_change_pct":31.3,"margin_change_pts":-0.6},{"period":"2025-10","revenue":65422.275390625,"cost":24607.5,"margin":62.4,"units":1904,"transactions":1502,"profit":40814.775390625,"revenue_change_pct":-34.9,"units_change_pct":-48.5,"margin_change_pts":1.7},{"period":"2025-11","revenue":58029.1259765625,"cost":21697.5,"margin":62.6,"units":2004,"transactions":1448,"profit":36331.6259765625,"revenue_change_pct":-11.3,"units_change_pct":5.3,"margin_change_pts":0.2},{"period":"2025-12","revenue":45784.951171875,"cost":18272.5,"margin":60.1,"units":1738,"transactions":1278,"profit":27512.451171875,"revenue_change_pct":-21.1,"units_change_pct":-13.3,"margin_change_pts":-2.5},{"period":"2026-01","revenue":63664.1015625,"cost":26900.0,"margin":57.7,"units":2690,"transactions":1868,"profit":36764.09912109375,"revenue_change_pct":39.1,"units_change_pct":54.8,"margin_change_pts":-2.3}]}