{"brand":"VYBZ","date_range":"2024-01-01 00:00:00 to 2026-01-31 00:00:00","period_label":"All Time","summary":{"total_units":78284,"total_revenue":1960222.1875,"total_cost":872029.453125,"total_discounts":722700.3125,"total_profit":1088192.734375,"overall_margin":55.5,"fp_margin":68.69999694824219,"disc_margin":53.0,"pct_full_price":16.0,"avg_discount_rate":26.899999618530273,"fp_revenue":313710.0,"disc_revenue":1646512.1875,"unique_customers":30840,"brand":"VYBZ","date_range":"2024-01-01 00:00:00 to 2026-01-31 00:00:00","months_count":42,"avg_monthly_cost":41525.200000000004,"cost_per_unit":22.275,"primary_category":"FLOWER","primary_cat_margin":54.099998474121094,"category_rank":12,"category_total":64,"margin_vs_category":1.399999976158142,"velocity_rank":9},"category_breakdown":[{"category_clean":"FLOWER","units":73984,"revenue":1919110.9375,"cost":871975.703125,"profit":1047135.234375,"discounts":707201.5625,"margin":54.599998474121094,"category_avg_margin":54.099998474121094,"vs_category":0.5,"rank":12.0,"total_brands":64.0},{"category_clean":"PRE ROLL","units":4300,"revenue":41111.2744140625,"cost":53.75,"profit":41057.5244140625,"discounts":15498.724365234375,"margin":99.9000015258789,"category_avg_margin":48.29999923706055,"vs_category":51.6,"rank":27.0,"total_brands":46.0}],"trend":[{"period":"2024-05","revenue":2640.0,"cost":1237.5,"margin":53.1,"units":90,"transactions":76,"profit":1402.5,"revenue_change_pct":null,"units_change_pct":null,"margin_change_pts":null},{"period":"2024-06","revenue":104538.75,"cost":52580.0,"margin":49.7,"units":3824,"transactions":2236,"profit":51958.75,"revenue_change_pct":3859.8,"units_change_pct":4148.9,"margin_change_pts":-3.4},{"period":"2024-07","revenue":73844.248046875,"cost":36602.5,"margin":50.4,"units":2662,"transactions":1678,"profit":37241.75048828125,"revenue_change_pct":-29.4,"units_change_pct":-30.4,"margin_change_pts":0.7},{"period":"2024-08","revenue":108844.1796875,"cost":54655.0,"margin":49.8,"units":4204,"transactions":2788,"profit":54189.1748046875,"revenue_change_pct":47.4,"units_change_pct":57.9,"margin_change_pts":-0.6},{"period":"2024-09","revenue":134531.123046875,"cost":62822.7734375,"margin":53.3,"units":5420,"transactions":3656,"profit":71708.349609375,"revenue_change_pct":23.6,"units_change_pct":28.9,"margin_change_pts":3.5},{"period":"2024-10","revenue":164235.25390625,"cost":74058.1494140625,"margin":54.9,"units":6972,"transactions":4396,"profit":90177.099609375,"revenue_change_pct":22.1,"units_change_pct":28.6,"margin_change_pts":1.6},{"period":"2024-11","revenue":122747.646484375,"cost":59381.4013671875,"margin":51.6,"units":5062,"transactions":3324,"profit":63366.25,"revenue_change_pct":-25.3,"units_change_pct":-27.4,"margin_change_pts":-3.3},{"period":"2024-12","revenue":97769.74609375,"cost":45502.7978515625,"margin":53.5,"units":3864,"transactions":2988,"profit":52266.9482421875,"revenue_change_pct":-20.3,"units_change_pct":-23.7,"margin_change_pts":1.8},{"period":"2025-01","revenue":144870.52734375,"cost":66588.1005859375,"margin":54.0,"units":6374,"transactions":3754,"profit":78282.4267578125,"revenue_change_pct":48.2,"units_change_pct":65.0,"margin_change_pts":0.6},{"period":"2025-02","revenue":106861.42578125,"cost":48261.6259765625,"margin":54.8,"units":4790,"transactions":3266,"profit":58599.7998046875,"revenue_change_pct":-26.2,"units_change_pct":-24.9,"margin_change_pts":0.8},{"period":"2025-03","revenue":127890.947265625,"cost":61304.27734375,"margin":52.1,"units":5246,"transactions":3300,"profit":66586.6748046875,"revenue_change_pct":19.7,"units_change_pct":9.5,"margin_change_pts":-2.8},{"period":"2025-04","revenue":134446.572265625,"cost":60588.92578125,"margin":54.9,"units":6044,"transactions":3636,"profit":73857.6513671875,"revenue_change_pct":5.1,"units_change_pct":15.2,"margin_change_pts":2.9},{"period":"2025-05","revenue":56551.875,"cost":21676.39892578125,"margin":61.7,"units":2162,"transactions":1700,"profit":34875.47607421875,"revenue_change_pct":-57.9,"units_change_pct":-64.2,"margin_change_pts":6.7},{"period":"2025-06","revenue":85421.904296875,"cost":33315.0,"margin":61.0,"units":3308,"transactions":2264,"profit":52106.8994140625,"revenue_change_pct":51.1,"units_change_pct":53.0,"margin_change_pts":-0.7},{"period":"2025-07","revenue":88990.0,"cost":34310.0,"margin":61.4,"units":3418,"transactions":2312,"profit":54680.0,"revenue_change_pct":4.2,"units_change_pct":3.3,"margin_change_pts":0.4},{"period":"2025-08","revenue":72646.25,"cost":28150.0,"margin":61.3,"units":2814,"transactions":1728,"profit":44496.25,"revenue_change_pct":-18.4,"units_change_pct":-17.7,"margin_change_pts":-0.2},{"period":"2025-09","revenue":100491.279296875,"cost":39517.5,"margin":60.7,"units":3694,"transactions":2552,"profit":60973.7744140625,"revenue_change_pct":38.3,"units_change_pct":31.3,"margin_change_pts":-0.6},{"period":"2025-10","revenue":65422.275390625,"cost":24607.5,"margin":62.4,"units":1904,"transactions":1502,"profit":40814.775390625,"revenue_change_pct":-34.9,"units_change_pct":-48.5,"margin_change_pts":1.7},{"period":"2025-11","revenue":58029.1259765625,"cost":21697.5,"margin":62.6,"units":2004,"transactions":1448,"profit":36331.6259765625,"revenue_change_pct":-11.3,"units_change_pct":5.3,"margin_change_pts":0.2},{"period":"2025-12","revenue":45784.951171875,"cost":18272.5,"margin":60.1,"units":1738,"transactions":1278,"profit":27512.451171875,"revenue_change_pct":-21.1,"units_change_pct":-13.3,"margin_change_pts":-2.5},{"period":"2026-01","revenue":63664.1015625,"cost":26900.0,"margin":57.7,"units":2690,"transactions":1868,"profit":36764.09912109375,"revenue_change_pct":39.1,"units_change_pct":54.8,"margin_change_pts":-2.3}],"share_of_category":[{"category":"FLOWER","brand_revenue":1919110.9375,"category_revenue":77755450.0,"revenue_share_pct":2.5,"brand_units":73984,"category_units":2708446,"units_share_pct":2.7},{"category":"PRE ROLL","brand_revenue":41111.279296875,"category_revenue":14009791.25,"revenue_share_pct":0.30000001192092896,"brand_units":4300,"category_units":1485736,"units_share_pct":0.3}],"share_of_category_trend":{"FLOWER":[{"period":"2024-01","brand_revenue":0.0,"category_revenue":3552357.8125,"share_pct":0.0},{"period":"2024-02","brand_revenue":0.0,"category_revenue":3535245.625,"share_pct":0.0},{"period":"2024-03","brand_revenue":0.0,"category_revenue":3693805.625,"share_pct":0.0},{"period":"2024-04","brand_revenue":0.0,"category_revenue":3541899.6875,"share_pct":0.0},{"period":"2024-05","brand_revenue":2640.0,"category_revenue":3537479.375,"share_pct":0.10000000149011612},{"period":"2024-06","brand_revenue":104538.75,"category_revenue":3403269.6875,"share_pct":3.0999999046325684},{"period":"2024-07","brand_revenue":73844.248046875,"category_revenue":3457705.9375,"share_pct":2.0999999046325684},{"period":"2024-08","brand_revenue":108844.1796875,"category_revenue":3453819.375,"share_pct":3.200000047683716},{"period":"2024-09","brand_revenue":129676.875,"category_revenue":3316441.5625,"share_pct":3.9000000953674316},{"period":"2024-10","brand_revenue":152060.0,"category_revenue":3585775.0,"share_pct":4.199999809265137},{"period":"2024-11","brand_revenue":119608.3984375,"category_revenue":3454855.3125,"share_pct":3.5},{"period":"2024-12","brand_revenue":94991.25,"category_revenue":3226567.8125,"share_pct":2.9000000953674316},{"period":"2025-01","brand_revenue":136537.529296875,"category_revenue":2984938.125,"share_pct":4.599999904632568},{"period":"2025-02","brand_revenue":99389.90234375,"category_revenue":2816220.0,"share_pct":3.5},{"period":"2025-03","brand_revenue":125561.4453125,"category_revenue":2911379.6875,"share_pct":4.300000190734863},{"period":"2025-04","brand_revenue":134416.572265625,"category_revenue":3118895.3125,"share_pct":4.300000190734863},{"period":"2025-05","brand_revenue":56551.875,"category_revenue":2887345.0,"share_pct":2.0},{"period":"2025-06","brand_revenue":85421.904296875,"category_revenue":2773698.125,"share_pct":3.0999999046325684},{"period":"2025-07","brand_revenue":88990.0,"category_revenue":2782763.125,"share_pct":3.200000047683716},{"period":"2025-08","brand_revenue":72646.25,"category_revenue":2733122.8125,"share_pct":2.700000047683716},{"period":"2025-09","brand_revenue":100491.279296875,"category_revenue":2603501.5625,"share_pct":3.9000000953674316},{"period":"2025-10","brand_revenue":65422.275390625,"category_revenue":2663705.0,"share_pct":2.5},{"period":"2025-11","brand_revenue":58029.1259765625,"category_revenue":2700189.0625,"share_pct":2.0999999046325684},{"period":"2025-12","brand_revenue":45784.951171875,"category_revenue":2515209.53125,"share_pct":1.7999999523162842},{"period":"2026-01","brand_revenue":63664.1015625,"category_revenue":2505261.875,"share_pct":2.5}],"PRE ROLL":[{"period":"2024-01","brand_revenue":0.0,"category_revenue":508338.515625,"share_pct":0.0},{"period":"2024-02","brand_revenue":0.0,"category_revenue":489393.671875,"share_pct":0.0},{"period":"2024-03","brand_revenue":0.0,"category_revenue":520052.3828125,"share_pct":0.0},{"period":"2024-04","brand_revenue":0.0,"category_revenue":491300.6640625,"share_pct":0.0},{"period":"2024-05","brand_revenue":0.0,"category_revenue":542202.890625,"share_pct":0.0},{"period":"2024-06","brand_revenue":0.0,"category_revenue":507288.8671875,"share_pct":0.0},{"period":"2024-07","brand_revenue":0.0,"category_revenue":524250.9765625,"share_pct":0.0},{"period":"2024-08","brand_revenue":0.0,"category_revenue":612518.7109375,"share_pct":0.0},{"period":"2024-09","brand_revenue":4854.2498779296875,"category_revenue":586543.0078125,"share_pct":0.800000011920929},{"period":"2024-10","brand_revenue":12175.250244140625,"category_revenue":641449.1796875,"share_pct":1.899999976158142},{"period":"2024-11","brand_revenue":3139.2498779296875,"category_revenue":579866.71875,"share_pct":0.5},{"period":"2024-12","brand_revenue":2778.5000610351562,"category_revenue":582999.5703125,"share_pct":0.5},{"period":"2025-01","brand_revenue":8332.999877929688,"category_revenue":544095.3125,"share_pct":1.5},{"period":"2025-02","brand_revenue":7471.5252685546875,"category_revenue":500875.5859375,"share_pct":1.5},{"period":"2025-03","brand_revenue":2329.499969482422,"category_revenue":551422.0703125,"share_pct":0.4000000059604645},{"period":"2025-04","brand_revenue":30.0,"category_revenue":568189.375,"share_pct":0.0},{"period":"2025-05","brand_revenue":0.0,"category_revenue":565516.875,"share_pct":0.0},{"period":"2025-06","brand_revenue":0.0,"category_revenue":560506.71875,"share_pct":0.0},{"period":"2025-07","brand_revenue":0.0,"category_revenue":600916.09375,"share_pct":0.0},{"period":"2025-08","brand_revenue":0.0,"category_revenue":620247.5,"share_pct":0.0},{"period":"2025-09","brand_revenue":0.0,"category_revenue":608971.09375,"share_pct":0.0},{"period":"2025-10","brand_revenue":0.0,"category_revenue":645293.1640625,"share_pct":0.0},{"period":"2025-11","brand_revenue":0.0,"category_revenue":581113.4765625,"share_pct":0.0},{"period":"2025-12","brand_revenue":0.0,"category_revenue":553088.5546875,"share_pct":0.0},{"period":"2026-01","brand_revenue":0.0,"category_revenue":523350.9375,"share_pct":0.0}]},"discount_depth":[{"tier":"0% (Full Price)","transactions":9086,"pct_of_transactions":15.3,"revenue":313710.0,"avg_discount":0.0},{"tier":"1-10%","transactions":642,"pct_of_transactions":1.1,"revenue":22129.0478515625,"avg_discount":19.799999237060547},{"tier":"11-20%","transactions":12244,"pct_of_transactions":20.6,"revenue":436009.84375,"avg_discount":40.0},{"tier":"21-30%","transactions":864,"pct_of_transactions":1.5,"revenue":21283.3984375,"avg_discount":54.0},{"tier":"31%+","transactions":28982,"pct_of_transactions":48.7,"revenue":967281.875,"avg_discount":70.80000305175781}],"velocity":{"units_per_day":127.92,"revenue_per_day":3202.974853515625,"avg_units_per_txn":3.02,"days_of_data":612,"total_units":78284,"total_transactions":51750},"velocity_by_category":[{"category":"FLOWER","brand_units_per_day":97.1,"category_avg_units_per_day":55.54,"velocity_index":174.8,"brand_rev_per_unit":20.75,"category_rev_per_unit":22.97,"brands_in_category":64},{"category":"PRE ROLL","brand_units_per_day":5.64,"category_avg_units_per_day":42.38,"velocity_index":13.3,"brand_rev_per_unit":7.65,"category_rev_per_unit":7.54,"brands_in_category":46}],"deals":[{"deal_name":"Stock & Save - 1/4 for $40","times_used":22096,"units":37980.0,"revenue":949864.4000005722,"discounts":432773.100001812,"cost":460622.93749993434,"profit":489241.46243810654,"pre_discount_revenue":1382637.5,"margin":51.5,"avg_discount":62.6},{"deal_name":"Lit4Less - 1/4 for $40","times_used":6728,"units":11433.0,"revenue":284790.7124888897,"discounts":78965.53750634193,"cost":114455.0,"profit":170335.71249306202,"pre_discount_revenue":363756.25,"margin":59.8,"avg_discount":43.4},{"deal_name":"Industry - 30% Off","times_used":3928,"units":4184.0,"revenue":95655.49983978271,"discounts":41086.99998140335,"cost":43822.72499977611,"profit":51832.7750647068,"pre_discount_revenue":136742.5,"margin":54.2,"avg_discount":60.0},{"deal_name":"30% Off Special","times_used":2562,"units":2899.0,"revenue":63640.574984550476,"discounts":27283.174996376038,"cost":29370.16249994049,"profit":34270.412464141846,"pre_discount_revenue":90923.75,"margin":53.8,"avg_discount":60.0},{"deal_name":"Vybz 1/4 for $40","times_used":1350,"units":3178.0,"revenue":79455.0,"discounts":39720.0,"cost":43697.5,"profit":35757.5,"pre_discount_revenue":119175.0,"margin":45.0,"avg_discount":66.6},{"deal_name":"4/20 2025 - Flower / Infused","times_used":1008,"units":2070.0,"revenue":32502.425000667572,"discounts":32547.574996948242,"cost":20945.799999986775,"profit":11556.624985933304,"pre_discount_revenue":65050.0,"margin":35.6,"avg_discount":100.0},{"deal_name":"40% Off Special","times_used":380,"units":712.0,"revenue":13350.0,"discounts":8900.0,"cost":7135.0,"profit":6215.0,"pre_discount_revenue":22250.0,"margin":46.6,"avg_discount":80.0},{"deal_name":"Senior - 10% Off","times_used":274,"units":339.0,"revenue":9132.500002384186,"discounts":1085.0000010430813,"cost":3058.799999980256,"profit":6073.699986338615,"pre_discount_revenue":10217.5,"margin":66.5,"avg_discount":21.2},{"deal_name":"GW - 50% Off Flower","times_used":258,"units":368.0,"revenue":6886.675000190735,"discounts":6913.324999809265,"cost":4600.0,"profit":2286.675000190735,"pre_discount_revenue":13800.0,"margin":33.2,"avg_discount":100.2},{"deal_name":"Jackpot - Locals 30% Off","times_used":182,"units":246.0,"revenue":5778.999991416931,"discounts":2478.499997854233,"cost":2735.224999994971,"profit":3043.775007724762,"pre_discount_revenue":8257.5,"margin":52.7,"avg_discount":60.0},{"deal_name":"Stock & Save - PR - 5 for $30","times_used":164,"units":224.0,"revenue":1680.4999995231628,"discounts":559.4999998807907,"cost":2.799999942071736,"profit":1677.6999413967133,"pre_discount_revenue":2240.0,"margin":99.8,"avg_discount":50.0},{"deal_name":"Senior / Veterans - 20% Off","times_used":140,"units":189.0,"revenue":4539.500014781952,"discounts":1163.000003695488,"cost":1713.2249999884516,"profit":2826.2750029563904,"pre_discount_revenue":5702.5,"margin":62.3,"avg_discount":40.8},{"deal_name":"Veterans - 10% Off","times_used":134,"units":156.0,"revenue":3546.000006198883,"discounts":394.00000244379044,"cost":1005.974999978207,"profit":2540.0249910354614,"pre_discount_revenue":3940.0,"margin":71.6,"avg_discount":20.0},{"deal_name":"LVAC - 25% Off","times_used":82,"units":108.0,"revenue":2605.0,"discounts":847.5,"cost":1057.6499999966472,"profit":1547.3499965667725,"pre_discount_revenue":3452.5,"margin":59.4,"avg_discount":49.0},{"deal_name":"Employee 30% - NOT FRIDAYS","times_used":78,"units":84.0,"revenue":1920.0,"discounts":830.0,"cost":900.0249999994412,"profit":1019.9749994277954,"pre_discount_revenue":2750.0,"margin":53.1,"avg_discount":60.4},{"deal_name":"Employee - 40% OFF","times_used":62,"units":96.0,"revenue":2040.0,"discounts":1360.0,"cost":1130.0,"profit":910.0,"pre_discount_revenue":3400.0,"margin":44.6,"avg_discount":80.0},{"deal_name":"40% Off - G2B","times_used":46,"units":56.0,"revenue":1297.5,"discounts":865.0,"cost":687.5,"profit":610.0,"pre_discount_revenue":2162.5,"margin":47.0,"avg_discount":80.0},{"deal_name":"Sammy - Blowout Flower","times_used":26,"units":34.0,"revenue":690.625,"discounts":371.875,"cost":340.0,"profit":350.625,"pre_discount_revenue":1062.5,"margin":50.8,"avg_discount":70.0},{"deal_name":"Store Credit - $25","times_used":12,"units":26.0,"revenue":1321.4874815940857,"discounts":453.5124945640564,"cost":557.5,"profit":763.987500667572,"pre_discount_revenue":1775.0,"margin":57.8,"avg_discount":51.0},{"deal_name":"Store Credit - $15","times_used":6,"units":6.0,"revenue":99.375,"discounts":100.625,"cost":60.0,"profit":39.375,"pre_discount_revenue":200.0,"margin":39.6,"avg_discount":100.6},{"deal_name":"Store Credit - $50","times_used":6,"units":7.0,"revenue":97.30000019073486,"discounts":121.44999980926514,"cost":70.0,"profit":27.300000190734863,"pre_discount_revenue":218.75,"margin":28.1,"avg_discount":111.0},{"deal_name":"Store Credit - $75","times_used":6,"units":5.0,"revenue":52.67500042915344,"discounts":103.57499957084656,"cost":50.0,"profit":2.6749998331069946,"pre_discount_revenue":156.25,"margin":5.1,"avg_discount":132.6},{"deal_name":"35% Off Special","times_used":2,"units":4.0,"revenue":81.25,"discounts":43.75,"cost":40.0,"profit":41.25,"pre_discount_revenue":125.0,"margin":50.8,"avg_discount":70.0},{"deal_name":"Medical - 10%","times_used":2,"units":2.0,"revenue":56.25,"discounts":6.25,"cost":20.0,"profit":36.25,"pre_discount_revenue":62.5,"margin":64.4,"avg_discount":20.0},{"deal_name":"Main St Happy Hour - 25% Off","times_used":2,"units":4.0,"revenue":93.75,"discounts":31.25,"cost":40.0,"profit":53.75,"pre_discount_revenue":125.0,"margin":57.3,"avg_discount":50.0},{"deal_name":"Store Credit - $150","times_used":2,"units":2.0,"revenue":8.924999833106995,"discounts":53.57500076293945,"cost":20.0,"profit":-11.074999570846558,"pre_discount_revenue":62.5,"margin":-124.1,"avg_discount":171.4},{"deal_name":"Veterans Day - 30% Off For Veterans!","times_used":2,"units":2.0,"revenue":52.5,"discounts":22.5,"cost":25.0,"profit":27.5,"pre_discount_revenue":75.0,"margin":52.4,"avg_discount":60.0},{"deal_name":"Neighborhood / ShareDowntown - 15%","times_used":2,"units":2.0,"revenue":53.125,"discounts":9.375,"cost":20.0,"profit":33.125,"pre_discount_revenue":62.5,"margin":62.4,"avg_discount":30.0}],"top_products":[{"product":"PURPLE SLUSH EIGHTH - VYBZ","units":19256,"revenue":491706.0546875,"cost":222405.0,"profit":269301.0546875,"transactions":14412,"margin":54.79999923706055},{"product":"GOVERNMINT OASIS EIGHTH - VYBZ","units":10016,"revenue":258199.47265625,"cost":106623.095703125,"profit":151576.376953125,"transactions":7508,"margin":58.70000076293945},{"product":"HELLA JELLY EIGHTH - VYBZ","units":8072,"revenue":208522.5,"cost":102635.625,"profit":105886.875,"transactions":6026,"margin":50.79999923706055},{"product":"CHEM NV EIGHTH - VYBZ","units":7488,"revenue":190732.24609375,"cost":93775.0,"profit":96957.24609375,"transactions":5612,"margin":50.79999923706055},{"product":"FRUITY P EIGHTH - VYBZ","units":6490,"revenue":167023.84765625,"cost":79900.0,"profit":87123.84765625,"transactions":5120,"margin":52.20000076293945},{"product":"PURPLE HAZE EIGHTH - VYBZ","units":6158,"revenue":164132.421875,"cost":76270.0,"profit":87862.421875,"transactions":4378,"margin":53.5},{"product":"GLITTERBOMB EIGHTH - VYBZ","units":4960,"revenue":126167.87109375,"cost":58715.0,"profit":67452.8759765625,"transactions":3970,"margin":53.5},{"product":"O.B.X. EIGHTH - VYBZ","units":3788,"revenue":89277.978515625,"cost":37880.0,"profit":51397.9736328125,"transactions":2740,"margin":57.599998474121094},{"product":"HONEYDEW EIGHTH - VYBZ","units":2922,"revenue":72115.17578125,"cost":29220.0,"profit":42895.17578125,"transactions":2304,"margin":59.5},{"product":"702 SOUR EIGHTH - VYBZ","units":1688,"revenue":39216.25,"cost":19090.0,"profit":20126.25,"transactions":1316,"margin":51.29999923706055},{"product":"GUAVA ICE EIGHTH - VYBZ","units":1232,"revenue":31265.0,"cost":15400.0,"profit":15865.0,"transactions":1022,"margin":50.70000076293945},{"product":"GOVERNMINT OASIS HALF OUNCE - VYBZ","units":300,"revenue":25636.69921875,"cost":9375.0,"profit":16261.700439453125,"transactions":254,"margin":63.400001525878906},{"product":"PURPLE HAZE PRE ROLL - VYBZ","units":2672,"revenue":24873.525390625,"cost":33.399999141693115,"profit":24840.12451171875,"transactions":2124,"margin":99.9000015258789},{"product":"GARLIC LECREM EIGHTH - VYBZ","units":748,"revenue":18979.124755859375,"cost":9350.0,"profit":9629.124755859375,"transactions":614,"margin":50.70000076293945},{"product":"O.B.X. HALF OUNCE - VYBZ","units":200,"revenue":18855.625,"cost":6250.0,"profit":12605.625,"transactions":182,"margin":66.9000015258789},{"product":"MELONADE EIGHTH - VYBZ","units":402,"revenue":10443.75,"cost":4020.0,"profit":6423.75,"transactions":348,"margin":61.5},{"product":"GOVERNMINT OASIS PRE ROLL - VYBZ","units":784,"revenue":7849.2498779296875,"cost":9.799999594688416,"profit":7839.4500732421875,"transactions":654,"margin":99.9000015258789},{"product":"PURPLE SLUSH PRE ROLL - VYBZ","units":646,"revenue":6214.5001220703125,"cost":8.075000047683716,"profit":6206.4251708984375,"transactions":528,"margin":99.9000015258789},{"product":"GRAPE GAS EIGHTH - VYBZ","units":160,"revenue":4027.5,"cost":26.97499990463257,"profit":4000.52490234375,"transactions":124,"margin":99.30000305175781},{"product":"TROPICANA ACAI EIGHTH - VYBZ","units":104,"revenue":2809.375,"cost":1040.0,"profit":1769.375,"transactions":98,"margin":63.0},{"product":"747 PRE ROLL - VYBZ","units":198,"revenue":2173.9999389648438,"cost":2.474999874830246,"profit":2171.5249633789062,"transactions":178,"margin":99.9000015258789}],"products_by_store":{"Elevation Springs":[{"product":"PURPLE SLUSH EIGHTH - VYBZ","units":2046,"revenue":53330.0,"cost":25080.0,"profit":28250.0,"transactions":1742,"margin":53.0},{"product":"GOVERNMINT OASIS EIGHTH - VYBZ","units":1288,"revenue":34690.0,"cost":13540.625,"profit":21149.375,"transactions":1110,"margin":61.0},{"product":"CHEM NV EIGHTH - VYBZ","units":1074,"revenue":27052.0751953125,"cost":13082.5,"profit":13969.5751953125,"transactions":918,"margin":51.599998474121094},{"product":"HELLA JELLY EIGHTH - VYBZ","units":938,"revenue":24121.25,"cost":12092.5,"profit":12028.75,"transactions":810,"margin":49.900001525878906},{"product":"PURPLE HAZE EIGHTH - VYBZ","units":800,"revenue":21195.8251953125,"cost":10125.0,"profit":11070.8251953125,"transactions":634,"margin":52.20000076293945},{"product":"FRUITY P EIGHTH - VYBZ","units":820,"revenue":21051.25,"cost":10247.5,"profit":10803.75,"transactions":692,"margin":51.29999923706055},{"product":"GLITTERBOMB EIGHTH - VYBZ","units":748,"revenue":19027.5,"cost":8725.0,"profit":10302.5,"transactions":664,"margin":54.099998474121094},{"product":"HONEYDEW EIGHTH - VYBZ","units":296,"revenue":7638.75,"cost":2960.0,"profit":4678.75,"transactions":272,"margin":61.29999923706055},{"product":"GOVERNMINT OASIS PRE ROLL - VYBZ","units":400,"revenue":4215.0,"cost":5.0,"profit":4210.0,"transactions":328,"margin":99.9000015258789},{"product":"PURPLE HAZE PRE ROLL - VYBZ","units":398,"revenue":4148.999938964844,"cost":4.975000023841858,"profit":4144.024963378906,"transactions":318,"margin":99.9000015258789},{"product":"O.B.X. EIGHTH - VYBZ","units":100,"revenue":2581.25,"cost":1000.0,"profit":1581.25,"transactions":78,"margin":61.29999923706055},{"product":"MELONADE EIGHTH - VYBZ","units":100,"revenue":2575.0,"cost":1000.0,"profit":1575.0,"transactions":98,"margin":61.20000076293945},{"product":"747 PRE ROLL - VYBZ","units":198,"revenue":2173.9999389648438,"cost":2.474999874830246,"profit":2171.5249633789062,"transactions":178,"margin":99.9000015258789},{"product":"702 SOUR EIGHTH - VYBZ","units":100,"revenue":1987.5,"cost":1250.0,"profit":737.5,"transactions":70,"margin":37.099998474121094},{"product":"PURPLE SLUSH PRE ROLL - VYBZ","units":200,"revenue":1924.7499084472656,"cost":2.5,"profit":1922.2499084472656,"transactions":174,"margin":99.9000015258789}],"Elevation Mesa":[{"product":"PURPLE SLUSH EIGHTH - VYBZ","units":4830,"revenue":123135.25390625,"cost":57027.5,"profit":66107.7490234375,"transactions":4084,"margin":53.70000076293945},{"product":"GOVERNMINT OASIS EIGHTH - VYBZ","units":1998,"revenue":53420.0,"cost":21021.2255859375,"profit":32398.7744140625,"transactions":1690,"margin":60.599998474121094},{"product":"FRUITY P EIGHTH - VYBZ","units":2026,"revenue":52751.97265625,"cost":24835.0,"profit":27916.97509765625,"transactions":1738,"margin":52.900001525878906},{"product":"HELLA JELLY EIGHTH - VYBZ","units":1790,"revenue":45977.5,"cost":22250.625,"profit":23726.875,"transactions":1470,"margin":51.599998474121094},{"product":"CHEM NV EIGHTH - VYBZ","units":1482,"revenue":39264.1748046875,"cost":19027.5,"profit":20236.6748046875,"transactions":1234,"margin":51.5},{"product":"PURPLE HAZE EIGHTH - VYBZ","units":1400,"revenue":37748.125,"cost":17620.0,"profit":20128.125,"transactions":1090,"margin":53.29999923706055},{"product":"GLITTERBOMB EIGHTH - VYBZ","units":886,"revenue":22223.75,"cost":10630.0,"profit":11593.75,"transactions":798,"margin":52.20000076293945},{"product":"HONEYDEW EIGHTH - VYBZ","units":894,"revenue":20605.0,"cost":8940.0,"profit":11665.0,"transactions":756,"margin":56.599998474121094},{"product":"702 SOUR EIGHTH - VYBZ","units":794,"revenue":19328.75,"cost":8930.0,"profit":10398.75,"transactions":706,"margin":53.79999923706055},{"product":"GUAVA ICE EIGHTH - VYBZ","units":684,"revenue":17337.5,"cost":8550.0,"profit":8787.5,"transactions":606,"margin":50.70000076293945},{"product":"O.B.X. EIGHTH - VYBZ","units":498,"revenue":11175.0,"cost":4980.0,"profit":6195.0,"transactions":422,"margin":55.400001525878906},{"product":"GARLIC LECREM EIGHTH - VYBZ","units":248,"revenue":6387.5,"cost":3100.0,"profit":3287.5,"transactions":226,"margin":51.5},{"product":"PURPLE SLUSH PRE ROLL - VYBZ","units":446,"revenue":4289.750061035156,"cost":5.575000047683716,"profit":4284.1748046875,"transactions":354,"margin":99.9000015258789},{"product":"GRAPE GAS EIGHTH - VYBZ","units":160,"revenue":4027.5,"cost":26.97499990463257,"profit":4000.52490234375,"transactions":124,"margin":99.30000305175781},{"product":"MELONADE EIGHTH - VYBZ","units":100,"revenue":2743.75,"cost":1000.0,"profit":1743.75,"transactions":92,"margin":63.599998474121094}],"Elevation Oasis":[{"product":"PURPLE SLUSH EIGHTH - VYBZ","units":6456,"revenue":162073.203125,"cost":72430.0,"profit":89643.203125,"transactions":3640,"margin":55.29999923706055},{"product":"GOVERNMINT OASIS EIGHTH - VYBZ","units":3838,"revenue":94840.09765625,"cost":41630.625,"profit":53209.47265625,"transactions":2290,"margin":56.099998474121094},{"product":"HELLA JELLY EIGHTH - VYBZ","units":2986,"revenue":77130.2490234375,"cost":37822.5,"profit":39307.7490234375,"transactions":1730,"margin":51.0},{"product":"CHEM NV EIGHTH - VYBZ","units":2588,"revenue":64761.875,"cost":31610.0,"profit":33151.875,"transactions":1462,"margin":51.20000076293945},{"product":"PURPLE HAZE EIGHTH - VYBZ","units":1888,"revenue":49641.8505859375,"cost":22230.0,"profit":27411.8505859375,"transactions":1018,"margin":55.20000076293945},{"product":"O.B.X. EIGHTH - VYBZ","units":1974,"revenue":48156.0986328125,"cost":19740.0,"profit":28416.10107421875,"transactions":1240,"margin":59.0},{"product":"GLITTERBOMB EIGHTH - VYBZ","units":1768,"revenue":45023.125,"cost":20860.0,"profit":24163.125,"transactions":1142,"margin":53.70000076293945},{"product":"FRUITY P EIGHTH - VYBZ","units":1548,"revenue":39327.5,"cost":18607.5,"profit":20720.0,"transactions":908,"margin":52.70000076293945},{"product":"HONEYDEW EIGHTH - VYBZ","units":1292,"revenue":31952.67578125,"cost":12920.0,"profit":19032.674560546875,"transactions":864,"margin":59.599998474121094},{"product":"GOVERNMINT OASIS HALF OUNCE - VYBZ","units":300,"revenue":25636.69921875,"cost":9375.0,"profit":16261.700439453125,"transactions":254,"margin":63.400001525878906},{"product":"O.B.X. HALF OUNCE - VYBZ","units":200,"revenue":18855.625,"cost":6250.0,"profit":12605.625,"transactions":182,"margin":66.9000015258789},{"product":"702 SOUR EIGHTH - VYBZ","units":504,"revenue":10562.5,"cost":5285.0,"profit":5277.5,"transactions":286,"margin":50.0},{"product":"GUAVA ICE EIGHTH - VYBZ","units":300,"revenue":7551.25,"cost":3750.0,"profit":3801.25,"transactions":194,"margin":50.29999923706055},{"product":"PURPLE HAZE PRE ROLL - VYBZ","units":600,"revenue":5560.4998779296875,"cost":7.5,"profit":5552.9998779296875,"transactions":428,"margin":99.9000015258789},{"product":"MELONADE EIGHTH - VYBZ","units":202,"revenue":5125.0,"cost":2020.0,"profit":3105.0,"transactions":158,"margin":60.599998474121094}],"Elevation Downtown":[{"product":"PURPLE SLUSH EIGHTH - VYBZ","units":184,"revenue":4363.125,"cost":2085.0,"profit":2278.125,"transactions":152,"margin":52.20000076293945},{"product":"GOVERNMINT OASIS EIGHTH - VYBZ","units":108,"revenue":2678.125,"cost":1080.0,"profit":1598.125,"transactions":78,"margin":59.70000076293945},{"product":"PURPLE HAZE EIGHTH - VYBZ","units":100,"revenue":2582.5,"cost":1000.0,"profit":1582.5,"transactions":68,"margin":61.29999923706055},{"product":"702 SOUR EIGHTH - VYBZ","units":98,"revenue":2337.5,"cost":1225.0,"profit":1112.5,"transactions":92,"margin":47.599998474121094},{"product":"GUAVA ICE EIGHTH - VYBZ","units":50,"revenue":1256.25,"cost":625.0,"profit":631.25,"transactions":48,"margin":50.20000076293945},{"product":"PURPLE HAZE PRE ROLL - VYBZ","units":100,"revenue":678.0000305175781,"cost":1.25,"profit":676.7499542236328,"transactions":88,"margin":99.80000305175781}],"Elevation Midtown":[{"product":"PURPLE SLUSH EIGHTH - VYBZ","units":1888,"revenue":49004.0478515625,"cost":21880.0,"profit":27124.05029296875,"transactions":1526,"margin":55.400001525878906},{"product":"GOVERNMINT OASIS EIGHTH - VYBZ","units":1198,"revenue":31368.125,"cost":13245.0,"profit":18123.125,"transactions":936,"margin":57.79999923706055},{"product":"HELLA JELLY EIGHTH - VYBZ","units":884,"revenue":22947.5,"cost":11425.0,"profit":11522.5,"transactions":718,"margin":50.20000076293945},{"product":"PURPLE HAZE EIGHTH - VYBZ","units":724,"revenue":19688.75,"cost":9477.5,"profit":10211.25,"transactions":554,"margin":51.900001525878906},{"product":"CHEM NV EIGHTH - VYBZ","units":698,"revenue":18256.25,"cost":8855.0,"profit":9401.25,"transactions":572,"margin":51.5},{"product":"FRUITY P EIGHTH - VYBZ","units":700,"revenue":17927.5,"cost":8755.0,"profit":9172.5,"transactions":560,"margin":51.20000076293945},{"product":"GLITTERBOMB EIGHTH - VYBZ","units":396,"revenue":9745.625,"cost":4705.0,"profit":5040.625,"transactions":328,"margin":51.70000076293945},{"product":"PURPLE HAZE PRE ROLL - VYBZ","units":994,"revenue":8392.025146484375,"cost":12.424999475479126,"profit":8379.599609375,"transactions":818,"margin":99.9000015258789},{"product":"O.B.X. EIGHTH - VYBZ","units":248,"revenue":6643.75,"cost":2480.0,"profit":4163.75,"transactions":230,"margin":62.70000076293945},{"product":"HONEYDEW EIGHTH - VYBZ","units":196,"revenue":5387.5,"cost":1960.0,"profit":3427.5,"transactions":184,"margin":63.599998474121094},{"product":"GUAVA ICE EIGHTH - VYBZ","units":198,"revenue":5120.0,"cost":2475.0,"profit":2645.0,"transactions":174,"margin":51.70000076293945},{"product":"GARLIC LECREM EIGHTH - VYBZ","units":200,"revenue":4955.0,"cost":2500.0,"profit":2455.0,"transactions":178,"margin":49.5},{"product":"702 SOUR EIGHTH - VYBZ","units":94,"revenue":2393.75,"cost":1175.0,"profit":1218.75,"transactions":80,"margin":50.900001525878906},{"product":"TROPICANA ACAI EIGHTH - VYBZ","units":14,"revenue":362.5,"cost":140.0,"profit":222.5,"transactions":14,"margin":61.400001525878906}],"Elevation Boulevard":[{"product":"PURPLE SLUSH EIGHTH - VYBZ","units":2996,"revenue":77778.5498046875,"cost":33960.0,"profit":43818.5498046875,"transactions":2558,"margin":56.29999923706055},{"product":"CHEM NV EIGHTH - VYBZ","units":1348,"revenue":33928.125,"cost":17350.0,"profit":16578.125,"transactions":1172,"margin":48.900001525878906},{"product":"FRUITY P EIGHTH - VYBZ","units":1296,"revenue":33378.125,"cost":16205.0,"profit":17173.125,"transactions":1134,"margin":51.5},{"product":"HELLA JELLY EIGHTH - VYBZ","units":1176,"revenue":30326.25,"cost":15075.0,"profit":15251.25,"transactions":1034,"margin":50.29999923706055},{"product":"GOVERNMINT OASIS EIGHTH - VYBZ","units":1136,"revenue":29023.125,"cost":11105.625,"profit":17917.5,"transactions":1008,"margin":61.70000076293945},{"product":"GLITTERBOMB EIGHTH - VYBZ","units":792,"revenue":20549.7509765625,"cost":9420.0,"profit":11129.749755859375,"transactions":698,"margin":54.20000076293945},{"product":"PURPLE HAZE EIGHTH - VYBZ","units":746,"revenue":19648.75,"cost":9570.0,"profit":10078.75,"transactions":606,"margin":51.29999923706055},{"product":"O.B.X. EIGHTH - VYBZ","units":900,"revenue":18984.375,"cost":9000.0,"profit":9984.375,"transactions":702,"margin":52.599998474121094},{"product":"PURPLE HAZE PRE ROLL - VYBZ","units":580,"revenue":6093.9996337890625,"cost":7.249999642372131,"profit":6086.7498779296875,"transactions":472,"margin":99.9000015258789},{"product":"HONEYDEW EIGHTH - VYBZ","units":198,"revenue":5200.0,"cost":1980.0,"profit":3220.0,"transactions":182,"margin":61.900001525878906},{"product":"702 SOUR EIGHTH - VYBZ","units":98,"revenue":2606.25,"cost":1225.0,"profit":1381.25,"transactions":82,"margin":53.0},{"product":"GARLIC LECREM EIGHTH - VYBZ","units":100,"revenue":2569.1250610351562,"cost":1250.0,"profit":1319.1250610351562,"transactions":90,"margin":51.29999923706055},{"product":"TROPICANA ACAI EIGHTH - VYBZ","units":16,"revenue":421.875,"cost":160.0,"profit":261.875,"transactions":16,"margin":62.099998474121094}],"Elevation Parkway":[{"product":"PURPLE SLUSH EIGHTH - VYBZ","units":856,"revenue":22021.875,"cost":9942.5,"profit":12079.375,"transactions":710,"margin":54.900001525878906},{"product":"PURPLE HAZE EIGHTH - VYBZ","units":500,"revenue":13626.624755859375,"cost":6247.5,"profit":7379.124755859375,"transactions":408,"margin":54.20000076293945},{"product":"GOVERNMINT OASIS EIGHTH - VYBZ","units":450,"revenue":12180.0,"cost":5000.0,"profit":7180.0,"transactions":396,"margin":58.900001525878906},{"product":"GLITTERBOMB EIGHTH - VYBZ","units":370,"revenue":9598.125,"cost":4375.0,"profit":5223.125,"transactions":340,"margin":54.400001525878906},{"product":"HELLA JELLY EIGHTH - VYBZ","units":298,"revenue":8019.749755859375,"cost":3970.0,"profit":4049.7500610351562,"transactions":264,"margin":50.5},{"product":"CHEM NV EIGHTH - VYBZ","units":298,"revenue":7469.749755859375,"cost":3850.0,"profit":3619.7500610351562,"transactions":254,"margin":48.5},{"product":"GOVERNMINT OASIS PRE ROLL - VYBZ","units":384,"revenue":3634.2498779296875,"cost":4.799999892711639,"profit":3629.4497680664062,"transactions":326,"margin":99.9000015258789},{"product":"FRUITY P EIGHTH - VYBZ","units":100,"revenue":2587.5,"cost":1250.0,"profit":1337.5,"transactions":88,"margin":51.70000076293945},{"product":"O.B.X. EIGHTH - VYBZ","units":68,"revenue":1737.5,"cost":680.0,"profit":1057.5,"transactions":68,"margin":60.900001525878906},{"product":"HONEYDEW EIGHTH - VYBZ","units":46,"revenue":1331.25,"cost":460.0,"profit":871.25,"transactions":46,"margin":65.4000015258789}]},"store_summary":[{"store_clean":"Elevation Oasis","units":26644,"revenue":691265.78125,"cost":307038.125,"profit":384227.6171875,"discounts":254296.7578125,"margin":55.599998474121094,"discount_rate":26.899999618530273},{"store_clean":"Elevation Mesa","units":18294,"revenue":462028.0078125,"cost":208524.39453125,"profit":253503.6328125,"discounts":177311.97265625,"margin":54.900001525878906,"discount_rate":27.700000762939453},{"store_clean":"Elevation Boulevard","units":11382,"revenue":280508.30078125,"cost":126307.87109375,"profit":154200.4296875,"discounts":104419.19921875,"margin":55.0,"discount_rate":27.100000381469727},{"store_clean":"Elevation Springs","units":9522,"revenue":228125.64453125,"cost":99278.076171875,"profit":128847.578125,"discounts":81571.8505859375,"margin":56.5,"discount_rate":26.299999237060547},{"store_clean":"Elevation Midtown","units":8432,"revenue":202192.32421875,"cost":89084.921875,"profit":113107.40234375,"discounts":73582.67578125,"margin":55.900001525878906,"discount_rate":26.700000762939453},{"store_clean":"Elevation Parkway","units":3370,"revenue":82206.62109375,"cost":35779.7998046875,"profit":46426.826171875,"discounts":27488.3740234375,"margin":56.5,"discount_rate":25.100000381469727},{"store_clean":"Elevation Downtown","units":640,"revenue":13895.50048828125,"cost":6016.25,"profit":7879.2498779296875,"discounts":4029.5001220703125,"margin":56.70000076293945,"discount_rate":22.5}],"recommendations":[{"severity":"red","title":"HIGH PROMOTION DEPENDENCY","detail":"Only 16% sells at full price. Heavy discounting required.","action":"Test reducing deal frequency \u2014 track velocity without promos."},{"severity":"info","title":"VOLUME LEVERAGE","detail":"$784,089 revenue provides negotiating leverage.","action":"Use volume as leverage in next vendor meeting."}],"comparison":null}