{"brand":"CHEECH & CHONGS","date_range":"2024-01-01 00:00:00 to 2026-01-31 00:00:00","period_label":"All Time","summary":{"total_units":121772,"total_revenue":2367594.21875,"total_cost":1032190.859375,"total_discounts":605605.6640625,"total_profit":1335403.4375,"overall_margin":56.400001525878906,"fp_margin":63.400001525878906,"disc_margin":52.099998474121094,"pct_full_price":37.900001525878906,"avg_discount_rate":20.399999618530273,"fp_revenue":898102.5,"disc_revenue":1469491.875,"brand":"CHEECH & CHONGS","date_range":"2024-01-01 00:00:00 to 2026-01-31 00:00:00","primary_category":"FLOWER","store_coverage":"6/7","stores_present":["Elevation Springs","Elevation Mesa","Elevation Oasis","Elevation Midtown","Elevation Boulevard","Elevation Parkway"],"stores_missing":["Elevation Downtown"],"velocity_rank":12,"velocity_total":64},"distribution":[{"store":"Elevation Springs","carries_brand":true,"sku_count":18,"revenue":502727.734375,"units":27568,"store_total_revenue":51138750.0,"brand_share_pct":1.0},{"store":"Elevation Mesa","carries_brand":true,"sku_count":18,"revenue":507636.6796875,"units":27878,"store_total_revenue":47532240.0,"brand_share_pct":1.100000023841858},{"store":"Elevation Oasis","carries_brand":true,"sku_count":18,"revenue":540422.421875,"units":21178,"store_total_revenue":56050145.0,"brand_share_pct":1.0},{"store":"Elevation Downtown","carries_brand":false,"sku_count":0,"revenue":0.0,"units":0,"store_total_revenue":1945237.1875,"brand_share_pct":0},{"store":"Elevation Midtown","carries_brand":true,"sku_count":18,"revenue":292913.8671875,"units":14032,"store_total_revenue":30850185.0,"brand_share_pct":0.8999999761581421},{"store":"Elevation Boulevard","carries_brand":true,"sku_count":18,"revenue":313219.453125,"units":19418,"store_total_revenue":28757865.0,"brand_share_pct":1.100000023841858},{"store":"Elevation Parkway","carries_brand":true,"sku_count":18,"revenue":210674.21875,"units":11698,"store_total_revenue":21987007.5,"brand_share_pct":1.0}],"share_of_category":[{"category":"FLOWER","brand_revenue":1768866.25,"category_revenue":77755450.0,"revenue_share_pct":2.299999952316284,"brand_units":65516,"category_units":2708446,"units_share_pct":2.4},{"category":"PRE ROLL","brand_revenue":598728.0859375,"category_revenue":14009791.25,"revenue_share_pct":4.300000190734863,"brand_units":56256,"category_units":1485736,"units_share_pct":3.8}],"share_of_category_trend":{"FLOWER":[{"period":"2024-01","brand_revenue":137058.02734375,"category_revenue":3552357.8125,"share_pct":3.9000000953674316},{"period":"2024-02","brand_revenue":146635.703125,"category_revenue":3535245.625,"share_pct":4.099999904632568},{"period":"2024-03","brand_revenue":111801.904296875,"category_revenue":3693805.625,"share_pct":3.0},{"period":"2024-04","brand_revenue":99142.177734375,"category_revenue":3541899.6875,"share_pct":2.799999952316284},{"period":"2024-05","brand_revenue":105771.77734375,"category_revenue":3537479.375,"share_pct":3.0},{"period":"2024-06","brand_revenue":134058.5546875,"category_revenue":3403269.6875,"share_pct":3.9000000953674316},{"period":"2024-07","brand_revenue":96487.802734375,"category_revenue":3457705.9375,"share_pct":2.799999952316284},{"period":"2024-08","brand_revenue":84536.25,"category_revenue":3453819.375,"share_pct":2.4000000953674316},{"period":"2024-09","brand_revenue":11438.00048828125,"category_revenue":3316441.5625,"share_pct":0.30000001192092896},{"period":"2024-10","brand_revenue":0.0,"category_revenue":3585775.0,"share_pct":0.0},{"period":"2024-11","brand_revenue":0.0,"category_revenue":3454855.3125,"share_pct":0.0},{"period":"2024-12","brand_revenue":0.0,"category_revenue":3226567.8125,"share_pct":0.0},{"period":"2025-01","brand_revenue":12979.024658203125,"category_revenue":2984938.125,"share_pct":0.4000000059604645},{"period":"2025-02","brand_revenue":48858.9013671875,"category_revenue":2816220.0,"share_pct":1.7000000476837158},{"period":"2025-03","brand_revenue":60944.90234375,"category_revenue":2911379.6875,"share_pct":2.0999999046325684},{"period":"2025-04","brand_revenue":67303.9501953125,"category_revenue":3118895.3125,"share_pct":2.200000047683716},{"period":"2025-05","brand_revenue":84194.677734375,"category_revenue":2887345.0,"share_pct":2.9000000953674316},{"period":"2025-06","brand_revenue":67137.2265625,"category_revenue":2773698.125,"share_pct":2.4000000953674316},{"period":"2025-07","brand_revenue":100553.720703125,"category_revenue":2782763.125,"share_pct":3.5999999046325684},{"period":"2025-08","brand_revenue":88345.771484375,"category_revenue":2733122.8125,"share_pct":3.200000047683716},{"period":"2025-09","brand_revenue":63054.599609375,"category_revenue":2603501.5625,"share_pct":2.4000000953674316},{"period":"2025-10","brand_revenue":57151.201171875,"category_revenue":2663705.0,"share_pct":2.0999999046325684},{"period":"2025-11","brand_revenue":63791.826171875,"category_revenue":2700189.0625,"share_pct":2.4000000953674316},{"period":"2025-12","brand_revenue":66137.1240234375,"category_revenue":2515209.53125,"share_pct":2.5999999046325684},{"period":"2026-01","brand_revenue":61483.125,"category_revenue":2505261.875,"share_pct":2.5}],"PRE ROLL":[{"period":"2024-01","brand_revenue":42259.7509765625,"category_revenue":508338.515625,"share_pct":8.300000190734863},{"period":"2024-02","brand_revenue":41997.8271484375,"category_revenue":489393.671875,"share_pct":8.600000381469727},{"period":"2024-03","brand_revenue":40994.7998046875,"category_revenue":520052.3828125,"share_pct":7.900000095367432},{"period":"2024-04","brand_revenue":25389.25048828125,"category_revenue":491300.6640625,"share_pct":5.199999809265137},{"period":"2024-05","brand_revenue":29272.1240234375,"category_revenue":542202.890625,"share_pct":5.400000095367432},{"period":"2024-06","brand_revenue":24192.2509765625,"category_revenue":507288.8671875,"share_pct":4.800000190734863},{"period":"2024-07","brand_revenue":21223.5009765625,"category_revenue":524250.9765625,"share_pct":4.0},{"period":"2024-08","brand_revenue":15740.250244140625,"category_revenue":612518.7109375,"share_pct":2.5999999046325684},{"period":"2024-09","brand_revenue":3814.5001220703125,"category_revenue":586543.0078125,"share_pct":0.699999988079071},{"period":"2024-10","brand_revenue":0.0,"category_revenue":641449.1796875,"share_pct":0.0},{"period":"2024-11","brand_revenue":0.0,"category_revenue":579866.71875,"share_pct":0.0},{"period":"2024-12","brand_revenue":0.0,"category_revenue":582999.5703125,"share_pct":0.0},{"period":"2025-01","brand_revenue":4541.25,"category_revenue":544095.3125,"share_pct":0.800000011920929},{"period":"2025-02","brand_revenue":11140.50048828125,"category_revenue":500875.5859375,"share_pct":2.200000047683716},{"period":"2025-03","brand_revenue":25276.0009765625,"category_revenue":551422.0703125,"share_pct":4.599999904632568},{"period":"2025-04","brand_revenue":25252.5,"category_revenue":568189.375,"share_pct":4.400000095367432},{"period":"2025-05","brand_revenue":33659.7509765625,"category_revenue":565516.875,"share_pct":6.0},{"period":"2025-06","brand_revenue":20766.75048828125,"category_revenue":560506.71875,"share_pct":3.700000047683716},{"period":"2025-07","brand_revenue":31555.0,"category_revenue":600916.09375,"share_pct":5.300000190734863},{"period":"2025-08","brand_revenue":56610.5517578125,"category_revenue":620247.5,"share_pct":9.100000381469727},{"period":"2025-09","brand_revenue":33970.224609375,"category_revenue":608971.09375,"share_pct":5.599999904632568},{"period":"2025-10","brand_revenue":32253.7744140625,"category_revenue":645293.1640625,"share_pct":5.0},{"period":"2025-11","brand_revenue":21615.74951171875,"category_revenue":581113.4765625,"share_pct":3.700000047683716},{"period":"2025-12","brand_revenue":28976.39892578125,"category_revenue":553088.5546875,"share_pct":5.199999809265137},{"period":"2026-01","brand_revenue":28225.3759765625,"category_revenue":523350.9375,"share_pct":5.400000095367432}]},"velocity_by_category":[{"category":"PRE ROLL","brand_units_per_day":73.82,"category_avg_units_per_day":42.38,"velocity_index":174.2,"brand_rev_per_unit":8.51,"category_rev_per_unit":7.54,"brands_in_category":46},{"category":"FLOWER","brand_units_per_day":85.98,"category_avg_units_per_day":55.54,"velocity_index":154.8,"brand_rev_per_unit":21.6,"category_rev_per_unit":22.97,"brands_in_category":64}],"store_gaps":[{"store":"Elevation Downtown","category":"FLOWER","category_revenue_at_store":324929.8828125,"opportunity":"Brand not carried"},{"store":"Elevation Downtown","category":"PRE ROLL","category_revenue_at_store":196139.1015625,"opportunity":"Brand not carried"}],"product_mix":{"top":[{"product":"DROOLER EIGHTH - CHEECH & CHONGS","units":20924,"revenue":719113.515625,"cost":308835.1171875,"profit":410278.4375,"stores":6,"transactions":15590,"margin":57.099998474121094},{"product":"LOVE MACHINE EIGHTH - CHEECH & CHONGS","units":16804,"revenue":552091.71875,"cost":233810.5078125,"profit":318281.23046875,"stores":6,"transactions":12702,"margin":57.70000076293945},{"product":"STADANKOHH EIGHTH - CHEECH & CHONGS","units":9304,"revenue":299818.671875,"cost":136915.25390625,"profit":162903.427734375,"stores":6,"transactions":7324,"margin":54.29999923706055},{"product":"LOVE MACHINE PRE ROLL - CHEECH & CHONGS","units":25404,"revenue":269996.9921875,"cost":114020.0,"profit":155977.001953125,"stores":6,"transactions":18452,"margin":57.79999923706055},{"product":"DROOLER PRE ROLL - CHEECH & CHONGS","units":20552,"revenue":226507.03125,"cost":101300.0,"profit":125207.021484375,"stores":6,"transactions":15492,"margin":55.29999923706055},{"product":"STADANKOHH PRE ROLL - CHEECH & CHONGS","units":10300,"revenue":102224.052734375,"cost":44890.0,"profit":57334.0478515625,"stores":6,"transactions":8234,"margin":56.099998474121094},{"product":"DROOLER GRAM - CHEECH & CHONGS","units":9558,"revenue":101380.1953125,"cost":47790.0,"profit":53590.2001953125,"stores":6,"transactions":7786,"margin":52.900001525878906},{"product":"LOVE MACHINE GRAM - CHEECH & CHONGS","units":5224,"revenue":56703.75,"cost":26120.0,"profit":30583.75,"stores":6,"transactions":4396,"margin":53.900001525878906},{"product":"STADANKOHH GRAM - CHEECH & CHONGS","units":3702,"revenue":39758.3251953125,"cost":18510.0,"profit":21248.3251953125,"stores":6,"transactions":3180,"margin":53.400001525878906}],"bottom":[],"expansion":[]},"pricing_consistency":[{"product":"STADANKOHH PRE ROLL - CHEECH & CHONGS","min_price":18.294503976632882,"max_price":23.34786775991345,"avg_price":19.985984421675557,"std_dev":0.6987954128541332,"store_count":12,"price_range":5.053363783280565,"range_pct":25.3},{"product":"STADANKOHH EIGHTH - CHEECH & CHONGS","min_price":59.17324923485825,"max_price":69.39331520012706,"avg_price":63.633887129327825,"std_dev":1.7142733875117744,"store_count":12,"price_range":10.220065965268823,"range_pct":16.1},{"product":"LOVE MACHINE PRE ROLL - CHEECH & CHONGS","min_price":19.75589236697635,"max_price":22.855877543604652,"avg_price":21.227856673984956,"std_dev":0.5005325582564287,"store_count":12,"price_range":3.0999851766283015,"range_pct":14.6},{"product":"LOVE MACHINE GRAM - CHEECH & CHONGS","min_price":20.35823170731707,"max_price":23.442028985507246,"avg_price":22.01633739452798,"std_dev":0.4774283810864168,"store_count":12,"price_range":3.0837972781901746,"range_pct":14.0},{"product":"STADANKOHH GRAM - CHEECH & CHONGS","min_price":20.891203703703702,"max_price":23.773041474654377,"avg_price":21.85971888821056,"std_dev":0.48890267652858965,"store_count":12,"price_range":2.881837770950675,"range_pct":13.2},{"product":"DROOLER GRAM - CHEECH & CHONGS","min_price":20.671847442680775,"max_price":23.4703196347032,"avg_price":21.58057763819468,"std_dev":0.45205483228840176,"store_count":12,"price_range":2.798472192022423,"range_pct":13.0},{"product":"DROOLER PRE ROLL - CHEECH & CHONGS","min_price":20.488493660210793,"max_price":23.3602436959844,"avg_price":22.14609072466907,"std_dev":0.3717535523856919,"store_count":12,"price_range":2.871750035773606,"range_pct":13.0},{"product":"LOVE MACHINE EIGHTH - CHEECH & CHONGS","min_price":63.13681685216895,"max_price":69.64660752177028,"avg_price":65.8030710132609,"std_dev":1.0470926251661548,"store_count":12,"price_range":6.509790669601339,"range_pct":9.9},{"product":"DROOLER EIGHTH - CHEECH & CHONGS","min_price":66.93755421164225,"max_price":71.9758086622807,"avg_price":68.73927222917976,"std_dev":0.744318128855244,"store_count":12,"price_range":5.038254450638453,"range_pct":7.3}],"promotional_effectiveness":{"lift":{"fp_units_per_day":69.26,"disc_units_per_day":128.7,"lift_pct":85.8,"fp_avg_revenue_per_unit":42.65,"disc_avg_revenue_per_unit":36.9},"by_deal":[{"deal_name":"Industry - 30% Off","uses":6191,"revenue":261161.75020694733,"discounts":111969.4982111454,"units":15670.0,"cost":143535.0,"margin":45.0,"discount_depth":60.0},{"deal_name":"Lit4Less - PR - 5 for $30","uses":4501,"revenue":136900.54999783635,"discounts":94666.95000171661,"units":18272.0,"cost":70697.5,"margin":48.4,"discount_depth":81.8},{"deal_name":"Lit4Less - 1/4 for $50","uses":2372,"revenue":262771.0125041008,"discounts":80610.23749828339,"units":8420.0,"cost":87866.50172710419,"margin":66.6,"discount_depth":47.0},{"deal_name":"Redwood Family 1/4 - $50","uses":1832,"revenue":187748.89999389648,"discounts":74303.60000133514,"units":5999.0,"cost":98867.5,"margin":47.3,"discount_depth":56.8},{"deal_name":"Industry 30% Off","uses":1537,"revenue":82303.58747959137,"discounts":35683.91249537468,"units":4085.0,"cost":36929.9378824234,"margin":55.1,"discount_depth":60.4},{"deal_name":"Senior - 10% Off","uses":1179,"revenue":90025.96343517303,"discounts":10195.28748512268,"units":3787.0,"cost":36754.312554597855,"margin":59.2,"discount_depth":20.4},{"deal_name":"4/20 2025 - Flower / Infused","uses":686,"revenue":27873.324999809265,"discounts":28221.675000190735,"units":2092.0,"cost":21142.5,"margin":24.1,"discount_depth":100.6},{"deal_name":"Veterans - 10% Off","uses":531,"revenue":30473.37530374527,"discounts":3435.374997854233,"units":1412.0,"cost":12483.750014305115,"margin":59.0,"discount_depth":20.2},{"deal_name":"Senior / Veterans - 20% Off","uses":497,"revenue":39760.36241054535,"discounts":9989.637475013733,"units":1755.0,"cost":18067.312537431717,"margin":54.6,"discount_depth":40.2},{"deal_name":"4/20 40% Off!!!!","uses":307,"revenue":19675.82465171814,"discounts":13124.174959659576,"units":1090.0,"cost":12640.0,"margin":35.8,"discount_depth":80.0},{"deal_name":"Redwood 30% Off","uses":277,"revenue":17765.625,"discounts":7621.875,"units":777.0,"cost":6669.687629938126,"margin":62.5,"discount_depth":60.0},{"deal_name":"Jackpot - Locals 30% Off","uses":269,"revenue":22092.00005531311,"discounts":9467.999933958054,"units":924.0,"cost":10040.375049114227,"margin":54.6,"discount_depth":60.0},{"deal_name":"50% Off - G2B","uses":251,"revenue":12441.224999427795,"discounts":12508.775000572205,"units":809.0,"cost":6543.500111103058,"margin":47.4,"discount_depth":100.2},{"deal_name":"30% Off Special","uses":189,"revenue":10775.999999046326,"discounts":4628.99994969368,"units":458.0,"cost":5146.62504196167,"margin":52.2,"discount_depth":60.0},{"deal_name":"Jackpot Exclusive - 1/2 oz / Full Oz Deal","uses":113,"revenue":14553.125,"discounts":11959.375,"units":606.0,"cost":6097.875118255615,"margin":58.1,"discount_depth":90.2},{"deal_name":"LVAC - 25% Off","uses":85,"revenue":3356.25,"discounts":1118.75,"units":202.0,"cost":1564.000005722046,"margin":53.4,"discount_depth":50.0},{"deal_name":"Redwood Family 1/4 - $50 (Cheech + Chong / Tyson / Willies)","uses":68,"revenue":6375.0,"discounts":1587.5,"units":204.0,"cost":3030.3750014305115,"margin":52.5,"discount_depth":39.8},{"deal_name":"Employee 30% - NOT FRIDAYS","uses":57,"revenue":2342.000002861023,"discounts":1092.9999947547913,"units":128.0,"cost":1188.5000038146973,"margin":49.3,"discount_depth":63.6},{"deal_name":"Employee - 40% OFF","uses":46,"revenue":1931.9999980926514,"discounts":1288.0000019073486,"units":142.0,"cost":1118.1250023841858,"margin":42.1,"discount_depth":80.0},{"deal_name":"Store Credit - $15","uses":16,"revenue":330.487499833107,"discounts":250.76249957084656,"units":25.0,"cost":161.8125021457672,"margin":51.0,"discount_depth":86.2}]},"growth_opportunities":[{"type":"distribution","title":"Expand to Elevation Downtown","detail":"Store has $208,428 in FLOWER, PRE ROLL \u2014 categories where CHEECH & CHONGS competes.","priority":"high"}],"trend":[{"period":"2024-01","revenue":179317.7734375,"cost":85792.5,"margin":52.2,"units":8734,"transactions":6470,"profit":93525.2734375,"revenue_change_pct":null,"units_change_pct":null,"margin_change_pts":null},{"period":"2024-02","revenue":188633.515625,"cost":86982.5,"margin":53.9,"units":8572,"transactions":6352,"profit":101651.025390625,"revenue_change_pct":5.2,"units_change_pct":-1.9,"margin_change_pts":1.7},{"period":"2024-03","revenue":152796.69921875,"cost":70825.0,"margin":53.6,"units":7876,"transactions":6050,"profit":81971.69921875,"revenue_change_pct":-19.0,"units_change_pct":-8.1,"margin_change_pts":-0.2},{"period":"2024-04","revenue":124531.42578125,"cost":59202.5,"margin":52.5,"units":5962,"transactions":4418,"profit":65328.92578125,"revenue_change_pct":-18.5,"units_change_pct":-24.3,"margin_change_pts":-1.2},{"period":"2024-05","revenue":135043.896484375,"cost":60657.5,"margin":55.1,"units":6712,"transactions":5174,"profit":74386.4013671875,"revenue_change_pct":8.4,"units_change_pct":12.6,"margin_change_pts":2.6},{"period":"2024-06","revenue":158250.80078125,"cost":74430.0,"margin":53.0,"units":7264,"transactions":5348,"profit":83820.80078125,"revenue_change_pct":17.2,"units_change_pct":8.2,"margin_change_pts":-2.1},{"period":"2024-07","revenue":117711.298828125,"cost":55140.0,"margin":53.2,"units":5968,"transactions":4596,"profit":62571.298828125,"revenue_change_pct":-25.6,"units_change_pct":-17.8,"margin_change_pts":0.2},{"period":"2024-08","revenue":100276.50390625,"cost":46547.5,"margin":53.6,"units":4530,"transactions":3372,"profit":53728.9990234375,"revenue_change_pct":-14.8,"units_change_pct":-24.1,"margin_change_pts":0.4},{"period":"2024-09","revenue":15252.5,"cost":7345.0,"margin":51.8,"units":742,"transactions":588,"profit":7907.5,"revenue_change_pct":-84.8,"units_change_pct":-83.6,"margin_change_pts":-1.7},{"period":"2025-01","revenue":17520.274658203125,"cost":7972.5,"margin":54.5,"units":848,"transactions":682,"profit":9547.775268554688,"revenue_change_pct":14.9,"units_change_pct":14.3,"margin_change_pts":2.7},{"period":"2025-02","revenue":59999.3994140625,"cost":27097.5,"margin":54.8,"units":2552,"transactions":1952,"profit":32901.8994140625,"revenue_change_pct":242.5,"units_change_pct":200.9,"margin_change_pts":0.3},{"period":"2025-03","revenue":86220.8984375,"cost":37522.5,"margin":56.5,"units":4156,"transactions":3190,"profit":48698.3984375,"revenue_change_pct":43.7,"units_change_pct":62.9,"margin_change_pts":1.6},{"period":"2025-04","revenue":92556.4453125,"cost":49552.5,"margin":46.5,"units":5272,"transactions":3744,"profit":43003.9501953125,"revenue_change_pct":7.3,"units_change_pct":26.9,"margin_change_pts":-10.0},{"period":"2025-05","revenue":117854.423828125,"cost":50295.0,"margin":57.3,"units":5558,"transactions":4056,"profit":67559.423828125,"revenue_change_pct":27.3,"units_change_pct":5.4,"margin_change_pts":10.9},{"period":"2025-06","revenue":87903.974609375,"cost":37950.0,"margin":56.8,"units":3892,"transactions":2904,"profit":49953.974609375,"revenue_change_pct":-25.4,"units_change_pct":-30.0,"margin_change_pts":-0.5},{"period":"2025-07","revenue":132108.720703125,"cost":50226.376953125,"margin":62.0,"units":6718,"transactions":4472,"profit":81882.353515625,"revenue_change_pct":50.3,"units_change_pct":72.6,"margin_change_pts":5.2},{"period":"2025-08","revenue":144956.328125,"cost":55125.751953125,"margin":62.0,"units":9470,"transactions":5550,"profit":89830.576171875,"revenue_change_pct":9.7,"units_change_pct":41.0,"margin_change_pts":-0.0},{"period":"2025-09","revenue":97024.82421875,"cost":35297.8759765625,"margin":63.6,"units":5872,"transactions":3748,"profit":61726.953125,"revenue_change_pct":-33.1,"units_change_pct":-38.0,"margin_change_pts":1.6},{"period":"2025-10","revenue":89404.970703125,"cost":32973.62548828125,"margin":63.1,"units":5550,"transactions":3536,"profit":56431.3525390625,"revenue_change_pct":-7.9,"units_change_pct":-5.5,"margin_change_pts":-0.5},{"period":"2025-11","revenue":85407.578125,"cost":32527.8759765625,"margin":61.9,"units":4812,"transactions":3060,"profit":52879.7021484375,"revenue_change_pct":-4.5,"units_change_pct":-13.3,"margin_change_pts":-1.2},{"period":"2025-12","revenue":95113.525390625,"cost":35026.25,"margin":63.2,"units":5414,"transactions":3492,"profit":60087.275390625,"revenue_change_pct":11.4,"units_change_pct":12.5,"margin_change_pts":1.3},{"period":"2026-01","revenue":89708.49609375,"cost":33700.625,"margin":62.4,"units":5298,"transactions":3152,"profit":56007.8759765625,"revenue_change_pct":-5.7,"units_change_pct":-2.1,"margin_change_pts":-0.7}]}