{"brand":"CHEECH & CHONGS","date_range":"2024-01-01 00:00:00 to 2026-01-31 00:00:00","period_label":"All Time","summary":{"total_units":121772,"total_revenue":2367594.21875,"total_cost":1032190.859375,"total_discounts":605605.6640625,"total_profit":1335403.4375,"overall_margin":56.400001525878906,"fp_margin":63.400001525878906,"disc_margin":52.099998474121094,"pct_full_price":37.900001525878906,"avg_discount_rate":20.399999618530273,"fp_revenue":898102.5,"disc_revenue":1469491.875,"unique_customers":49002,"brand":"CHEECH & CHONGS","date_range":"2024-01-01 00:00:00 to 2026-01-31 00:00:00","months_count":44,"avg_monthly_cost":46917.775,"cost_per_unit":16.95,"primary_category":"FLOWER","primary_cat_margin":54.099998474121094,"category_rank":14,"category_total":64,"margin_vs_category":2.299999952316284,"velocity_rank":12},"category_breakdown":[{"category_clean":"FLOWER","units":65516,"revenue":1768866.25,"cost":771980.859375,"profit":996885.390625,"discounts":449633.7890625,"margin":56.400001525878906,"category_avg_margin":54.099998474121094,"vs_category":2.3,"rank":14.0,"total_brands":64.0},{"category_clean":"PRE ROLL","units":56256,"revenue":598728.0859375,"cost":260210.0,"profit":338518.0859375,"discounts":155971.923828125,"margin":56.5,"category_avg_margin":48.29999923706055,"vs_category":8.2,"rank":7.0,"total_brands":46.0}],"trend":[{"period":"2024-01","revenue":179317.7734375,"cost":85792.5,"margin":52.2,"units":8734,"transactions":6470,"profit":93525.2734375,"revenue_change_pct":null,"units_change_pct":null,"margin_change_pts":null},{"period":"2024-02","revenue":188633.515625,"cost":86982.5,"margin":53.9,"units":8572,"transactions":6352,"profit":101651.025390625,"revenue_change_pct":5.2,"units_change_pct":-1.9,"margin_change_pts":1.7},{"period":"2024-03","revenue":152796.69921875,"cost":70825.0,"margin":53.6,"units":7876,"transactions":6050,"profit":81971.69921875,"revenue_change_pct":-19.0,"units_change_pct":-8.1,"margin_change_pts":-0.2},{"period":"2024-04","revenue":124531.42578125,"cost":59202.5,"margin":52.5,"units":5962,"transactions":4418,"profit":65328.92578125,"revenue_change_pct":-18.5,"units_change_pct":-24.3,"margin_change_pts":-1.2},{"period":"2024-05","revenue":135043.896484375,"cost":60657.5,"margin":55.1,"units":6712,"transactions":5174,"profit":74386.4013671875,"revenue_change_pct":8.4,"units_change_pct":12.6,"margin_change_pts":2.6},{"period":"2024-06","revenue":158250.80078125,"cost":74430.0,"margin":53.0,"units":7264,"transactions":5348,"profit":83820.80078125,"revenue_change_pct":17.2,"units_change_pct":8.2,"margin_change_pts":-2.1},{"period":"2024-07","revenue":117711.298828125,"cost":55140.0,"margin":53.2,"units":5968,"transactions":4596,"profit":62571.298828125,"revenue_change_pct":-25.6,"units_change_pct":-17.8,"margin_change_pts":0.2},{"period":"2024-08","revenue":100276.50390625,"cost":46547.5,"margin":53.6,"units":4530,"transactions":3372,"profit":53728.9990234375,"revenue_change_pct":-14.8,"units_change_pct":-24.1,"margin_change_pts":0.4},{"period":"2024-09","revenue":15252.5,"cost":7345.0,"margin":51.8,"units":742,"transactions":588,"profit":7907.5,"revenue_change_pct":-84.8,"units_change_pct":-83.6,"margin_change_pts":-1.7},{"period":"2025-01","revenue":17520.274658203125,"cost":7972.5,"margin":54.5,"units":848,"transactions":682,"profit":9547.775268554688,"revenue_change_pct":14.9,"units_change_pct":14.3,"margin_change_pts":2.7},{"period":"2025-02","revenue":59999.3994140625,"cost":27097.5,"margin":54.8,"units":2552,"transactions":1952,"profit":32901.8994140625,"revenue_change_pct":242.5,"units_change_pct":200.9,"margin_change_pts":0.3},{"period":"2025-03","revenue":86220.8984375,"cost":37522.5,"margin":56.5,"units":4156,"transactions":3190,"profit":48698.3984375,"revenue_change_pct":43.7,"units_change_pct":62.9,"margin_change_pts":1.6},{"period":"2025-04","revenue":92556.4453125,"cost":49552.5,"margin":46.5,"units":5272,"transactions":3744,"profit":43003.9501953125,"revenue_change_pct":7.3,"units_change_pct":26.9,"margin_change_pts":-10.0},{"period":"2025-05","revenue":117854.423828125,"cost":50295.0,"margin":57.3,"units":5558,"transactions":4056,"profit":67559.423828125,"revenue_change_pct":27.3,"units_change_pct":5.4,"margin_change_pts":10.9},{"period":"2025-06","revenue":87903.974609375,"cost":37950.0,"margin":56.8,"units":3892,"transactions":2904,"profit":49953.974609375,"revenue_change_pct":-25.4,"units_change_pct":-30.0,"margin_change_pts":-0.5},{"period":"2025-07","revenue":132108.720703125,"cost":50226.376953125,"margin":62.0,"units":6718,"transactions":4472,"profit":81882.353515625,"revenue_change_pct":50.3,"units_change_pct":72.6,"margin_change_pts":5.2},{"period":"2025-08","revenue":144956.328125,"cost":55125.751953125,"margin":62.0,"units":9470,"transactions":5550,"profit":89830.576171875,"revenue_change_pct":9.7,"units_change_pct":41.0,"margin_change_pts":-0.0},{"period":"2025-09","revenue":97024.82421875,"cost":35297.8759765625,"margin":63.6,"units":5872,"transactions":3748,"profit":61726.953125,"revenue_change_pct":-33.1,"units_change_pct":-38.0,"margin_change_pts":1.6},{"period":"2025-10","revenue":89404.970703125,"cost":32973.62548828125,"margin":63.1,"units":5550,"transactions":3536,"profit":56431.3525390625,"revenue_change_pct":-7.9,"units_change_pct":-5.5,"margin_change_pts":-0.5},{"period":"2025-11","revenue":85407.578125,"cost":32527.8759765625,"margin":61.9,"units":4812,"transactions":3060,"profit":52879.7021484375,"revenue_change_pct":-4.5,"units_change_pct":-13.3,"margin_change_pts":-1.2},{"period":"2025-12","revenue":95113.525390625,"cost":35026.25,"margin":63.2,"units":5414,"transactions":3492,"profit":60087.275390625,"revenue_change_pct":11.4,"units_change_pct":12.5,"margin_change_pts":1.3},{"period":"2026-01","revenue":89708.49609375,"cost":33700.625,"margin":62.4,"units":5298,"transactions":3152,"profit":56007.8759765625,"revenue_change_pct":-5.7,"units_change_pct":-2.1,"margin_change_pts":-0.7}],"share_of_category":[{"category":"FLOWER","brand_revenue":1768866.25,"category_revenue":77755450.0,"revenue_share_pct":2.299999952316284,"brand_units":65516,"category_units":2708446,"units_share_pct":2.4},{"category":"PRE ROLL","brand_revenue":598728.0859375,"category_revenue":14009791.25,"revenue_share_pct":4.300000190734863,"brand_units":56256,"category_units":1485736,"units_share_pct":3.8}],"share_of_category_trend":{"FLOWER":[{"period":"2024-01","brand_revenue":137058.02734375,"category_revenue":3552357.8125,"share_pct":3.9000000953674316},{"period":"2024-02","brand_revenue":146635.703125,"category_revenue":3535245.625,"share_pct":4.099999904632568},{"period":"2024-03","brand_revenue":111801.904296875,"category_revenue":3693805.625,"share_pct":3.0},{"period":"2024-04","brand_revenue":99142.177734375,"category_revenue":3541899.6875,"share_pct":2.799999952316284},{"period":"2024-05","brand_revenue":105771.77734375,"category_revenue":3537479.375,"share_pct":3.0},{"period":"2024-06","brand_revenue":134058.5546875,"category_revenue":3403269.6875,"share_pct":3.9000000953674316},{"period":"2024-07","brand_revenue":96487.802734375,"category_revenue":3457705.9375,"share_pct":2.799999952316284},{"period":"2024-08","brand_revenue":84536.25,"category_revenue":3453819.375,"share_pct":2.4000000953674316},{"period":"2024-09","brand_revenue":11438.00048828125,"category_revenue":3316441.5625,"share_pct":0.30000001192092896},{"period":"2024-10","brand_revenue":0.0,"category_revenue":3585775.0,"share_pct":0.0},{"period":"2024-11","brand_revenue":0.0,"category_revenue":3454855.3125,"share_pct":0.0},{"period":"2024-12","brand_revenue":0.0,"category_revenue":3226567.8125,"share_pct":0.0},{"period":"2025-01","brand_revenue":12979.024658203125,"category_revenue":2984938.125,"share_pct":0.4000000059604645},{"period":"2025-02","brand_revenue":48858.9013671875,"category_revenue":2816220.0,"share_pct":1.7000000476837158},{"period":"2025-03","brand_revenue":60944.90234375,"category_revenue":2911379.6875,"share_pct":2.0999999046325684},{"period":"2025-04","brand_revenue":67303.9501953125,"category_revenue":3118895.3125,"share_pct":2.200000047683716},{"period":"2025-05","brand_revenue":84194.677734375,"category_revenue":2887345.0,"share_pct":2.9000000953674316},{"period":"2025-06","brand_revenue":67137.2265625,"category_revenue":2773698.125,"share_pct":2.4000000953674316},{"period":"2025-07","brand_revenue":100553.720703125,"category_revenue":2782763.125,"share_pct":3.5999999046325684},{"period":"2025-08","brand_revenue":88345.771484375,"category_revenue":2733122.8125,"share_pct":3.200000047683716},{"period":"2025-09","brand_revenue":63054.599609375,"category_revenue":2603501.5625,"share_pct":2.4000000953674316},{"period":"2025-10","brand_revenue":57151.201171875,"category_revenue":2663705.0,"share_pct":2.0999999046325684},{"period":"2025-11","brand_revenue":63791.826171875,"category_revenue":2700189.0625,"share_pct":2.4000000953674316},{"period":"2025-12","brand_revenue":66137.1240234375,"category_revenue":2515209.53125,"share_pct":2.5999999046325684},{"period":"2026-01","brand_revenue":61483.125,"category_revenue":2505261.875,"share_pct":2.5}],"PRE ROLL":[{"period":"2024-01","brand_revenue":42259.7509765625,"category_revenue":508338.515625,"share_pct":8.300000190734863},{"period":"2024-02","brand_revenue":41997.8271484375,"category_revenue":489393.671875,"share_pct":8.600000381469727},{"period":"2024-03","brand_revenue":40994.7998046875,"category_revenue":520052.3828125,"share_pct":7.900000095367432},{"period":"2024-04","brand_revenue":25389.25048828125,"category_revenue":491300.6640625,"share_pct":5.199999809265137},{"period":"2024-05","brand_revenue":29272.1240234375,"category_revenue":542202.890625,"share_pct":5.400000095367432},{"period":"2024-06","brand_revenue":24192.2509765625,"category_revenue":507288.8671875,"share_pct":4.800000190734863},{"period":"2024-07","brand_revenue":21223.5009765625,"category_revenue":524250.9765625,"share_pct":4.0},{"period":"2024-08","brand_revenue":15740.250244140625,"category_revenue":612518.7109375,"share_pct":2.5999999046325684},{"period":"2024-09","brand_revenue":3814.5001220703125,"category_revenue":586543.0078125,"share_pct":0.699999988079071},{"period":"2024-10","brand_revenue":0.0,"category_revenue":641449.1796875,"share_pct":0.0},{"period":"2024-11","brand_revenue":0.0,"category_revenue":579866.71875,"share_pct":0.0},{"period":"2024-12","brand_revenue":0.0,"category_revenue":582999.5703125,"share_pct":0.0},{"period":"2025-01","brand_revenue":4541.25,"category_revenue":544095.3125,"share_pct":0.800000011920929},{"period":"2025-02","brand_revenue":11140.50048828125,"category_revenue":500875.5859375,"share_pct":2.200000047683716},{"period":"2025-03","brand_revenue":25276.0009765625,"category_revenue":551422.0703125,"share_pct":4.599999904632568},{"period":"2025-04","brand_revenue":25252.5,"category_revenue":568189.375,"share_pct":4.400000095367432},{"period":"2025-05","brand_revenue":33659.7509765625,"category_revenue":565516.875,"share_pct":6.0},{"period":"2025-06","brand_revenue":20766.75048828125,"category_revenue":560506.71875,"share_pct":3.700000047683716},{"period":"2025-07","brand_revenue":31555.0,"category_revenue":600916.09375,"share_pct":5.300000190734863},{"period":"2025-08","brand_revenue":56610.5517578125,"category_revenue":620247.5,"share_pct":9.100000381469727},{"period":"2025-09","brand_revenue":33970.224609375,"category_revenue":608971.09375,"share_pct":5.599999904632568},{"period":"2025-10","brand_revenue":32253.7744140625,"category_revenue":645293.1640625,"share_pct":5.0},{"period":"2025-11","brand_revenue":21615.74951171875,"category_revenue":581113.4765625,"share_pct":3.700000047683716},{"period":"2025-12","brand_revenue":28976.39892578125,"category_revenue":553088.5546875,"share_pct":5.199999809265137},{"period":"2026-01","brand_revenue":28225.3759765625,"category_revenue":523350.9375,"share_pct":5.400000095367432}]},"discount_depth":[{"tier":"0% (Full Price)","transactions":36084,"pct_of_transactions":38.7,"revenue":898102.5,"avg_discount":0.0},{"tier":"1-10%","transactions":5240,"pct_of_transactions":5.6,"revenue":165416.484375,"avg_discount":20.0},{"tier":"11-20%","transactions":6524,"pct_of_transactions":7.0,"revenue":262684.00390625,"avg_discount":35.20000076293945},{"tier":"21-30%","transactions":11906,"pct_of_transactions":12.8,"revenue":389184.296875,"avg_discount":58.400001525878906},{"tier":"31%+","transactions":18110,"pct_of_transactions":19.4,"revenue":348238.125,"avg_discount":83.0}],"velocity":{"units_per_day":159.8,"revenue_per_day":3107.0748901367188,"avg_units_per_txn":2.84,"days_of_data":762,"total_units":121772,"total_transactions":85906},"velocity_by_category":[{"category":"PRE ROLL","brand_units_per_day":73.82,"category_avg_units_per_day":42.38,"velocity_index":174.2,"brand_rev_per_unit":8.51,"category_rev_per_unit":7.54,"brands_in_category":46},{"category":"FLOWER","brand_units_per_day":85.98,"category_avg_units_per_day":55.54,"velocity_index":154.8,"brand_rev_per_unit":21.6,"category_rev_per_unit":22.97,"brands_in_category":64}],"deals":[{"deal_name":"Industry - 30% Off","times_used":12382,"units":15670.0,"revenue":261161.75020694733,"discounts":111969.4982111454,"cost":143535.0,"profit":117626.75178930163,"pre_discount_revenue":373131.25,"margin":45.0,"avg_discount":60.0},{"deal_name":"Lit4Less - PR - 5 for $30","times_used":9002,"units":18272.0,"revenue":136900.54999783635,"discounts":94666.95000171661,"cost":70697.5,"profit":66203.05000161752,"pre_discount_revenue":231567.5,"margin":48.4,"avg_discount":81.8},{"deal_name":"Lit4Less - 1/4 for $50","times_used":4744,"units":8420.0,"revenue":262771.0125041008,"discounts":80610.23749828339,"cost":87866.50172710419,"profit":174904.5193341747,"pre_discount_revenue":343381.25,"margin":66.6,"avg_discount":47.0},{"deal_name":"Redwood Family 1/4 - $50","times_used":3664,"units":5999.0,"revenue":187748.89999389648,"discounts":74303.60000133514,"cost":98867.5,"profit":88881.39999628067,"pre_discount_revenue":262052.5,"margin":47.3,"avg_discount":56.8},{"deal_name":"Industry 30% Off","times_used":3074,"units":4085.0,"revenue":82303.58747959137,"discounts":35683.91249537468,"cost":36929.9378824234,"profit":45373.64968650043,"pre_discount_revenue":117987.5,"margin":55.1,"avg_discount":60.4},{"deal_name":"Senior - 10% Off","times_used":2358,"units":3787.0,"revenue":90025.96343517303,"discounts":10195.28748512268,"cost":36754.312554597855,"profit":53271.65100336075,"pre_discount_revenue":100221.25,"margin":59.2,"avg_discount":20.4},{"deal_name":"4/20 2025 - Flower / Infused","times_used":1372,"units":2092.0,"revenue":27873.324999809265,"discounts":28221.675000190735,"cost":21142.5,"profit":6730.824999809265,"pre_discount_revenue":56095.0,"margin":24.1,"avg_discount":100.6},{"deal_name":"Veterans - 10% Off","times_used":1062,"units":1412.0,"revenue":30473.37530374527,"discounts":3435.374997854233,"cost":12483.750014305115,"profit":17989.62532222271,"pre_discount_revenue":33908.75,"margin":59.0,"avg_discount":20.2},{"deal_name":"Senior / Veterans - 20% Off","times_used":994,"units":1755.0,"revenue":39760.36241054535,"discounts":9989.637475013733,"cost":18067.312537431717,"profit":21693.049819767475,"pre_discount_revenue":49750.0,"margin":54.6,"avg_discount":40.2},{"deal_name":"4/20 40% Off!!!!","times_used":614,"units":1090.0,"revenue":19675.82465171814,"discounts":13124.174959659576,"cost":12640.0,"profit":7035.8250868320465,"pre_discount_revenue":32800.0,"margin":35.8,"avg_discount":80.0},{"deal_name":"Redwood 30% Off","times_used":554,"units":777.0,"revenue":17765.625,"discounts":7621.875,"cost":6669.687629938126,"profit":11095.937501192093,"pre_discount_revenue":25387.5,"margin":62.5,"avg_discount":60.0},{"deal_name":"Jackpot - Locals 30% Off","times_used":538,"units":924.0,"revenue":22092.00005531311,"discounts":9467.999933958054,"cost":10040.375049114227,"profit":12051.625257730484,"pre_discount_revenue":31560.0,"margin":54.6,"avg_discount":60.0},{"deal_name":"50% Off - G2B","times_used":502,"units":809.0,"revenue":12441.224999427795,"discounts":12508.775000572205,"cost":6543.500111103058,"profit":5897.72488951683,"pre_discount_revenue":24950.0,"margin":47.4,"avg_discount":100.2},{"deal_name":"30% Off Special","times_used":378,"units":458.0,"revenue":10775.999999046326,"discounts":4628.99994969368,"cost":5146.62504196167,"profit":5629.375003576279,"pre_discount_revenue":15405.0,"margin":52.2,"avg_discount":60.0},{"deal_name":"Jackpot Exclusive - 1/2 oz / Full Oz Deal","times_used":226,"units":606.0,"revenue":14553.125,"discounts":11959.375,"cost":6097.875118255615,"profit":8455.249843597412,"pre_discount_revenue":26512.5,"margin":58.1,"avg_discount":90.2},{"deal_name":"LVAC - 25% Off","times_used":170,"units":202.0,"revenue":3356.25,"discounts":1118.75,"cost":1564.000005722046,"profit":1792.249994277954,"pre_discount_revenue":4475.0,"margin":53.4,"avg_discount":50.0},{"deal_name":"Redwood Family 1/4 - $50 (Cheech + Chong / Tyson / Willies)","times_used":136,"units":204.0,"revenue":6375.0,"discounts":1587.5,"cost":3030.3750014305115,"profit":3344.625005722046,"pre_discount_revenue":7962.5,"margin":52.5,"avg_discount":39.8},{"deal_name":"Employee 30% - NOT FRIDAYS","times_used":114,"units":128.0,"revenue":2342.000002861023,"discounts":1092.9999947547913,"cost":1188.5000038146973,"profit":1153.500004708767,"pre_discount_revenue":3435.0,"margin":49.3,"avg_discount":63.6},{"deal_name":"Employee - 40% OFF","times_used":92,"units":142.0,"revenue":1931.9999980926514,"discounts":1288.0000019073486,"cost":1118.1250023841858,"profit":813.8749957084656,"pre_discount_revenue":3220.0,"margin":42.1,"avg_discount":80.0},{"deal_name":"Store Credit - $15","times_used":32,"units":25.0,"revenue":330.487499833107,"discounts":250.76249957084656,"cost":161.8125021457672,"profit":168.6750003695488,"pre_discount_revenue":581.25,"margin":51.0,"avg_discount":86.2},{"deal_name":"Sunset Flower - Cactus","times_used":30,"units":40.0,"revenue":850.0,"discounts":650.0,"cost":600.0,"profit":250.0,"pre_discount_revenue":1500.0,"margin":29.4,"avg_discount":86.6},{"deal_name":"Medical - 10%","times_used":28,"units":32.0,"revenue":540.0,"discounts":60.0,"cost":170.50000190734863,"profit":369.50000762939453,"pre_discount_revenue":600.0,"margin":68.4,"avg_discount":20.0},{"deal_name":"40% Off Flower Blowout","times_used":24,"units":26.0,"revenue":585.0,"discounts":390.0,"cost":261.62500619888306,"profit":323.37499380111694,"pre_discount_revenue":975.0,"margin":55.3,"avg_discount":80.0},{"deal_name":"Store Credit - $25","times_used":24,"units":25.0,"revenue":380.55000081658363,"discounts":294.449999332428,"cost":188.31250309944153,"profit":192.2374984435737,"pre_discount_revenue":675.0,"margin":50.5,"avg_discount":87.2},{"deal_name":"$45 Quarters - RW Brands","times_used":16,"units":30.0,"revenue":843.75,"discounts":581.25,"cost":525.0,"profit":318.75,"pre_discount_revenue":1425.0,"margin":37.8,"avg_discount":81.6},{"deal_name":"Store Credit - $50","times_used":14,"units":12.0,"revenue":172.27500200271606,"discounts":227.72500038146973,"cost":108.12500238418579,"profit":64.14999838918447,"pre_discount_revenue":400.0,"margin":37.2,"avg_discount":113.8},{"deal_name":"Sammy Davis Early Bird - 15% Off","times_used":8,"units":10.0,"revenue":148.75,"discounts":26.25,"cost":50.12500047683716,"profit":98.62500190734863,"pre_discount_revenue":175.0,"margin":66.3,"avg_discount":30.0},{"deal_name":"Senior Sunday - RENO ONLY - 20% Off","times_used":8,"units":10.0,"revenue":220.0,"discounts":55.0,"cost":105.0,"profit":115.0,"pre_discount_revenue":275.0,"margin":52.3,"avg_discount":40.0},{"deal_name":"Store Credit - $75","times_used":8,"units":13.0,"revenue":214.087495803833,"discounts":298.4124946594238,"cost":130.81250309944153,"profit":83.27499777078629,"pre_discount_revenue":512.5,"margin":38.9,"avg_discount":116.4},{"deal_name":"Reno - Early Bird - Senior / Veterans - 20%","times_used":6,"units":6.0,"revenue":140.0,"discounts":35.0,"cost":47.750000953674316,"profit":92.24999904632568,"pre_discount_revenue":175.0,"margin":65.9,"avg_discount":40.0},{"deal_name":"Store Credit - $100","times_used":4,"units":10.0,"revenue":198.61249923706055,"discounts":176.38750076293945,"cost":100.62500238418579,"profit":97.98749804496765,"pre_discount_revenue":375.0,"margin":49.3,"avg_discount":94.0},{"deal_name":"Store Credit - $150","times_used":4,"units":11.0,"revenue":191.5625,"discounts":220.9375,"cost":110.68750143051147,"profit":80.87499931454659,"pre_discount_revenue":412.5,"margin":42.2,"avg_discount":107.2},{"deal_name":"4 for $30 Pre Rolls","times_used":2,"units":8.0,"revenue":86.25,"discounts":33.75,"cost":50.0,"profit":36.25,"pre_discount_revenue":120.0,"margin":42.0,"avg_discount":56.2}],"top_products":[{"product":"DROOLER EIGHTH - CHEECH & CHONGS","units":20924,"revenue":719113.515625,"cost":308835.1171875,"profit":410278.4375,"transactions":15590,"margin":57.099998474121094},{"product":"LOVE MACHINE EIGHTH - CHEECH & CHONGS","units":16804,"revenue":552091.71875,"cost":233810.5078125,"profit":318281.23046875,"transactions":12702,"margin":57.70000076293945},{"product":"STADANKOHH EIGHTH - CHEECH & CHONGS","units":9304,"revenue":299818.671875,"cost":136915.25390625,"profit":162903.427734375,"transactions":7324,"margin":54.29999923706055},{"product":"LOVE MACHINE PRE ROLL - CHEECH & CHONGS","units":25404,"revenue":269996.9921875,"cost":114020.0,"profit":155977.001953125,"transactions":18452,"margin":57.79999923706055},{"product":"DROOLER PRE ROLL - CHEECH & CHONGS","units":20552,"revenue":226507.03125,"cost":101300.0,"profit":125207.021484375,"transactions":15492,"margin":55.29999923706055},{"product":"STADANKOHH PRE ROLL - CHEECH & CHONGS","units":10300,"revenue":102224.052734375,"cost":44890.0,"profit":57334.0478515625,"transactions":8234,"margin":56.099998474121094},{"product":"DROOLER GRAM - CHEECH & CHONGS","units":9558,"revenue":101380.1953125,"cost":47790.0,"profit":53590.2001953125,"transactions":7786,"margin":52.900001525878906},{"product":"LOVE MACHINE GRAM - CHEECH & CHONGS","units":5224,"revenue":56703.75,"cost":26120.0,"profit":30583.75,"transactions":4396,"margin":53.900001525878906},{"product":"STADANKOHH GRAM - CHEECH & CHONGS","units":3702,"revenue":39758.3251953125,"cost":18510.0,"profit":21248.3251953125,"transactions":3180,"margin":53.400001525878906}],"products_by_store":{"Elevation Springs":[{"product":"DROOLER EIGHTH - CHEECH & CHONGS","units":4142,"revenue":141352.900390625,"cost":62130.625,"profit":79222.275390625,"transactions":3470,"margin":56.0},{"product":"LOVE MACHINE EIGHTH - CHEECH & CHONGS","units":3710,"revenue":119169.326171875,"cost":52548.5009765625,"profit":66620.8251953125,"transactions":3000,"margin":55.900001525878906},{"product":"LOVE MACHINE PRE ROLL - CHEECH & CHONGS","units":6296,"revenue":69729.423828125,"cost":28900.0,"profit":40829.42626953125,"transactions":4396,"margin":58.599998474121094},{"product":"DROOLER PRE ROLL - CHEECH & CHONGS","units":5736,"revenue":63681.474609375,"cost":28825.0,"profit":34856.474609375,"transactions":4282,"margin":54.70000076293945},{"product":"STADANKOHH EIGHTH - CHEECH & CHONGS","units":1498,"revenue":45473.076171875,"cost":22262.62451171875,"profit":23210.44921875,"transactions":1356,"margin":51.0},{"product":"STADANKOHH PRE ROLL - CHEECH & CHONGS","units":2852,"revenue":28060.2490234375,"cost":12115.0,"profit":15945.250244140625,"transactions":2220,"margin":56.79999923706055},{"product":"DROOLER GRAM - CHEECH & CHONGS","units":2094,"revenue":21865.0,"cost":10470.0,"profit":11395.0,"transactions":1734,"margin":52.099998474121094},{"product":"LOVE MACHINE GRAM - CHEECH & CHONGS","units":794,"revenue":8671.25,"cost":3970.0,"profit":4701.25,"transactions":696,"margin":54.20000076293945},{"product":"STADANKOHH GRAM - CHEECH & CHONGS","units":446,"revenue":4725.0,"cost":2230.0,"profit":2495.0,"transactions":398,"margin":52.79999923706055}],"Elevation Mesa":[{"product":"DROOLER EIGHTH - CHEECH & CHONGS","units":5234,"revenue":177641.69921875,"cost":81228.251953125,"profit":96413.447265625,"transactions":3964,"margin":54.29999923706055},{"product":"LOVE MACHINE EIGHTH - CHEECH & CHONGS","units":2696,"revenue":85426.5234375,"cost":37923.125,"profit":47503.3984375,"transactions":2218,"margin":55.599998474121094},{"product":"STADANKOHH EIGHTH - CHEECH & CHONGS","units":1728,"revenue":51859.0478515625,"cost":25791.37451171875,"profit":26067.67578125,"transactions":1494,"margin":50.29999923706055},{"product":"LOVE MACHINE PRE ROLL - CHEECH & CHONGS","units":4892,"revenue":51850.625,"cost":23405.0,"profit":28445.625,"transactions":3730,"margin":54.900001525878906},{"product":"DROOLER PRE ROLL - CHEECH & CHONGS","units":4222,"revenue":46699.8486328125,"cost":22552.5,"profit":24147.35107421875,"transactions":3178,"margin":51.70000076293945},{"product":"DROOLER GRAM - CHEECH & CHONGS","units":3172,"revenue":33783.75,"cost":15860.0,"profit":17923.75,"transactions":2668,"margin":53.099998474121094},{"product":"STADANKOHH PRE ROLL - CHEECH & CHONGS","units":2422,"revenue":23083.92578125,"cost":10407.5,"profit":12676.424560546875,"transactions":1852,"margin":54.900001525878906},{"product":"LOVE MACHINE GRAM - CHEECH & CHONGS","units":1922,"revenue":20590.0,"cost":9610.0,"profit":10980.0,"transactions":1732,"margin":53.29999923706055},{"product":"STADANKOHH GRAM - CHEECH & CHONGS","units":1590,"revenue":16701.25,"cost":7950.0,"profit":8751.25,"transactions":1416,"margin":52.400001525878906}],"Elevation Oasis":[{"product":"DROOLER EIGHTH - CHEECH & CHONGS","units":5100,"revenue":178085.52734375,"cost":68610.0,"profit":109475.52734375,"transactions":2912,"margin":61.5},{"product":"LOVE MACHINE EIGHTH - CHEECH & CHONGS","units":5048,"revenue":170141.40625,"cost":67181.4990234375,"profit":102959.90234375,"transactions":3140,"margin":60.5},{"product":"STADANKOHH EIGHTH - CHEECH & CHONGS","units":3148,"revenue":109225.078125,"cost":44985.2490234375,"profit":64239.82421875,"transactions":2044,"margin":58.79999923706055},{"product":"LOVE MACHINE PRE ROLL - CHEECH & CHONGS","units":2664,"revenue":26314.85107421875,"cost":11345.0,"profit":14969.849853515625,"transactions":1762,"margin":56.900001525878906},{"product":"DROOLER PRE ROLL - CHEECH & CHONGS","units":2190,"revenue":24399.599609375,"cost":10622.5,"profit":13777.099609375,"transactions":1346,"margin":56.5},{"product":"STADANKOHH PRE ROLL - CHEECH & CHONGS","units":1110,"revenue":10153.44970703125,"cost":4547.5,"profit":5605.94970703125,"transactions":794,"margin":55.20000076293945},{"product":"DROOLER GRAM - CHEECH & CHONGS","units":838,"revenue":9395.0,"cost":4190.0,"profit":5205.0,"transactions":412,"margin":55.400001525878906},{"product":"LOVE MACHINE GRAM - CHEECH & CHONGS","units":646,"revenue":7548.75,"cost":3230.0,"profit":4318.75,"transactions":314,"margin":57.20000076293945},{"product":"STADANKOHH GRAM - CHEECH & CHONGS","units":434,"revenue":5158.75,"cost":2170.0,"profit":2988.75,"transactions":256,"margin":57.900001525878906}],"Elevation Midtown":[{"product":"LOVE MACHINE EIGHTH - CHEECH & CHONGS","units":2464,"revenue":82557.001953125,"cost":34783.3740234375,"profit":47773.6279296875,"transactions":1896,"margin":57.900001525878906},{"product":"DROOLER EIGHTH - CHEECH & CHONGS","units":2280,"revenue":82052.421875,"cost":33767.1240234375,"profit":48285.302734375,"transactions":1834,"margin":58.79999923706055},{"product":"STADANKOHH EIGHTH - CHEECH & CHONGS","units":1256,"revenue":40777.67578125,"cost":17965.374755859375,"profit":22812.2998046875,"transactions":1024,"margin":55.900001525878906},{"product":"LOVE MACHINE PRE ROLL - CHEECH & CHONGS","units":3322,"revenue":35878.67431640625,"cost":15212.5,"profit":20666.17431640625,"transactions":2554,"margin":57.599998474121094},{"product":"DROOLER PRE ROLL - CHEECH & CHONGS","units":2308,"revenue":25871.2744140625,"cost":11190.0,"profit":14681.2744140625,"transactions":1862,"margin":56.70000076293945},{"product":"STADANKOHH PRE ROLL - CHEECH & CHONGS","units":1330,"revenue":13251.800537109375,"cost":6002.5,"profit":7249.2999267578125,"transactions":1138,"margin":54.70000076293945},{"product":"DROOLER GRAM - CHEECH & CHONGS","units":438,"revenue":5140.0,"cost":2190.0,"profit":2950.0,"transactions":384,"margin":57.400001525878906},{"product":"LOVE MACHINE GRAM - CHEECH & CHONGS","units":414,"revenue":4852.5,"cost":2070.0,"profit":2782.5,"transactions":360,"margin":57.29999923706055},{"product":"STADANKOHH GRAM - CHEECH & CHONGS","units":220,"revenue":2532.5,"cost":1100.0,"profit":1432.5,"transactions":206,"margin":56.599998474121094}],"Elevation Boulevard":[{"product":"DROOLER EIGHTH - CHEECH & CHONGS","units":2594,"revenue":86817.998046875,"cost":39833.3740234375,"profit":46984.6240234375,"transactions":2138,"margin":54.099998474121094},{"product":"LOVE MACHINE EIGHTH - CHEECH & CHONGS","units":1752,"revenue":55307.8515625,"cost":25122.8759765625,"profit":30184.9755859375,"transactions":1476,"margin":54.599998474121094},{"product":"LOVE MACHINE PRE ROLL - CHEECH & CHONGS","units":5134,"revenue":50842.5244140625,"cost":21222.5,"profit":29620.0244140625,"transactions":3758,"margin":58.29999923706055},{"product":"DROOLER PRE ROLL - CHEECH & CHONGS","units":3724,"revenue":38149.5751953125,"cost":16525.0,"profit":21624.5751953125,"transactions":2948,"margin":56.70000076293945},{"product":"STADANKOHH EIGHTH - CHEECH & CHONGS","units":970,"revenue":28699.02587890625,"cost":14716.37451171875,"profit":13982.650146484375,"transactions":840,"margin":48.70000076293945},{"product":"DROOLER GRAM - CHEECH & CHONGS","units":2268,"revenue":23441.875,"cost":11340.0,"profit":12101.875,"transactions":2024,"margin":51.599998474121094},{"product":"STADANKOHH PRE ROLL - CHEECH & CHONGS","units":1344,"revenue":13175.599365234375,"cost":5600.0,"profit":7575.5999755859375,"transactions":1166,"margin":57.5},{"product":"LOVE MACHINE GRAM - CHEECH & CHONGS","units":984,"revenue":10016.25,"cost":4920.0,"profit":5096.25,"transactions":886,"margin":50.900001525878906},{"product":"STADANKOHH GRAM - CHEECH & CHONGS","units":648,"revenue":6768.75,"cost":3240.0,"profit":3528.75,"transactions":560,"margin":52.099998474121094}],"Elevation Parkway":[{"product":"DROOLER EIGHTH - CHEECH & CHONGS","units":1574,"revenue":53162.998046875,"cost":23265.74951171875,"profit":29897.2509765625,"transactions":1272,"margin":56.20000076293945},{"product":"LOVE MACHINE EIGHTH - CHEECH & CHONGS","units":1134,"revenue":39489.6240234375,"cost":16251.12548828125,"profit":23238.5009765625,"transactions":972,"margin":58.79999923706055},{"product":"LOVE MACHINE PRE ROLL - CHEECH & CHONGS","units":3096,"revenue":35380.90087890625,"cost":13935.0,"profit":21445.90087890625,"transactions":2252,"margin":60.599998474121094},{"product":"DROOLER PRE ROLL - CHEECH & CHONGS","units":2372,"revenue":27705.2490234375,"cost":11585.0,"profit":16120.250244140625,"transactions":1876,"margin":58.20000076293945},{"product":"STADANKOHH EIGHTH - CHEECH & CHONGS","units":704,"revenue":23784.775390625,"cost":11194.25048828125,"profit":12590.52490234375,"transactions":566,"margin":52.900001525878906},{"product":"STADANKOHH PRE ROLL - CHEECH & CHONGS","units":1242,"revenue":14499.024658203125,"cost":6217.5,"profit":8281.525268554688,"transactions":1064,"margin":57.099998474121094},{"product":"DROOLER GRAM - CHEECH & CHONGS","units":748,"revenue":7754.5751953125,"cost":3740.0,"profit":4014.5748901367188,"transactions":564,"margin":51.79999923706055},{"product":"LOVE MACHINE GRAM - CHEECH & CHONGS","units":464,"revenue":5025.0,"cost":2320.0,"profit":2705.0,"transactions":408,"margin":53.79999923706055},{"product":"STADANKOHH GRAM - CHEECH & CHONGS","units":364,"revenue":3872.0748901367188,"cost":1820.0,"profit":2052.0750427246094,"transactions":344,"margin":53.0}]},"store_summary":[{"store_clean":"Elevation Oasis","units":21178,"revenue":540422.3828125,"cost":216881.7578125,"profit":323540.6640625,"discounts":148182.59765625,"margin":59.900001525878906,"discount_rate":21.5},{"store_clean":"Elevation Mesa","units":27878,"revenue":507636.6796875,"cost":234727.75390625,"profit":272908.92578125,"discounts":135507.0703125,"margin":53.79999923706055,"discount_rate":21.100000381469727},{"store_clean":"Elevation Springs","units":27568,"revenue":502727.6953125,"cost":223451.7578125,"profit":279275.95703125,"discounts":124818.544921875,"margin":55.599998474121094,"discount_rate":19.899999618530273},{"store_clean":"Elevation Boulevard","units":19418,"revenue":313219.453125,"cost":142520.126953125,"profit":170699.31640625,"discounts":93155.546875,"margin":54.5,"discount_rate":22.899999618530273},{"store_clean":"Elevation Midtown","units":14032,"revenue":292913.84765625,"cost":124280.87890625,"profit":168632.96875,"discounts":61511.1474609375,"margin":57.599998474121094,"discount_rate":17.399999618530273},{"store_clean":"Elevation Parkway","units":11698,"revenue":210674.21875,"cost":90328.623046875,"profit":120345.60546875,"discounts":42430.7763671875,"margin":57.099998474121094,"discount_rate":16.799999237060547}],"recommendations":[{"severity":"info","title":"VOLUME LEVERAGE","detail":"$947,038 revenue provides negotiating leverage.","action":"Use volume as leverage in next vendor meeting."}],"comparison":null}