{"brand":"BASELINE","date_range":"2024-01-01 00:00:00 to 2026-01-31 00:00:00","period_label":"All Time","summary":{"total_units":3284,"total_revenue":77144.90234375,"total_cost":42487.5,"total_discounts":19907.60009765625,"total_profit":34657.39990234375,"overall_margin":44.900001525878906,"fp_margin":56.79999923706055,"disc_margin":36.20000076293945,"pct_full_price":42.20000076293945,"avg_discount_rate":20.5,"fp_revenue":32590.0,"disc_revenue":44554.90234375,"brand":"BASELINE","date_range":"2024-01-01 00:00:00 to 2026-01-31 00:00:00","primary_category":"CONCENTRATE","store_coverage":"6/7","stores_present":["Elevation Springs","Elevation Mesa","Elevation Oasis","Elevation Midtown","Elevation Boulevard","Elevation Parkway"],"stores_missing":["Elevation Downtown"],"velocity_rank":11,"velocity_total":27},"distribution":[{"store":"Elevation Springs","carries_brand":true,"sku_count":20,"revenue":19284.749755859375,"units":842,"store_total_revenue":51138750.0,"brand_share_pct":0.0},{"store":"Elevation Mesa","carries_brand":true,"sku_count":12,"revenue":13471.32568359375,"units":564,"store_total_revenue":47532240.0,"brand_share_pct":0.0},{"store":"Elevation Oasis","carries_brand":true,"sku_count":14,"revenue":15936.95068359375,"units":620,"store_total_revenue":56050145.0,"brand_share_pct":0.0},{"store":"Elevation Downtown","carries_brand":false,"sku_count":0,"revenue":0.0,"units":0,"store_total_revenue":1945237.1875,"brand_share_pct":0},{"store":"Elevation Midtown","carries_brand":true,"sku_count":10,"revenue":13222.2998046875,"units":556,"store_total_revenue":30850185.0,"brand_share_pct":0.0},{"store":"Elevation Boulevard","carries_brand":true,"sku_count":10,"revenue":8788.5498046875,"units":402,"store_total_revenue":28757865.0,"brand_share_pct":0.0},{"store":"Elevation Parkway","carries_brand":true,"sku_count":10,"revenue":6441.0247802734375,"units":300,"store_total_revenue":21987007.5,"brand_share_pct":0.0}],"share_of_category":[{"category":"CONCENTRATE","brand_revenue":50660.419921875,"category_revenue":7866357.5,"revenue_share_pct":0.6000000238418579,"brand_units":2010,"category_units":316632,"units_share_pct":0.6},{"category":"INFUSED PRE ROLL","brand_revenue":26484.4775390625,"category_revenue":10308101.25,"revenue_share_pct":0.30000001192092896,"brand_units":1274,"category_units":488074,"units_share_pct":0.3}],"share_of_category_trend":{"CONCENTRATE":[{"period":"2024-01","brand_revenue":0.0,"category_revenue":351129.609375,"share_pct":0.0},{"period":"2024-02","brand_revenue":14889.87548828125,"category_revenue":371224.4921875,"share_pct":4.0},{"period":"2024-03","brand_revenue":11396.300048828125,"category_revenue":375964.296875,"share_pct":3.0},{"period":"2024-04","brand_revenue":9749.199829101562,"category_revenue":352745.859375,"share_pct":2.799999952316284},{"period":"2024-05","brand_revenue":8282.2998046875,"category_revenue":346027.5,"share_pct":2.4000000953674316},{"period":"2024-06","brand_revenue":4353.999938964844,"category_revenue":310723.3984375,"share_pct":1.399999976158142},{"period":"2024-07","brand_revenue":1646.25,"category_revenue":336220.078125,"share_pct":0.5},{"period":"2024-08","brand_revenue":247.5,"category_revenue":324004.04296875,"share_pct":0.10000000149011612},{"period":"2024-09","brand_revenue":95.0,"category_revenue":326834.1796875,"share_pct":0.0},{"period":"2024-10","brand_revenue":0.0,"category_revenue":324500.859375,"share_pct":0.0},{"period":"2024-11","brand_revenue":0.0,"category_revenue":351240.0390625,"share_pct":0.0},{"period":"2024-12","brand_revenue":0.0,"category_revenue":324145.4296875,"share_pct":0.0},{"period":"2025-01","brand_revenue":0.0,"category_revenue":325749.19921875,"share_pct":0.0},{"period":"2025-02","brand_revenue":0.0,"category_revenue":300499.0234375,"share_pct":0.0},{"period":"2025-03","brand_revenue":0.0,"category_revenue":298171.5234375,"share_pct":0.0},{"period":"2025-04","brand_revenue":0.0,"category_revenue":343355.625,"share_pct":0.0},{"period":"2025-05","brand_revenue":0.0,"category_revenue":288836.62109375,"share_pct":0.0},{"period":"2025-06","brand_revenue":0.0,"category_revenue":280928.33984375,"share_pct":0.0},{"period":"2025-07","brand_revenue":0.0,"category_revenue":283604.1796875,"share_pct":0.0},{"period":"2025-08","brand_revenue":0.0,"category_revenue":274773.76953125,"share_pct":0.0},{"period":"2025-09","brand_revenue":0.0,"category_revenue":264599.19921875,"share_pct":0.0},{"period":"2025-10","brand_revenue":0.0,"category_revenue":277515.46875,"share_pct":0.0},{"period":"2025-11","brand_revenue":0.0,"category_revenue":295773.3203125,"share_pct":0.0},{"period":"2025-12","brand_revenue":0.0,"category_revenue":267042.05078125,"share_pct":0.0},{"period":"2026-01","brand_revenue":0.0,"category_revenue":270749.70703125,"share_pct":0.0}],"INFUSED PRE ROLL":[{"period":"2024-01","brand_revenue":178.25000762939453,"category_revenue":410907.8515625,"share_pct":0.0},{"period":"2024-02","brand_revenue":3843.6248779296875,"category_revenue":458711.484375,"share_pct":0.800000011920929},{"period":"2024-03","brand_revenue":4654.775085449219,"category_revenue":427464.375,"share_pct":1.100000023841858},{"period":"2024-04","brand_revenue":3367.5,"category_revenue":428699.9609375,"share_pct":0.800000011920929},{"period":"2024-05","brand_revenue":6000.4498291015625,"category_revenue":501098.3203125,"share_pct":1.2000000476837158},{"period":"2024-06","brand_revenue":4439.125061035156,"category_revenue":477320.78125,"share_pct":0.8999999761581421},{"period":"2024-07","brand_revenue":653.4999847412109,"category_revenue":479382.109375,"share_pct":0.10000000149011612},{"period":"2024-08","brand_revenue":837.2499847412109,"category_revenue":474359.1015625,"share_pct":0.20000000298023224},{"period":"2024-09","brand_revenue":485.0,"category_revenue":424280.1171875,"share_pct":0.10000000149011612},{"period":"2024-10","brand_revenue":687.5,"category_revenue":470840.6640625,"share_pct":0.10000000149011612},{"period":"2024-11","brand_revenue":0.0,"category_revenue":424285.1171875,"share_pct":0.0},{"period":"2024-12","brand_revenue":0.0,"category_revenue":432093.1640625,"share_pct":0.0},{"period":"2025-01","brand_revenue":100.0,"category_revenue":358002.890625,"share_pct":0.0},{"period":"2025-02","brand_revenue":1237.5,"category_revenue":325080.17578125,"share_pct":0.4000000059604645},{"period":"2025-03","brand_revenue":0.0,"category_revenue":347380.078125,"share_pct":0.0},{"period":"2025-04","brand_revenue":0.0,"category_revenue":401341.40625,"share_pct":0.0},{"period":"2025-05","brand_revenue":0.0,"category_revenue":378076.09375,"share_pct":0.0},{"period":"2025-06","brand_revenue":0.0,"category_revenue":354019.6484375,"share_pct":0.0},{"period":"2025-07","brand_revenue":0.0,"category_revenue":416008.203125,"share_pct":0.0},{"period":"2025-08","brand_revenue":0.0,"category_revenue":425283.28125,"share_pct":0.0},{"period":"2025-09","brand_revenue":0.0,"category_revenue":378313.75,"share_pct":0.0},{"period":"2025-10","brand_revenue":0.0,"category_revenue":389168.3203125,"share_pct":0.0},{"period":"2025-11","brand_revenue":0.0,"category_revenue":390541.3671875,"share_pct":0.0},{"period":"2025-12","brand_revenue":0.0,"category_revenue":392812.34375,"share_pct":0.0},{"period":"2026-01","brand_revenue":0.0,"category_revenue":342630.7421875,"share_pct":0.0}]},"velocity_by_category":[{"category":"CONCENTRATE","brand_units_per_day":2.64,"category_avg_units_per_day":15.38,"velocity_index":17.1,"brand_rev_per_unit":20.16,"category_rev_per_unit":19.88,"brands_in_category":27},{"category":"INFUSED PRE ROLL","brand_units_per_day":1.68,"category_avg_units_per_day":25.62,"velocity_index":6.5,"brand_rev_per_unit":16.63,"category_rev_per_unit":16.9,"brands_in_category":25}],"store_gaps":[{"store":"Elevation Downtown","category":"INFUSED PRE ROLL","category_revenue_at_store":134242.0703125,"opportunity":"Brand not carried"},{"store":"Elevation Downtown","category":"CONCENTRATE","category_revenue_at_store":53170.9033203125,"opportunity":"Brand not carried"}],"product_mix":{"top":[{"product":"BISCOTTI INFUSED PRE ROLL - BASELINE","units":892,"revenue":18439.224853515625,"cost":11150.0,"profit":7289.224853515625,"stores":6,"transactions":778,"margin":39.5},{"product":"SOUR DOUGH CRUMBLE - BASELINE","units":560,"revenue":14042.099609375,"cost":7395.0,"profit":6647.1002197265625,"stores":6,"transactions":468,"margin":47.29999923706055},{"product":"HAZMAT OG BADDER - BASELINE","units":368,"revenue":12847.5,"cost":6900.0,"profit":5947.5,"stores":6,"transactions":330,"margin":46.29999923706055},{"product":"DULCE DE PAPAYA BADDER - BASELINE","units":446,"revenue":9612.899780273438,"cost":5017.5,"profit":4595.400085449219,"stores":6,"transactions":330,"margin":47.79999923706055},{"product":"ROOTBEER FLOAT SUGAR - BASELINE","units":386,"revenue":8535.499877929688,"cost":4342.5,"profit":4192.9998779296875,"stores":5,"transactions":324,"margin":49.099998474121094},{"product":"PINK LEMONADE DOUBLE INFUSED PR - BASELINE","units":192,"revenue":4202.0001220703125,"cost":2400.0,"profit":1801.9999694824219,"stores":2,"transactions":182,"margin":42.900001525878906},{"product":"BLUE SLUSHEE SUGAR - BASELINE","units":142,"revenue":3175.8999633789062,"cost":1692.5,"profit":1483.3999633789062,"stores":2,"transactions":108,"margin":46.70000076293945},{"product":"MAC & CHEESE BADDER - BASELINE","units":108,"revenue":2446.5249633789062,"cost":1215.0,"profit":1231.5249633789062,"stores":2,"transactions":84,"margin":50.29999923706055},{"product":"MENDO DAWG INGUSED PRE ROLL - BASELINE","units":80,"revenue":1605.5000305175781,"cost":1000.0,"profit":605.4999923706055,"stores":1,"transactions":20,"margin":37.70000076293945},{"product":"TRAINWRECK INFUSED PRE ROLL - BASELINE","units":70,"revenue":1331.25,"cost":875.0,"profit":456.25,"stores":1,"transactions":22,"margin":34.29999923706055},{"product":"SECRET GUSHERS INFUSED PRE ROLL - BASELINE","units":40,"revenue":906.5000152587891,"cost":500.0,"profit":406.50001525878906,"stores":1,"transactions":32,"margin":44.79999923706055}],"bottom":[],"expansion":[{"product":"ROOTBEER FLOAT SUGAR - BASELINE","current_stores":5,"total_stores":6,"missing_stores":["Elevation Parkway"],"revenue":8535.499877929688},{"product":"PINK LEMONADE DOUBLE INFUSED PR - BASELINE","current_stores":2,"total_stores":6,"missing_stores":["Elevation Oasis","Elevation Midtown","Elevation Boulevard","Elevation Parkway"],"revenue":4202.0001220703125},{"product":"BLUE SLUSHEE SUGAR - BASELINE","current_stores":2,"total_stores":6,"missing_stores":["Elevation Mesa","Elevation Midtown","Elevation Boulevard","Elevation Parkway"],"revenue":3175.8999633789062},{"product":"MAC & CHEESE BADDER - BASELINE","current_stores":2,"total_stores":6,"missing_stores":["Elevation Mesa","Elevation Midtown","Elevation Boulevard","Elevation Parkway"],"revenue":2446.5249633789062}]},"pricing_consistency":[{"product":"BISCOTTI INFUSED PRE ROLL - BASELINE","min_price":31.225444248744417,"max_price":48.69897959183674,"avg_price":41.220889007104525,"std_dev":2.3765890397331044,"store_count":12,"price_range":17.47353534309232,"range_pct":42.4},{"product":"HAZMAT OG BADDER - BASELINE","min_price":55.17999945746528,"max_price":81.55,"avg_price":71.18216833170447,"std_dev":3.6605530680051475,"store_count":12,"price_range":26.370000542534715,"range_pct":37.0},{"product":"SOUR DOUGH CRUMBLE - BASELINE","min_price":39.81388685438368,"max_price":56.81064746997975,"avg_price":48.406509145279834,"std_dev":2.685628751997642,"store_count":12,"price_range":16.996760615596067,"range_pct":35.1},{"product":"MAC & CHEESE BADDER - BASELINE","min_price":41.01640224456787,"max_price":51.54545523903587,"avg_price":46.280928741801866,"std_dev":2.9780659087443397,"store_count":4,"price_range":10.529052994467998,"range_pct":22.8},{"product":"DULCE DE PAPAYA BADDER - BASELINE","min_price":38.347831394361414,"max_price":46.81302070617676,"avg_price":42.405031378155925,"std_dev":1.5701242400690023,"store_count":12,"price_range":8.465189311815347,"range_pct":20.0},{"product":"ROOTBEER FLOAT SUGAR - BASELINE","min_price":41.78125063578288,"max_price":50.3125,"avg_price":44.3846743972353,"std_dev":1.3852016822634639,"store_count":10,"price_range":8.53124936421712,"range_pct":19.2},{"product":"BLUE SLUSHEE SUGAR - BASELINE","min_price":44.33684499640214,"max_price":45.18484404592803,"avg_price":44.76084452116508,"std_dev":0.23985035134380195,"store_count":4,"price_range":0.8479990495258871,"range_pct":1.9},{"product":"PINK LEMONADE DOUBLE INFUSED PR - BASELINE","min_price":43.74478975931804,"max_price":43.79687627156575,"avg_price":43.770833015441895,"std_dev":0.014732290407486298,"store_count":4,"price_range":0.05208651224771543,"range_pct":0.1}],"promotional_effectiveness":{"lift":{"fp_units_per_day":7.3,"disc_units_per_day":11.04,"lift_pct":51.1,"fp_avg_revenue_per_unit":59.900000000000006,"disc_avg_revenue_per_unit":40.575},"by_deal":[{"deal_name":"Industry - 30% Off","uses":255,"revenue":15611.749925613403,"discounts":6715.750079154968,"units":734.0,"cost":9632.5,"margin":38.3,"discount_depth":60.2},{"deal_name":"30% Off Special","uses":94,"revenue":3640.000023841858,"discounts":1560.0000059604645,"units":222.0,"cost":2767.5,"margin":24.0,"discount_depth":60.0},{"deal_name":"4/20 40% Off!!!!","uses":30,"revenue":1114.5000195503235,"discounts":742.9999804496765,"units":62.0,"cost":800.0,"margin":28.2,"discount_depth":80.0},{"deal_name":"Senior - 10% Off","uses":22,"revenue":1690.7500267028809,"discounts":211.74999713897705,"units":62.0,"cost":827.5,"margin":51.1,"discount_depth":22.2},{"deal_name":"Veterans - 10% Off","uses":14,"revenue":744.7499990463257,"discounts":82.74999737739563,"units":30.0,"cost":367.5,"margin":50.7,"discount_depth":20.0},{"deal_name":"Baseline Blowout!","uses":13,"revenue":624.7499895095825,"discounts":267.7500057220459,"units":34.0,"cost":402.5,"margin":35.6,"discount_depth":60.0},{"deal_name":"25% Off Special","uses":12,"revenue":669.375,"discounts":223.125,"units":34.0,"cost":385.0,"margin":42.5,"discount_depth":50.0},{"deal_name":"Fuze / Baseline Concentrates - B2G1","uses":12,"revenue":1227.8249597549438,"discounts":692.1749925613403,"units":72.0,"cost":825.0,"margin":32.8,"discount_depth":72.2},{"deal_name":"Jackpot - Locals 30% Off","uses":12,"revenue":635.2500009536743,"discounts":272.25000262260437,"units":26.0,"cost":390.0,"margin":38.6,"discount_depth":60.0},{"deal_name":"Senior / Veterans - 20% Off","uses":9,"revenue":419.9999809265137,"discounts":104.99999523162842,"units":20.0,"cost":227.5,"margin":45.8,"discount_depth":40.0},{"deal_name":"Fuze / Baseline - B2G1","uses":8,"revenue":1120.2000045776367,"discounts":559.8000144958496,"units":48.0,"cost":720.0,"margin":35.7,"discount_depth":66.6}]},"growth_opportunities":[{"type":"distribution","title":"Expand to Elevation Downtown","detail":"Store has $74,965 in CONCENTRATE, INFUSED PRE ROLL \u2014 categories where BASELINE competes.","priority":"high"},{"type":"sku_expansion","title":"Add 'BLUE SLUSHEE SUGAR - BASELINE' to 4 more store(s)","detail":"Carried in 2 stores. Missing from: Elevation Mesa, Elevation Midtown, Elevation Boulevard, Elevation Parkway","priority":"medium"},{"type":"sku_expansion","title":"Add 'MAC & CHEESE BADDER - BASELINE' to 4 more store(s)","detail":"Carried in 2 stores. Missing from: Elevation Mesa, Elevation Midtown, Elevation Boulevard, Elevation Parkway","priority":"medium"},{"type":"sku_expansion","title":"Add 'PINK LEMONADE DOUBLE INFUSED PR - BASELINE' to 4 more store(s)","detail":"Carried in 2 stores. Missing from: Elevation Oasis, Elevation Midtown, Elevation Boulevard, Elevation Parkway","priority":"medium"},{"type":"sku_expansion","title":"Add 'ROOTBEER FLOAT SUGAR - BASELINE' to 1 more store(s)","detail":"Carried in 5 stores. Missing from: Elevation Parkway","priority":"medium"},{"type":"velocity","title":"Improve velocity in CONCENTRATE","detail":"Velocity index 17 (below category average). 1.3 units/day vs 7.7 avg.","priority":"medium"},{"type":"velocity","title":"Improve velocity in INFUSED PRE ROLL","detail":"Velocity index 6 (below category average). 0.8 units/day vs 12.8 avg.","priority":"medium"}],"trend":[{"period":"2024-01","revenue":178.25000762939453,"cost":100.0,"margin":43.9,"units":8,"transactions":8,"profit":78.24999809265137,"revenue_change_pct":null,"units_change_pct":null,"margin_change_pts":null},{"period":"2024-02","revenue":18733.499755859375,"cost":9795.0,"margin":47.7,"units":690,"transactions":574,"profit":8938.499755859375,"revenue_change_pct":10409.7,"units_change_pct":8525.0,"margin_change_pts":3.8},{"period":"2024-03","revenue":16051.075439453125,"cost":8217.5,"margin":48.8,"units":612,"transactions":482,"profit":7833.5748291015625,"revenue_change_pct":-14.3,"units_change_pct":-11.3,"margin_change_pts":1.1},{"period":"2024-04","revenue":13116.700439453125,"cost":6947.5,"margin":47.0,"units":546,"transactions":426,"profit":6169.1998291015625,"revenue_change_pct":-18.3,"units_change_pct":-10.8,"margin_change_pts":-1.8},{"period":"2024-05","revenue":14282.750244140625,"cost":8152.5,"margin":42.9,"units":658,"transactions":488,"profit":6130.250244140625,"revenue_change_pct":8.9,"units_change_pct":20.5,"margin_change_pts":-4.1},{"period":"2024-06","revenue":8793.125,"cost":5132.5,"margin":41.6,"units":428,"transactions":320,"profit":3660.625,"revenue_change_pct":-38.4,"units_change_pct":-35.0,"margin_change_pts":-1.3},{"period":"2024-07","revenue":2299.7500610351562,"cost":1415.0,"margin":38.5,"units":122,"transactions":88,"profit":884.7499847412109,"revenue_change_pct":-73.8,"units_change_pct":-71.5,"margin_change_pts":-3.2},{"period":"2024-08","revenue":1084.749984741211,"cost":682.5,"margin":37.1,"units":56,"transactions":46,"profit":402.24998474121094,"revenue_change_pct":-52.8,"units_change_pct":-54.1,"margin_change_pts":-1.4},{"period":"2024-09","revenue":580.0,"cost":370.0,"margin":36.2,"units":30,"transactions":30,"profit":210.0,"revenue_change_pct":-46.5,"units_change_pct":-46.4,"margin_change_pts":-0.9},{"period":"2024-10","revenue":687.5,"cost":475.0,"margin":30.9,"units":38,"transactions":36,"profit":212.5,"revenue_change_pct":18.5,"units_change_pct":26.7,"margin_change_pts":-5.3},{"period":"2025-01","revenue":100.0,"cost":50.0,"margin":50.0,"units":4,"transactions":2,"profit":50.0,"revenue_change_pct":-85.5,"units_change_pct":-89.5,"margin_change_pts":19.1},{"period":"2025-02","revenue":1237.5,"cost":1150.0,"margin":7.1,"units":92,"transactions":72,"profit":87.5,"revenue_change_pct":1137.5,"units_change_pct":2200.0,"margin_change_pts":-42.9}]}