{"brand":"BASELINE","date_range":"2024-01-01 00:00:00 to 2026-01-31 00:00:00","period_label":"All Time","summary":{"total_units":3284,"total_revenue":77144.90234375,"total_cost":42487.5,"total_discounts":19907.60009765625,"total_profit":34657.39990234375,"overall_margin":44.900001525878906,"fp_margin":56.79999923706055,"disc_margin":36.20000076293945,"pct_full_price":42.20000076293945,"avg_discount_rate":20.5,"fp_revenue":32590.0,"disc_revenue":44554.90234375,"unique_customers":2068,"brand":"BASELINE","date_range":"2024-01-01 00:00:00 to 2026-01-31 00:00:00","months_count":24,"avg_monthly_cost":3540.625,"cost_per_unit":25.875,"primary_category":"CONCENTRATE","primary_cat_margin":45.900001525878906,"category_rank":15,"category_total":27,"margin_vs_category":-1.0,"velocity_rank":11},"category_breakdown":[{"category_clean":"CONCENTRATE","units":2010,"revenue":50660.4248046875,"cost":26562.5,"profit":24097.9248046875,"discounts":11207.0751953125,"margin":47.599998474121094,"category_avg_margin":45.900001525878906,"vs_category":1.7,"rank":15.0,"total_brands":27.0},{"category_clean":"INFUSED PRE ROLL","units":1274,"revenue":26484.47509765625,"cost":15925.0,"profit":10559.47509765625,"discounts":8700.52490234375,"margin":39.900001525878906,"category_avg_margin":47.29999923706055,"vs_category":-7.4,"rank":18.0,"total_brands":25.0}],"trend":[{"period":"2024-01","revenue":178.25000762939453,"cost":100.0,"margin":43.9,"units":8,"transactions":8,"profit":78.24999809265137,"revenue_change_pct":null,"units_change_pct":null,"margin_change_pts":null},{"period":"2024-02","revenue":18733.499755859375,"cost":9795.0,"margin":47.7,"units":690,"transactions":574,"profit":8938.499755859375,"revenue_change_pct":10409.7,"units_change_pct":8525.0,"margin_change_pts":3.8},{"period":"2024-03","revenue":16051.075439453125,"cost":8217.5,"margin":48.8,"units":612,"transactions":482,"profit":7833.5748291015625,"revenue_change_pct":-14.3,"units_change_pct":-11.3,"margin_change_pts":1.1},{"period":"2024-04","revenue":13116.700439453125,"cost":6947.5,"margin":47.0,"units":546,"transactions":426,"profit":6169.1998291015625,"revenue_change_pct":-18.3,"units_change_pct":-10.8,"margin_change_pts":-1.8},{"period":"2024-05","revenue":14282.750244140625,"cost":8152.5,"margin":42.9,"units":658,"transactions":488,"profit":6130.250244140625,"revenue_change_pct":8.9,"units_change_pct":20.5,"margin_change_pts":-4.1},{"period":"2024-06","revenue":8793.125,"cost":5132.5,"margin":41.6,"units":428,"transactions":320,"profit":3660.625,"revenue_change_pct":-38.4,"units_change_pct":-35.0,"margin_change_pts":-1.3},{"period":"2024-07","revenue":2299.7500610351562,"cost":1415.0,"margin":38.5,"units":122,"transactions":88,"profit":884.7499847412109,"revenue_change_pct":-73.8,"units_change_pct":-71.5,"margin_change_pts":-3.2},{"period":"2024-08","revenue":1084.749984741211,"cost":682.5,"margin":37.1,"units":56,"transactions":46,"profit":402.24998474121094,"revenue_change_pct":-52.8,"units_change_pct":-54.1,"margin_change_pts":-1.4},{"period":"2024-09","revenue":580.0,"cost":370.0,"margin":36.2,"units":30,"transactions":30,"profit":210.0,"revenue_change_pct":-46.5,"units_change_pct":-46.4,"margin_change_pts":-0.9},{"period":"2024-10","revenue":687.5,"cost":475.0,"margin":30.9,"units":38,"transactions":36,"profit":212.5,"revenue_change_pct":18.5,"units_change_pct":26.7,"margin_change_pts":-5.3},{"period":"2025-01","revenue":100.0,"cost":50.0,"margin":50.0,"units":4,"transactions":2,"profit":50.0,"revenue_change_pct":-85.5,"units_change_pct":-89.5,"margin_change_pts":19.1},{"period":"2025-02","revenue":1237.5,"cost":1150.0,"margin":7.1,"units":92,"transactions":72,"profit":87.5,"revenue_change_pct":1137.5,"units_change_pct":2200.0,"margin_change_pts":-42.9}],"share_of_category":[{"category":"CONCENTRATE","brand_revenue":50660.419921875,"category_revenue":7866357.5,"revenue_share_pct":0.6000000238418579,"brand_units":2010,"category_units":316632,"units_share_pct":0.6},{"category":"INFUSED PRE ROLL","brand_revenue":26484.4775390625,"category_revenue":10308101.25,"revenue_share_pct":0.30000001192092896,"brand_units":1274,"category_units":488074,"units_share_pct":0.3}],"share_of_category_trend":{"CONCENTRATE":[{"period":"2024-01","brand_revenue":0.0,"category_revenue":351129.609375,"share_pct":0.0},{"period":"2024-02","brand_revenue":14889.87548828125,"category_revenue":371224.4921875,"share_pct":4.0},{"period":"2024-03","brand_revenue":11396.300048828125,"category_revenue":375964.296875,"share_pct":3.0},{"period":"2024-04","brand_revenue":9749.199829101562,"category_revenue":352745.859375,"share_pct":2.799999952316284},{"period":"2024-05","brand_revenue":8282.2998046875,"category_revenue":346027.5,"share_pct":2.4000000953674316},{"period":"2024-06","brand_revenue":4353.999938964844,"category_revenue":310723.3984375,"share_pct":1.399999976158142},{"period":"2024-07","brand_revenue":1646.25,"category_revenue":336220.078125,"share_pct":0.5},{"period":"2024-08","brand_revenue":247.5,"category_revenue":324004.04296875,"share_pct":0.10000000149011612},{"period":"2024-09","brand_revenue":95.0,"category_revenue":326834.1796875,"share_pct":0.0},{"period":"2024-10","brand_revenue":0.0,"category_revenue":324500.859375,"share_pct":0.0},{"period":"2024-11","brand_revenue":0.0,"category_revenue":351240.0390625,"share_pct":0.0},{"period":"2024-12","brand_revenue":0.0,"category_revenue":324145.4296875,"share_pct":0.0},{"period":"2025-01","brand_revenue":0.0,"category_revenue":325749.19921875,"share_pct":0.0},{"period":"2025-02","brand_revenue":0.0,"category_revenue":300499.0234375,"share_pct":0.0},{"period":"2025-03","brand_revenue":0.0,"category_revenue":298171.5234375,"share_pct":0.0},{"period":"2025-04","brand_revenue":0.0,"category_revenue":343355.625,"share_pct":0.0},{"period":"2025-05","brand_revenue":0.0,"category_revenue":288836.62109375,"share_pct":0.0},{"period":"2025-06","brand_revenue":0.0,"category_revenue":280928.33984375,"share_pct":0.0},{"period":"2025-07","brand_revenue":0.0,"category_revenue":283604.1796875,"share_pct":0.0},{"period":"2025-08","brand_revenue":0.0,"category_revenue":274773.76953125,"share_pct":0.0},{"period":"2025-09","brand_revenue":0.0,"category_revenue":264599.19921875,"share_pct":0.0},{"period":"2025-10","brand_revenue":0.0,"category_revenue":277515.46875,"share_pct":0.0},{"period":"2025-11","brand_revenue":0.0,"category_revenue":295773.3203125,"share_pct":0.0},{"period":"2025-12","brand_revenue":0.0,"category_revenue":267042.05078125,"share_pct":0.0},{"period":"2026-01","brand_revenue":0.0,"category_revenue":270749.70703125,"share_pct":0.0}],"INFUSED PRE ROLL":[{"period":"2024-01","brand_revenue":178.25000762939453,"category_revenue":410907.8515625,"share_pct":0.0},{"period":"2024-02","brand_revenue":3843.6248779296875,"category_revenue":458711.484375,"share_pct":0.800000011920929},{"period":"2024-03","brand_revenue":4654.775085449219,"category_revenue":427464.375,"share_pct":1.100000023841858},{"period":"2024-04","brand_revenue":3367.5,"category_revenue":428699.9609375,"share_pct":0.800000011920929},{"period":"2024-05","brand_revenue":6000.4498291015625,"category_revenue":501098.3203125,"share_pct":1.2000000476837158},{"period":"2024-06","brand_revenue":4439.125061035156,"category_revenue":477320.78125,"share_pct":0.8999999761581421},{"period":"2024-07","brand_revenue":653.4999847412109,"category_revenue":479382.109375,"share_pct":0.10000000149011612},{"period":"2024-08","brand_revenue":837.2499847412109,"category_revenue":474359.1015625,"share_pct":0.20000000298023224},{"period":"2024-09","brand_revenue":485.0,"category_revenue":424280.1171875,"share_pct":0.10000000149011612},{"period":"2024-10","brand_revenue":687.5,"category_revenue":470840.6640625,"share_pct":0.10000000149011612},{"period":"2024-11","brand_revenue":0.0,"category_revenue":424285.1171875,"share_pct":0.0},{"period":"2024-12","brand_revenue":0.0,"category_revenue":432093.1640625,"share_pct":0.0},{"period":"2025-01","brand_revenue":100.0,"category_revenue":358002.890625,"share_pct":0.0},{"period":"2025-02","brand_revenue":1237.5,"category_revenue":325080.17578125,"share_pct":0.4000000059604645},{"period":"2025-03","brand_revenue":0.0,"category_revenue":347380.078125,"share_pct":0.0},{"period":"2025-04","brand_revenue":0.0,"category_revenue":401341.40625,"share_pct":0.0},{"period":"2025-05","brand_revenue":0.0,"category_revenue":378076.09375,"share_pct":0.0},{"period":"2025-06","brand_revenue":0.0,"category_revenue":354019.6484375,"share_pct":0.0},{"period":"2025-07","brand_revenue":0.0,"category_revenue":416008.203125,"share_pct":0.0},{"period":"2025-08","brand_revenue":0.0,"category_revenue":425283.28125,"share_pct":0.0},{"period":"2025-09","brand_revenue":0.0,"category_revenue":378313.75,"share_pct":0.0},{"period":"2025-10","brand_revenue":0.0,"category_revenue":389168.3203125,"share_pct":0.0},{"period":"2025-11","brand_revenue":0.0,"category_revenue":390541.3671875,"share_pct":0.0},{"period":"2025-12","brand_revenue":0.0,"category_revenue":392812.34375,"share_pct":0.0},{"period":"2026-01","brand_revenue":0.0,"category_revenue":342630.7421875,"share_pct":0.0}]},"discount_depth":[{"tier":"0% (Full Price)","transactions":932,"pct_of_transactions":34.8,"revenue":32590.0,"avg_discount":0.0},{"tier":"1-10%","transactions":110,"pct_of_transactions":4.1,"revenue":3791.7498779296875,"avg_discount":19.799999237060547},{"tier":"11-20%","transactions":92,"pct_of_transactions":3.4,"revenue":2462.9750061035156,"avg_discount":33.20000076293945},{"tier":"21-30%","transactions":120,"pct_of_transactions":4.5,"revenue":4871.35009765625,"avg_discount":51.20000076293945},{"tier":"31%+","transactions":460,"pct_of_transactions":17.2,"revenue":10568.57421875,"avg_discount":81.80000305175781}],"velocity":{"units_per_day":8.42,"revenue_per_day":197.80000686645508,"avg_units_per_txn":2.56,"days_of_data":390,"total_units":3284,"total_transactions":2572},"velocity_by_category":[{"category":"CONCENTRATE","brand_units_per_day":2.64,"category_avg_units_per_day":15.38,"velocity_index":17.1,"brand_rev_per_unit":20.16,"category_rev_per_unit":19.88,"brands_in_category":27},{"category":"INFUSED PRE ROLL","brand_units_per_day":1.68,"category_avg_units_per_day":25.62,"velocity_index":6.5,"brand_rev_per_unit":16.63,"category_rev_per_unit":16.9,"brands_in_category":25}],"deals":[{"deal_name":"Industry - 30% Off","times_used":510,"units":734.0,"revenue":15611.749925613403,"discounts":6715.750079154968,"cost":9632.5,"profit":5979.249921441078,"pre_discount_revenue":22327.5,"margin":38.3,"avg_discount":60.2},{"deal_name":"30% Off Special","times_used":188,"units":222.0,"revenue":3640.000023841858,"discounts":1560.0000059604645,"cost":2767.5,"profit":872.4999940395355,"pre_discount_revenue":5200.0,"margin":24.0,"avg_discount":60.0},{"deal_name":"4/20 40% Off!!!!","times_used":60,"units":62.0,"revenue":1114.5000195503235,"discounts":742.9999804496765,"cost":800.0,"profit":314.4999951124191,"pre_discount_revenue":1857.5,"margin":28.2,"avg_discount":80.0},{"deal_name":"Senior - 10% Off","times_used":44,"units":62.0,"revenue":1690.7500267028809,"discounts":211.74999713897705,"cost":827.5,"profit":863.2499849796295,"pre_discount_revenue":1902.5,"margin":51.1,"avg_discount":22.2},{"deal_name":"Veterans - 10% Off","times_used":28,"units":30.0,"revenue":744.7499990463257,"discounts":82.74999737739563,"cost":367.5,"profit":377.2499895095825,"pre_discount_revenue":827.5,"margin":50.7,"avg_discount":20.0},{"deal_name":"Baseline Blowout!","times_used":26,"units":34.0,"revenue":624.7499895095825,"discounts":267.7500057220459,"cost":402.5,"profit":222.2499942779541,"pre_discount_revenue":892.5,"margin":35.6,"avg_discount":60.0},{"deal_name":"25% Off Special","times_used":24,"units":34.0,"revenue":669.375,"discounts":223.125,"cost":385.0,"profit":284.375,"pre_discount_revenue":892.5,"margin":42.5,"avg_discount":50.0},{"deal_name":"Fuze / Baseline Concentrates - B2G1","times_used":24,"units":72.0,"revenue":1227.8249597549438,"discounts":692.1749925613403,"cost":825.0,"profit":402.8250056505203,"pre_discount_revenue":1920.0,"margin":32.8,"avg_discount":72.2},{"deal_name":"Jackpot - Locals 30% Off","times_used":24,"units":26.0,"revenue":635.2500009536743,"discounts":272.25000262260437,"cost":390.0,"profit":245.24999737739563,"pre_discount_revenue":907.5,"margin":38.6,"avg_discount":60.0},{"deal_name":"Senior / Veterans - 20% Off","times_used":18,"units":20.0,"revenue":419.9999809265137,"discounts":104.99999523162842,"cost":227.5,"profit":192.50000476837158,"pre_discount_revenue":525.0,"margin":45.8,"avg_discount":40.0},{"deal_name":"Fuze / Baseline - B2G1","times_used":16,"units":48.0,"revenue":1120.2000045776367,"discounts":559.8000144958496,"cost":720.0,"profit":400.2000045776367,"pre_discount_revenue":1680.0,"margin":35.7,"avg_discount":66.6}],"top_products":[{"product":"BISCOTTI INFUSED PRE ROLL - BASELINE","units":892,"revenue":18439.224853515625,"cost":11150.0,"profit":7289.224853515625,"transactions":778,"margin":39.5},{"product":"SOUR DOUGH CRUMBLE - BASELINE","units":560,"revenue":14042.099609375,"cost":7395.0,"profit":6647.1002197265625,"transactions":468,"margin":47.29999923706055},{"product":"HAZMAT OG BADDER - BASELINE","units":368,"revenue":12847.5,"cost":6900.0,"profit":5947.5,"transactions":330,"margin":46.29999923706055},{"product":"DULCE DE PAPAYA BADDER - BASELINE","units":446,"revenue":9612.899780273438,"cost":5017.5,"profit":4595.400085449219,"transactions":330,"margin":47.79999923706055},{"product":"ROOTBEER FLOAT SUGAR - BASELINE","units":386,"revenue":8535.499877929688,"cost":4342.5,"profit":4192.9998779296875,"transactions":324,"margin":49.099998474121094},{"product":"PINK LEMONADE DOUBLE INFUSED PR - BASELINE","units":192,"revenue":4202.0001220703125,"cost":2400.0,"profit":1801.9999694824219,"transactions":182,"margin":42.900001525878906},{"product":"BLUE SLUSHEE SUGAR - BASELINE","units":142,"revenue":3175.8999633789062,"cost":1692.5,"profit":1483.3999633789062,"transactions":108,"margin":46.70000076293945},{"product":"MAC & CHEESE BADDER - BASELINE","units":108,"revenue":2446.5249633789062,"cost":1215.0,"profit":1231.5249633789062,"transactions":84,"margin":50.29999923706055},{"product":"MENDO DAWG INGUSED PRE ROLL - BASELINE","units":80,"revenue":1605.5000305175781,"cost":1000.0,"profit":605.4999923706055,"transactions":20,"margin":37.70000076293945},{"product":"TRAINWRECK INFUSED PRE ROLL - BASELINE","units":70,"revenue":1331.25,"cost":875.0,"profit":456.25,"transactions":22,"margin":34.29999923706055},{"product":"SECRET GUSHERS INFUSED PRE ROLL - BASELINE","units":40,"revenue":906.5000152587891,"cost":500.0,"profit":406.50001525878906,"transactions":32,"margin":44.79999923706055}],"products_by_store":{"Elevation Springs":[{"product":"SOUR DOUGH CRUMBLE - BASELINE","units":134,"revenue":3531.6751098632812,"cost":1882.5,"profit":1649.1749572753906,"transactions":104,"margin":46.70000076293945},{"product":"BISCOTTI INFUSED PRE ROLL - BASELINE","units":98,"revenue":2386.25,"cost":1225.0,"profit":1161.25,"transactions":80,"margin":48.70000076293945},{"product":"PINK LEMONADE DOUBLE INFUSED PR - BASELINE","units":96,"revenue":2099.7500610351562,"cost":1200.0,"profit":899.7499847412109,"transactions":86,"margin":42.900001525878906},{"product":"ROOTBEER FLOAT SUGAR - BASELINE","units":86,"revenue":1811.9999694824219,"cost":967.5,"profit":844.4999694824219,"transactions":64,"margin":46.599998474121094},{"product":"HAZMAT OG BADDER - BASELINE","units":50,"revenue":1767.5,"cost":937.5,"profit":830.0,"transactions":46,"margin":47.0},{"product":"DULCE DE PAPAYA BADDER - BASELINE","units":88,"revenue":1753.4999084472656,"cost":990.0,"profit":763.4999847412109,"transactions":62,"margin":43.5},{"product":"BLUE SLUSHEE SUGAR - BASELINE","units":76,"revenue":1684.7999572753906,"cost":950.0,"profit":734.7999572753906,"transactions":60,"margin":43.599998474121094},{"product":"MENDO DAWG INGUSED PRE ROLL - BASELINE","units":80,"revenue":1605.5000305175781,"cost":1000.0,"profit":605.4999923706055,"transactions":20,"margin":37.70000076293945},{"product":"TRAINWRECK INFUSED PRE ROLL - BASELINE","units":70,"revenue":1331.25,"cost":875.0,"profit":456.25,"transactions":22,"margin":34.29999923706055},{"product":"MAC & CHEESE BADDER - BASELINE","units":64,"revenue":1312.5250244140625,"cost":720.0,"profit":592.5249862670898,"transactions":52,"margin":45.099998474121094}],"Elevation Mesa":[{"product":"SOUR DOUGH CRUMBLE - BASELINE","units":140,"revenue":3714.0249633789062,"cost":1920.0,"profit":1794.0249633789062,"transactions":124,"margin":48.29999923706055},{"product":"PINK LEMONADE DOUBLE INFUSED PR - BASELINE","units":96,"revenue":2102.2500610351562,"cost":1200.0,"profit":902.2499847412109,"transactions":96,"margin":42.900001525878906},{"product":"BISCOTTI INFUSED PRE ROLL - BASELINE","units":98,"revenue":2042.7499389648438,"cost":1225.0,"profit":817.7500152587891,"transactions":90,"margin":40.0},{"product":"ROOTBEER FLOAT SUGAR - BASELINE","units":96,"revenue":2005.5000305175781,"cost":1080.0,"profit":925.5000305175781,"transactions":88,"margin":46.099998474121094},{"product":"DULCE DE PAPAYA BADDER - BASELINE","units":90,"revenue":1979.2999267578125,"cost":1012.5,"profit":966.8000030517578,"transactions":70,"margin":48.79999923706055},{"product":"HAZMAT OG BADDER - BASELINE","units":44,"revenue":1627.5,"cost":825.0,"profit":802.5,"transactions":40,"margin":49.29999923706055}],"Elevation Oasis":[{"product":"BISCOTTI INFUSED PRE ROLL - BASELINE","units":202,"revenue":4572.275085449219,"cost":2525.0,"profit":2047.2749328613281,"transactions":170,"margin":44.79999923706055},{"product":"SOUR DOUGH CRUMBLE - BASELINE","units":108,"revenue":3067.7749633789062,"cost":1515.0,"profit":1552.7749633789062,"transactions":94,"margin":50.599998474121094},{"product":"HAZMAT OG BADDER - BASELINE","units":50,"revenue":2038.75,"cost":937.5,"profit":1101.25,"transactions":48,"margin":54.0},{"product":"DULCE DE PAPAYA BADDER - BASELINE","units":78,"revenue":1821.7999267578125,"cost":877.5,"profit":944.3000030517578,"transactions":48,"margin":51.79999923706055},{"product":"ROOTBEER FLOAT SUGAR - BASELINE","units":72,"revenue":1811.25,"cost":810.0,"profit":1001.25,"transactions":62,"margin":55.29999923706055},{"product":"BLUE SLUSHEE SUGAR - BASELINE","units":66,"revenue":1491.1000061035156,"cost":742.5,"profit":748.6000061035156,"transactions":48,"margin":50.20000076293945},{"product":"MAC & CHEESE BADDER - BASELINE","units":44,"revenue":1134.000015258789,"cost":495.0,"profit":639.0000152587891,"transactions":32,"margin":56.29999923706055}],"Elevation Midtown":[{"product":"BISCOTTI INFUSED PRE ROLL - BASELINE","units":198,"revenue":4082.3748779296875,"cost":2475.0,"profit":1607.3750305175781,"transactions":182,"margin":39.400001525878906},{"product":"HAZMAT OG BADDER - BASELINE","units":78,"revenue":3018.7750244140625,"cost":1462.5,"profit":1556.2750244140625,"transactions":60,"margin":51.599998474121094},{"product":"DULCE DE PAPAYA BADDER - BASELINE","units":96,"revenue":2247.0249938964844,"cost":1080.0,"profit":1167.0249938964844,"transactions":68,"margin":51.900001525878906},{"product":"ROOTBEER FLOAT SUGAR - BASELINE","units":94,"revenue":2082.5,"cost":1057.5,"profit":1025.0,"transactions":78,"margin":49.20000076293945},{"product":"SOUR DOUGH CRUMBLE - BASELINE","units":90,"revenue":1791.6250610351562,"cost":1012.5,"profit":779.1249847412109,"transactions":70,"margin":43.5}],"Elevation Boulevard":[{"product":"BISCOTTI INFUSED PRE ROLL - BASELINE","units":184,"revenue":3606.9500732421875,"cost":2300.0,"profit":1306.9500732421875,"transactions":166,"margin":36.20000076293945},{"product":"HAZMAT OG BADDER - BASELINE","units":90,"revenue":2483.0999755859375,"cost":1687.5,"profit":795.5999755859375,"transactions":80,"margin":32.0},{"product":"SOUR DOUGH CRUMBLE - BASELINE","units":44,"revenue":992.2499847412109,"cost":495.0,"profit":497.24998474121094,"transactions":38,"margin":50.099998474121094},{"product":"DULCE DE PAPAYA BADDER - BASELINE","units":46,"revenue":881.9999694824219,"cost":517.5,"profit":364.50000762939453,"transactions":38,"margin":41.29999923706055},{"product":"ROOTBEER FLOAT SUGAR - BASELINE","units":38,"revenue":824.2500305175781,"cost":427.5,"profit":396.74999237060547,"transactions":32,"margin":48.099998474121094}],"Elevation Parkway":[{"product":"HAZMAT OG BADDER - BASELINE","units":56,"revenue":1911.875,"cost":1050.0,"profit":861.875,"transactions":56,"margin":45.099998474121094},{"product":"BISCOTTI INFUSED PRE ROLL - BASELINE","units":112,"revenue":1748.6250305175781,"cost":1400.0,"profit":348.62499237060547,"transactions":90,"margin":19.899999618530273},{"product":"SOUR DOUGH CRUMBLE - BASELINE","units":44,"revenue":944.7499847412109,"cost":570.0,"profit":374.74998474121094,"transactions":38,"margin":39.70000076293945},{"product":"DULCE DE PAPAYA BADDER - BASELINE","units":48,"revenue":929.2749786376953,"cost":540.0,"profit":389.2749786376953,"transactions":44,"margin":41.900001525878906},{"product":"SECRET GUSHERS INFUSED PRE ROLL - BASELINE","units":40,"revenue":906.5000152587891,"cost":500.0,"profit":406.50001525878906,"transactions":32,"margin":44.79999923706055}]},"store_summary":[{"store_clean":"Elevation Springs","units":842,"revenue":19284.749755859375,"cost":10747.5,"profit":8537.249755859375,"discounts":5610.250244140625,"margin":44.29999923706055,"discount_rate":22.5},{"store_clean":"Elevation Oasis","units":620,"revenue":15936.949462890625,"cost":7902.5,"profit":8034.4500732421875,"discounts":2418.0499267578125,"margin":50.400001525878906,"discount_rate":13.199999809265137},{"store_clean":"Elevation Mesa","units":564,"revenue":13471.324462890625,"cost":7262.5,"profit":6208.8250732421875,"discounts":3393.6749267578125,"margin":46.099998474121094,"discount_rate":20.100000381469727},{"store_clean":"Elevation Midtown","units":556,"revenue":13222.2998046875,"cost":7087.5,"profit":6134.7998046875,"discounts":2750.1998901367188,"margin":46.400001525878906,"discount_rate":17.200000762939453},{"store_clean":"Elevation Boulevard","units":402,"revenue":8788.5498046875,"cost":5427.5,"profit":3361.0501098632812,"discounts":3783.9498901367188,"margin":38.20000076293945,"discount_rate":30.100000381469727},{"store_clean":"Elevation Parkway","units":300,"revenue":6441.0247802734375,"cost":4060.0,"profit":2381.024932861328,"discounts":1951.4750671386719,"margin":37.0,"discount_rate":23.299999237060547}],"recommendations":[{"severity":"info","title":"VOLUME LEVERAGE","detail":"$30,858 revenue provides negotiating leverage.","action":"Use volume as leverage in next vendor meeting."}],"comparison":null}