{"brand":"ZIG ZAG","date_range":"2024-01-01 00:00:00 to 2026-01-31 00:00:00","period_label":"All Time","summary":{"total_units":1322,"total_revenue":5044.725036621094,"total_cost":1702.6498413085938,"total_discounts":636.4750289916992,"total_profit":3342.0751953125,"overall_margin":66.19999694824219,"fp_margin":68.69999694824219,"disc_margin":60.70000076293945,"pct_full_price":69.30000305175781,"avg_discount_rate":11.199999809265137,"fp_revenue":3493.9749145507812,"disc_revenue":1550.7498168945312,"brand":"ZIG ZAG","date_range":"2024-01-01 00:00:00 to 2026-01-31 00:00:00","primary_category":"ACCESSORY","store_coverage":"4/7","stores_present":["Elevation Springs","Elevation Oasis","Elevation Midtown","Elevation Parkway"],"stores_missing":["Elevation Mesa","Elevation Downtown","Elevation Boulevard"],"velocity_rank":8,"velocity_total":136},"distribution":[{"store":"Elevation Springs","carries_brand":true,"sku_count":6,"revenue":778.7999725341797,"units":190,"store_total_revenue":51138750.0,"brand_share_pct":0.0},{"store":"Elevation Mesa","carries_brand":false,"sku_count":0,"revenue":0.0,"units":0,"store_total_revenue":47532240.0,"brand_share_pct":0},{"store":"Elevation Oasis","carries_brand":true,"sku_count":14,"revenue":2251.175079345703,"units":614,"store_total_revenue":56050145.0,"brand_share_pct":0.0},{"store":"Elevation Downtown","carries_brand":false,"sku_count":0,"revenue":0.0,"units":0,"store_total_revenue":1945237.1875,"brand_share_pct":0},{"store":"Elevation Midtown","carries_brand":true,"sku_count":14,"revenue":1786.7498779296875,"units":472,"store_total_revenue":30850185.0,"brand_share_pct":0.0},{"store":"Elevation Boulevard","carries_brand":false,"sku_count":0,"revenue":0.0,"units":0,"store_total_revenue":28757865.0,"brand_share_pct":0},{"store":"Elevation Parkway","carries_brand":true,"sku_count":2,"revenue":227.99999237060547,"units":46,"store_total_revenue":21987007.5,"brand_share_pct":0.0}],"share_of_category":[{"category":"ACCESSORY","brand_revenue":5044.725036621094,"category_revenue":4128754.0625,"revenue_share_pct":0.10000000149011612,"brand_units":1322,"category_units":2130096,"units_share_pct":0.1}],"share_of_category_trend":{"ACCESSORY":[{"period":"2024-01","brand_revenue":0.0,"category_revenue":153543.9453125,"share_pct":0.0},{"period":"2024-02","brand_revenue":0.0,"category_revenue":152399.47265625,"share_pct":0.0},{"period":"2024-03","brand_revenue":0.0,"category_revenue":154678.876953125,"share_pct":0.0},{"period":"2024-04","brand_revenue":0.0,"category_revenue":163353.65234375,"share_pct":0.0},{"period":"2024-05","brand_revenue":0.0,"category_revenue":179676.4453125,"share_pct":0.0},{"period":"2024-06","brand_revenue":42.750000953674316,"category_revenue":185008.828125,"share_pct":0.0},{"period":"2024-07","brand_revenue":120.0,"category_revenue":186675.46875,"share_pct":0.10000000149011612},{"period":"2024-08","brand_revenue":142.5,"category_revenue":180226.328125,"share_pct":0.10000000149011612},{"period":"2024-09","brand_revenue":37.5,"category_revenue":162386.298828125,"share_pct":0.0},{"period":"2024-10","brand_revenue":50.250000953674316,"category_revenue":166088.73046875,"share_pct":0.0},{"period":"2024-11","brand_revenue":5.249999761581421,"category_revenue":171706.09375,"share_pct":0.0},{"period":"2024-12","brand_revenue":7.5,"category_revenue":176502.03125,"share_pct":0.0},{"period":"2025-01","brand_revenue":30.0,"category_revenue":167261.34765625,"share_pct":0.0},{"period":"2025-02","brand_revenue":55.50000190734863,"category_revenue":155260.927734375,"share_pct":0.0},{"period":"2025-03","brand_revenue":300.17499923706055,"category_revenue":176420.390625,"share_pct":0.20000000298023224},{"period":"2025-04","brand_revenue":226.72500610351562,"category_revenue":182694.82421875,"share_pct":0.10000000149011612},{"period":"2025-05","brand_revenue":235.49999237060547,"category_revenue":179904.4921875,"share_pct":0.10000000149011612},{"period":"2025-06","brand_revenue":420.6999969482422,"category_revenue":161148.75,"share_pct":0.30000001192092896},{"period":"2025-07","brand_revenue":248.29999923706055,"category_revenue":165549.8046875,"share_pct":0.10000000149011612},{"period":"2025-08","brand_revenue":762.7750396728516,"category_revenue":171752.05078125,"share_pct":0.4000000059604645},{"period":"2025-09","brand_revenue":603.1000137329102,"category_revenue":168198.9453125,"share_pct":0.4000000059604645},{"period":"2025-10","brand_revenue":487.47501373291016,"category_revenue":171844.55078125,"share_pct":0.30000001192092896},{"period":"2025-11","brand_revenue":413.5749816894531,"category_revenue":172839.74609375,"share_pct":0.20000000298023224},{"period":"2025-12","brand_revenue":432.5749969482422,"category_revenue":141954.873046875,"share_pct":0.30000001192092896},{"period":"2026-01","brand_revenue":422.5749969482422,"category_revenue":81677.1484375,"share_pct":0.5}]},"velocity_by_category":[{"category":"ACCESSORY","brand_units_per_day":1.74,"category_avg_units_per_day":20.56,"velocity_index":8.4,"brand_rev_per_unit":3.05,"category_rev_per_unit":1.55,"brands_in_category":136}],"store_gaps":[{"store":"Elevation Mesa","category":"ACCESSORY","category_revenue_at_store":552719.140625,"opportunity":"Brand not carried"},{"store":"Elevation Boulevard","category":"ACCESSORY","category_revenue_at_store":466482.890625,"opportunity":"Brand not carried"},{"store":"Elevation Downtown","category":"ACCESSORY","category_revenue_at_store":61539.7021484375,"opportunity":"Brand not carried"}],"product_mix":{"top":[{"product":"ZIG ZAG UNBLEACHED CONES","units":190,"revenue":793.7999725341797,"cost":246.9999885559082,"profit":546.8000030517578,"stores":2,"transactions":158,"margin":68.9000015258789},{"product":"ZIG ZAG HEMP CONES / WRAPS","units":182,"revenue":749.7000122070312,"cost":220.77499389648438,"profit":528.9249801635742,"stores":1,"transactions":162,"margin":70.5999984741211},{"product":"Zig Zag Orange","units":142,"revenue":590.625,"cost":310.625,"profit":280.0,"stores":1,"transactions":132,"margin":47.400001525878906},{"product":"ROLLING PAPER W/ CUT CORNERS","units":210,"revenue":526.5250015258789,"cost":133.87499809265137,"profit":392.6499938964844,"stores":1,"transactions":194,"margin":74.5999984741211},{"product":"$4 KING SIZE SLIM UNBLEACHED PAPERS - ZIG ZAG","units":108,"revenue":520.4999923706055,"cost":165.0,"profit":355.49999237060547,"stores":2,"transactions":104,"margin":68.30000305175781},{"product":"Zig Zag Combo Pack","units":130,"revenue":455.625,"cost":155.9999942779541,"profit":299.62499618530273,"stores":2,"transactions":128,"margin":65.80000305175781},{"product":"zig zag ultra thin cones 3pk","units":92,"revenue":332.99999237060547,"cost":124.39999580383301,"profit":208.60000610351562,"stores":2,"transactions":76,"margin":62.599998474121094},{"product":"ZIG ZAG ULTRA THIN PAPERS","units":48,"revenue":280.8249855041504,"cost":113.4000015258789,"profit":167.4250030517578,"stores":1,"transactions":44,"margin":59.599998474121094},{"product":"Zig Zag Hemp Wrap Island Vibes","units":64,"revenue":216.37500762939453,"cost":50.12499809265137,"profit":166.25,"stores":2,"transactions":52,"margin":76.80000305175781},{"product":"Zig Zag Hemp Wrap Natural","units":50,"revenue":187.5,"cost":36.875,"profit":150.625,"stores":1,"transactions":10,"margin":80.30000305175781},{"product":"ZIG ZAG 1 1/4 FRENCH ORANGE COMBO PACK","units":44,"revenue":185.49999237060547,"cost":100.65000534057617,"profit":84.84999656677246,"stores":1,"transactions":44,"margin":45.70000076293945},{"product":"Hemp Wraps Blue Dream","units":46,"revenue":160.49999237060547,"cost":33.92499923706055,"profit":126.57500267028809,"stores":1,"transactions":28,"margin":78.9000015258789},{"product":"OG PURP HEMP WRAPS [2PK] - ZIG ZAG","units":16,"revenue":44.25000190734863,"cost":10.0,"profit":34.24999952316284,"stores":1,"transactions":16,"margin":77.4000015258789}],"bottom":[],"expansion":[{"product":"ZIG ZAG UNBLEACHED CONES","current_stores":2,"total_stores":4,"missing_stores":["Elevation Midtown","Elevation Parkway"],"revenue":793.7999725341797},{"product":"$4 KING SIZE SLIM UNBLEACHED PAPERS - ZIG ZAG","current_stores":2,"total_stores":4,"missing_stores":["Elevation Oasis","Elevation Midtown"],"revenue":520.4999923706055},{"product":"Zig Zag Combo Pack","current_stores":2,"total_stores":4,"missing_stores":["Elevation Oasis","Elevation Parkway"],"revenue":455.625},{"product":"zig zag ultra thin cones 3pk","current_stores":2,"total_stores":4,"missing_stores":["Elevation Springs","Elevation Parkway"],"revenue":332.99999237060547},{"product":"Zig Zag Hemp Wrap Island Vibes","current_stores":2,"total_stores":4,"missing_stores":["Elevation Springs","Elevation Parkway"],"revenue":216.37500762939453}]},"pricing_consistency":[{"product":"Zig Zag Hemp Wrap Island Vibes","min_price":5.541666878594293,"max_price":7.239130268926206,"avg_price":6.390398573760249,"std_dev":0.48011514964784124,"store_count":4,"price_range":1.6974633903319136,"range_pct":26.6},{"product":"zig zag ultra thin cones 3pk","min_price":6.656250158945719,"max_price":7.87500034679066,"avg_price":7.2656252528681895,"std_dev":0.3447146089590147,"store_count":4,"price_range":1.2187501878449414,"range_pct":16.8},{"product":"ZIG ZAG UNBLEACHED CONES","min_price":7.809574046033494,"max_price":8.890625635782877,"avg_price":8.350099840908186,"std_dev":0.3057675639697148,"store_count":4,"price_range":1.0810515897493833,"range_pct":12.9},{"product":"$4 KING SIZE SLIM UNBLEACHED PAPERS - ZIG ZAG","min_price":9.435483870967742,"max_price":9.913043146548064,"avg_price":9.674263508757903,"std_dev":0.13507416087255222,"store_count":4,"price_range":0.4775592755803215,"range_pct":4.9},{"product":"Zig Zag Combo Pack","min_price":7.007812658945719,"max_price":7.014705433565027,"avg_price":7.011259046255374,"std_dev":0.0019495710698014838,"store_count":4,"price_range":0.006892774619308151,"range_pct":0.1}],"promotional_effectiveness":{"lift":{"fp_units_per_day":3.94,"disc_units_per_day":3.52,"lift_pct":-10.6,"fp_avg_revenue_per_unit":8.45,"disc_avg_revenue_per_unit":6.25},"by_deal":[{"deal_name":"Senior - 10% Off","uses":30,"revenue":271.2249994277954,"discounts":30.375000089406967,"units":74.0,"cost":93.44999939203262,"margin":65.5,"discount_depth":20.2},{"deal_name":"Jackpot - Locals 30% Off","uses":28,"revenue":315.5250006914139,"discounts":135.4249981045723,"units":90.0,"cost":107.52499788999557,"margin":65.9,"discount_depth":60.0},{"deal_name":"Industry 30% Off","uses":24,"revenue":174.05000060796738,"discounts":74.67499807476997,"units":58.0,"cost":77.0499986410141,"margin":55.7,"discount_depth":60.0},{"deal_name":"Industry - 30% Off","uses":8,"revenue":49.8499995470047,"discounts":21.374999284744263,"units":16.0,"cost":19.625000059604645,"margin":60.6,"discount_depth":60.0},{"deal_name":"Senior / Veterans - 20% Off","uses":6,"revenue":38.99999916553497,"discounts":9.749999791383743,"units":14.0,"cost":16.850000023841858,"margin":56.8,"discount_depth":40.0},{"deal_name":"Veterans - 10% Off","uses":6,"revenue":51.17500126361847,"discounts":5.699999965727329,"units":14.0,"cost":16.674999445676804,"margin":67.4,"discount_depth":20.0},{"deal_name":"Employee 30% - NOT FRIDAYS","uses":5,"revenue":37.59999930858612,"discounts":16.124999523162842,"units":12.0,"cost":14.549999833106995,"margin":61.3,"discount_depth":60.0},{"deal_name":"Medical - 10%","uses":1,"revenue":7.875000238418579,"discounts":0.8749999850988388,"units":2.0,"cost":4.375,"margin":44.4,"discount_depth":20.0},{"deal_name":"Senior Sunday - RENO ONLY - 20% Off","uses":1,"revenue":6.9999998807907104,"discounts":1.7499999701976776,"units":2.0,"cost":4.375,"margin":37.5,"discount_depth":40.0}]},"growth_opportunities":[{"type":"distribution","title":"Expand to Elevation Mesa","detail":"Store has $221,088 in ACCESSORY \u2014 categories where ZIG ZAG competes.","priority":"high"},{"type":"distribution","title":"Expand to Elevation Downtown","detail":"Store has $24,616 in ACCESSORY \u2014 categories where ZIG ZAG competes.","priority":"high"},{"type":"distribution","title":"Expand to Elevation Boulevard","detail":"Store has $186,593 in ACCESSORY \u2014 categories where ZIG ZAG competes.","priority":"high"},{"type":"sku_expansion","title":"Add '$4 KING SIZE SLIM UNBLEACHED PAPERS - ZIG ZAG' to 2 more store(s)","detail":"Carried in 2 stores. Missing from: Elevation Oasis, Elevation Midtown","priority":"medium"},{"type":"sku_expansion","title":"Add 'ZIG ZAG UNBLEACHED CONES' to 2 more store(s)","detail":"Carried in 2 stores. Missing from: Elevation Midtown, Elevation Parkway","priority":"medium"},{"type":"sku_expansion","title":"Add 'Zig Zag Combo Pack' to 2 more store(s)","detail":"Carried in 2 stores. Missing from: Elevation Oasis, Elevation Parkway","priority":"medium"},{"type":"sku_expansion","title":"Add 'Zig Zag Hemp Wrap Island Vibes' to 2 more store(s)","detail":"Carried in 2 stores. Missing from: Elevation Springs, Elevation Parkway","priority":"medium"},{"type":"sku_expansion","title":"Add 'zig zag ultra thin cones 3pk' to 2 more store(s)","detail":"Carried in 2 stores. Missing from: Elevation Springs, Elevation Parkway","priority":"medium"},{"type":"velocity","title":"Improve velocity in ACCESSORY","detail":"Velocity index 8 (below category average). 0.9 units/day vs 10.3 avg.","priority":"medium"}],"trend":[{"period":"2024-06","revenue":42.750000953674316,"cost":10.3249990940094,"margin":75.8,"units":14,"transactions":8,"profit":32.42500066757202,"revenue_change_pct":null,"units_change_pct":null,"margin_change_pts":null},{"period":"2024-07","revenue":120.0,"cost":23.600001335144043,"margin":80.3,"units":32,"transactions":4,"profit":96.40000343322754,"revenue_change_pct":180.7,"units_change_pct":128.6,"margin_change_pts":4.5},{"period":"2024-08","revenue":142.5,"cost":28.02500009536743,"margin":80.3,"units":38,"transactions":8,"profit":114.47500228881836,"revenue_change_pct":18.8,"units_change_pct":18.8,"margin_change_pts":0.0},{"period":"2024-09","revenue":37.5,"cost":7.374999523162842,"margin":80.3,"units":10,"transactions":6,"profit":30.125000476837158,"revenue_change_pct":-73.7,"units_change_pct":-73.7,"margin_change_pts":0.0},{"period":"2024-10","revenue":50.250000953674316,"cost":10.325000286102295,"margin":79.5,"units":14,"transactions":6,"profit":39.92500066757202,"revenue_change_pct":34.0,"units_change_pct":40.0,"margin_change_pts":-0.9},{"period":"2024-11","revenue":5.249999761581421,"cost":1.4749999344348907,"margin":71.9,"units":2,"transactions":2,"profit":3.774999976158142,"revenue_change_pct":-89.6,"units_change_pct":-85.7,"margin_change_pts":-7.5},{"period":"2024-12","revenue":7.5,"cost":2.800000011920929,"margin":62.7,"units":2,"transactions":2,"profit":4.699999988079071,"revenue_change_pct":42.9,"units_change_pct":0,"margin_change_pts":-9.2},{"period":"2025-01","revenue":30.0,"cost":11.200000047683716,"margin":62.7,"units":8,"transactions":6,"profit":18.799999952316284,"revenue_change_pct":300.0,"units_change_pct":300.0,"margin_change_pts":0.0},{"period":"2025-02","revenue":55.50000190734863,"cost":19.75000023841858,"margin":64.4,"units":16,"transactions":14,"profit":35.75000047683716,"revenue_change_pct":85.0,"units_change_pct":100.0,"margin_change_pts":1.7},{"period":"2025-03","revenue":300.17499923706055,"cost":121.22499465942383,"margin":59.6,"units":80,"transactions":58,"profit":178.95000457763672,"revenue_change_pct":440.9,"units_change_pct":400.0,"margin_change_pts":-4.8},{"period":"2025-04","revenue":226.72500610351562,"cost":75.85000038146973,"margin":66.5,"units":62,"transactions":52,"profit":150.87499618530273,"revenue_change_pct":-24.5,"units_change_pct":-22.5,"margin_change_pts":6.9},{"period":"2025-05","revenue":235.49999237060547,"cost":98.37499618530273,"margin":58.2,"units":56,"transactions":52,"profit":137.12499618530273,"revenue_change_pct":3.9,"units_change_pct":-9.7,"margin_change_pts":-8.3},{"period":"2025-06","revenue":420.6999969482422,"cost":163.57500076293945,"margin":61.1,"units":82,"transactions":76,"profit":257.12499618530273,"revenue_change_pct":78.6,"units_change_pct":46.4,"margin_change_pts":2.9},{"period":"2025-07","revenue":248.29999923706055,"cost":94.94999885559082,"margin":61.8,"units":56,"transactions":50,"profit":153.35000038146973,"revenue_change_pct":-41.0,"units_change_pct":-31.7,"margin_change_pts":0.6},{"period":"2025-08","revenue":762.7750396728516,"cost":256.82498931884766,"margin":66.3,"units":176,"transactions":162,"profit":505.95001220703125,"revenue_change_pct":207.2,"units_change_pct":214.3,"margin_change_pts":4.6},{"period":"2025-09","revenue":603.1000137329102,"cost":213.32500457763672,"margin":64.6,"units":152,"transactions":138,"profit":389.77500915527344,"revenue_change_pct":-20.9,"units_change_pct":-13.6,"margin_change_pts":-1.7},{"period":"2025-10","revenue":487.47501373291016,"cost":141.92500114440918,"margin":70.9,"units":144,"transactions":116,"profit":345.5500030517578,"revenue_change_pct":-19.2,"units_change_pct":-5.3,"margin_change_pts":6.3},{"period":"2025-11","revenue":413.5749816894531,"cost":129.14999961853027,"margin":68.8,"units":132,"transactions":104,"profit":284.424991607666,"revenue_change_pct":-15.2,"units_change_pct":-8.3,"margin_change_pts":-2.1},{"period":"2025-12","revenue":432.5749969482422,"cost":147.97499656677246,"margin":65.8,"units":122,"transactions":110,"profit":284.59999084472656,"revenue_change_pct":4.6,"units_change_pct":-7.6,"margin_change_pts":-3.0},{"period":"2026-01","revenue":422.5749969482422,"cost":144.60000038146973,"margin":65.8,"units":124,"transactions":118,"profit":277.9750061035156,"revenue_change_pct":-2.3,"units_change_pct":1.6,"margin_change_pts":-0.0}]}