{"brand":"ZIG ZAG","date_range":"2024-01-01 00:00:00 to 2026-01-31 00:00:00","period_label":"All Time","summary":{"total_units":1322,"total_revenue":5044.725036621094,"total_cost":1702.6498413085938,"total_discounts":636.4750289916992,"total_profit":3342.0751953125,"overall_margin":66.19999694824219,"fp_margin":68.69999694824219,"disc_margin":60.70000076293945,"pct_full_price":69.30000305175781,"avg_discount_rate":11.199999809265137,"fp_revenue":3493.9749145507812,"disc_revenue":1550.7498168945312,"unique_customers":900,"brand":"ZIG ZAG","date_range":"2024-01-01 00:00:00 to 2026-01-31 00:00:00","months_count":40,"avg_monthly_cost":85.125,"cost_per_unit":2.575,"primary_category":"ACCESSORY","primary_cat_margin":61.099998474121094,"category_rank":21,"category_total":136,"margin_vs_category":5.099999904632568,"velocity_rank":8},"category_breakdown":[{"category_clean":"ACCESSORY","units":1322,"revenue":5044.725036621094,"cost":1702.6499938964844,"profit":3342.0748901367188,"discounts":636.4749908447266,"margin":66.19999694824219,"category_avg_margin":61.099998474121094,"vs_category":5.1,"rank":21.0,"total_brands":136.0}],"trend":[{"period":"2024-06","revenue":42.750000953674316,"cost":10.3249990940094,"margin":75.8,"units":14,"transactions":8,"profit":32.42500066757202,"revenue_change_pct":null,"units_change_pct":null,"margin_change_pts":null},{"period":"2024-07","revenue":120.0,"cost":23.600001335144043,"margin":80.3,"units":32,"transactions":4,"profit":96.40000343322754,"revenue_change_pct":180.7,"units_change_pct":128.6,"margin_change_pts":4.5},{"period":"2024-08","revenue":142.5,"cost":28.02500009536743,"margin":80.3,"units":38,"transactions":8,"profit":114.47500228881836,"revenue_change_pct":18.8,"units_change_pct":18.8,"margin_change_pts":0.0},{"period":"2024-09","revenue":37.5,"cost":7.374999523162842,"margin":80.3,"units":10,"transactions":6,"profit":30.125000476837158,"revenue_change_pct":-73.7,"units_change_pct":-73.7,"margin_change_pts":0.0},{"period":"2024-10","revenue":50.250000953674316,"cost":10.325000286102295,"margin":79.5,"units":14,"transactions":6,"profit":39.92500066757202,"revenue_change_pct":34.0,"units_change_pct":40.0,"margin_change_pts":-0.9},{"period":"2024-11","revenue":5.249999761581421,"cost":1.4749999344348907,"margin":71.9,"units":2,"transactions":2,"profit":3.774999976158142,"revenue_change_pct":-89.6,"units_change_pct":-85.7,"margin_change_pts":-7.5},{"period":"2024-12","revenue":7.5,"cost":2.800000011920929,"margin":62.7,"units":2,"transactions":2,"profit":4.699999988079071,"revenue_change_pct":42.9,"units_change_pct":0,"margin_change_pts":-9.2},{"period":"2025-01","revenue":30.0,"cost":11.200000047683716,"margin":62.7,"units":8,"transactions":6,"profit":18.799999952316284,"revenue_change_pct":300.0,"units_change_pct":300.0,"margin_change_pts":0.0},{"period":"2025-02","revenue":55.50000190734863,"cost":19.75000023841858,"margin":64.4,"units":16,"transactions":14,"profit":35.75000047683716,"revenue_change_pct":85.0,"units_change_pct":100.0,"margin_change_pts":1.7},{"period":"2025-03","revenue":300.17499923706055,"cost":121.22499465942383,"margin":59.6,"units":80,"transactions":58,"profit":178.95000457763672,"revenue_change_pct":440.9,"units_change_pct":400.0,"margin_change_pts":-4.8},{"period":"2025-04","revenue":226.72500610351562,"cost":75.85000038146973,"margin":66.5,"units":62,"transactions":52,"profit":150.87499618530273,"revenue_change_pct":-24.5,"units_change_pct":-22.5,"margin_change_pts":6.9},{"period":"2025-05","revenue":235.49999237060547,"cost":98.37499618530273,"margin":58.2,"units":56,"transactions":52,"profit":137.12499618530273,"revenue_change_pct":3.9,"units_change_pct":-9.7,"margin_change_pts":-8.3},{"period":"2025-06","revenue":420.6999969482422,"cost":163.57500076293945,"margin":61.1,"units":82,"transactions":76,"profit":257.12499618530273,"revenue_change_pct":78.6,"units_change_pct":46.4,"margin_change_pts":2.9},{"period":"2025-07","revenue":248.29999923706055,"cost":94.94999885559082,"margin":61.8,"units":56,"transactions":50,"profit":153.35000038146973,"revenue_change_pct":-41.0,"units_change_pct":-31.7,"margin_change_pts":0.6},{"period":"2025-08","revenue":762.7750396728516,"cost":256.82498931884766,"margin":66.3,"units":176,"transactions":162,"profit":505.95001220703125,"revenue_change_pct":207.2,"units_change_pct":214.3,"margin_change_pts":4.6},{"period":"2025-09","revenue":603.1000137329102,"cost":213.32500457763672,"margin":64.6,"units":152,"transactions":138,"profit":389.77500915527344,"revenue_change_pct":-20.9,"units_change_pct":-13.6,"margin_change_pts":-1.7},{"period":"2025-10","revenue":487.47501373291016,"cost":141.92500114440918,"margin":70.9,"units":144,"transactions":116,"profit":345.5500030517578,"revenue_change_pct":-19.2,"units_change_pct":-5.3,"margin_change_pts":6.3},{"period":"2025-11","revenue":413.5749816894531,"cost":129.14999961853027,"margin":68.8,"units":132,"transactions":104,"profit":284.424991607666,"revenue_change_pct":-15.2,"units_change_pct":-8.3,"margin_change_pts":-2.1},{"period":"2025-12","revenue":432.5749969482422,"cost":147.97499656677246,"margin":65.8,"units":122,"transactions":110,"profit":284.59999084472656,"revenue_change_pct":4.6,"units_change_pct":-7.6,"margin_change_pts":-3.0},{"period":"2026-01","revenue":422.5749969482422,"cost":144.60000038146973,"margin":65.8,"units":124,"transactions":118,"profit":277.9750061035156,"revenue_change_pct":-2.3,"units_change_pct":1.6,"margin_change_pts":-0.0}],"share_of_category":[{"category":"ACCESSORY","brand_revenue":5044.725036621094,"category_revenue":4128754.0625,"revenue_share_pct":0.10000000149011612,"brand_units":1322,"category_units":2130096,"units_share_pct":0.1}],"share_of_category_trend":{"ACCESSORY":[{"period":"2024-01","brand_revenue":0.0,"category_revenue":153543.9453125,"share_pct":0.0},{"period":"2024-02","brand_revenue":0.0,"category_revenue":152399.47265625,"share_pct":0.0},{"period":"2024-03","brand_revenue":0.0,"category_revenue":154678.876953125,"share_pct":0.0},{"period":"2024-04","brand_revenue":0.0,"category_revenue":163353.65234375,"share_pct":0.0},{"period":"2024-05","brand_revenue":0.0,"category_revenue":179676.4453125,"share_pct":0.0},{"period":"2024-06","brand_revenue":42.750000953674316,"category_revenue":185008.828125,"share_pct":0.0},{"period":"2024-07","brand_revenue":120.0,"category_revenue":186675.46875,"share_pct":0.10000000149011612},{"period":"2024-08","brand_revenue":142.5,"category_revenue":180226.328125,"share_pct":0.10000000149011612},{"period":"2024-09","brand_revenue":37.5,"category_revenue":162386.298828125,"share_pct":0.0},{"period":"2024-10","brand_revenue":50.250000953674316,"category_revenue":166088.73046875,"share_pct":0.0},{"period":"2024-11","brand_revenue":5.249999761581421,"category_revenue":171706.09375,"share_pct":0.0},{"period":"2024-12","brand_revenue":7.5,"category_revenue":176502.03125,"share_pct":0.0},{"period":"2025-01","brand_revenue":30.0,"category_revenue":167261.34765625,"share_pct":0.0},{"period":"2025-02","brand_revenue":55.50000190734863,"category_revenue":155260.927734375,"share_pct":0.0},{"period":"2025-03","brand_revenue":300.17499923706055,"category_revenue":176420.390625,"share_pct":0.20000000298023224},{"period":"2025-04","brand_revenue":226.72500610351562,"category_revenue":182694.82421875,"share_pct":0.10000000149011612},{"period":"2025-05","brand_revenue":235.49999237060547,"category_revenue":179904.4921875,"share_pct":0.10000000149011612},{"period":"2025-06","brand_revenue":420.6999969482422,"category_revenue":161148.75,"share_pct":0.30000001192092896},{"period":"2025-07","brand_revenue":248.29999923706055,"category_revenue":165549.8046875,"share_pct":0.10000000149011612},{"period":"2025-08","brand_revenue":762.7750396728516,"category_revenue":171752.05078125,"share_pct":0.4000000059604645},{"period":"2025-09","brand_revenue":603.1000137329102,"category_revenue":168198.9453125,"share_pct":0.4000000059604645},{"period":"2025-10","brand_revenue":487.47501373291016,"category_revenue":171844.55078125,"share_pct":0.30000001192092896},{"period":"2025-11","brand_revenue":413.5749816894531,"category_revenue":172839.74609375,"share_pct":0.20000000298023224},{"period":"2025-12","brand_revenue":432.5749969482422,"category_revenue":141954.873046875,"share_pct":0.30000001192092896},{"period":"2026-01","brand_revenue":422.5749969482422,"category_revenue":81677.1484375,"share_pct":0.5}]},"discount_depth":[{"tier":"0% (Full Price)","transactions":730,"pct_of_transactions":63.6,"revenue":3493.9749145507812,"avg_discount":0.0},{"tier":"1-10%","transactions":52,"pct_of_transactions":4.5,"revenue":254.2500114440918,"avg_discount":20.0},{"tier":"11-20%","transactions":76,"pct_of_transactions":6.6,"revenue":296.14999771118164,"avg_discount":30.200000762939453},{"tier":"21-30%","transactions":116,"pct_of_transactions":10.1,"revenue":431.2250518798828,"avg_discount":59.400001525878906},{"tier":"31%+","transactions":152,"pct_of_transactions":13.2,"revenue":419.50000762939453,"avg_discount":81.5999984741211}],"velocity":{"units_per_day":2.24,"revenue_per_day":8.575000166893005,"avg_units_per_txn":2.42,"days_of_data":589,"total_units":1322,"total_transactions":1092},"velocity_by_category":[{"category":"ACCESSORY","brand_units_per_day":1.74,"category_avg_units_per_day":20.56,"velocity_index":8.4,"brand_rev_per_unit":3.05,"category_rev_per_unit":1.55,"brands_in_category":136}],"deals":[{"deal_name":"Senior - 10% Off","times_used":60,"units":74.0,"revenue":271.2249994277954,"discounts":30.375000089406967,"cost":93.44999939203262,"profit":177.77499854564667,"pre_discount_revenue":301.5999984741211,"margin":65.5,"avg_discount":20.2},{"deal_name":"Jackpot - Locals 30% Off","times_used":56,"units":90.0,"revenue":315.5250006914139,"discounts":135.4249981045723,"cost":107.52499788999557,"profit":208.0000001192093,"pre_discount_revenue":450.9499979019165,"margin":65.9,"avg_discount":60.0},{"deal_name":"Industry 30% Off","times_used":48,"units":58.0,"revenue":174.05000060796738,"discounts":74.67499807476997,"cost":77.0499986410141,"profit":96.99999868869781,"pre_discount_revenue":248.7249994277954,"margin":55.7,"avg_discount":60.0},{"deal_name":"Industry - 30% Off","times_used":16,"units":16.0,"revenue":49.8499995470047,"discounts":21.374999284744263,"cost":19.625000059604645,"profit":30.224999636411667,"pre_discount_revenue":71.22499942779541,"margin":60.6,"avg_discount":60.0},{"deal_name":"Senior / Veterans - 20% Off","times_used":12,"units":14.0,"revenue":38.99999916553497,"discounts":9.749999791383743,"cost":16.850000023841858,"profit":22.149999737739563,"pre_discount_revenue":48.75,"margin":56.8,"avg_discount":40.0},{"deal_name":"Veterans - 10% Off","times_used":12,"units":14.0,"revenue":51.17500126361847,"discounts":5.699999965727329,"cost":16.674999445676804,"profit":34.499998688697815,"pre_discount_revenue":56.875,"margin":67.4,"avg_discount":20.0},{"deal_name":"Employee 30% - NOT FRIDAYS","times_used":10,"units":12.0,"revenue":37.59999930858612,"discounts":16.124999523162842,"cost":14.549999833106995,"profit":23.04999977350235,"pre_discount_revenue":53.72499942779541,"margin":61.3,"avg_discount":60.0},{"deal_name":"Medical - 10%","times_used":2,"units":2.0,"revenue":7.875000238418579,"discounts":0.8749999850988388,"cost":4.375,"profit":3.4999999403953552,"pre_discount_revenue":8.75,"margin":44.4,"avg_discount":20.0},{"deal_name":"Senior Sunday - RENO ONLY - 20% Off","times_used":2,"units":2.0,"revenue":6.9999998807907104,"discounts":1.7499999701976776,"cost":4.375,"profit":2.6249998807907104,"pre_discount_revenue":8.75,"margin":37.5,"avg_discount":40.0}],"top_products":[{"product":"ZIG ZAG UNBLEACHED CONES","units":190,"revenue":793.7999725341797,"cost":246.9999885559082,"profit":546.8000030517578,"transactions":158,"margin":68.9000015258789},{"product":"ZIG ZAG HEMP CONES / WRAPS","units":182,"revenue":749.7000122070312,"cost":220.77499389648438,"profit":528.9249801635742,"transactions":162,"margin":70.5999984741211},{"product":"Zig Zag Orange","units":142,"revenue":590.625,"cost":310.625,"profit":280.0,"transactions":132,"margin":47.400001525878906},{"product":"ROLLING PAPER W/ CUT CORNERS","units":210,"revenue":526.5250015258789,"cost":133.87499809265137,"profit":392.6499938964844,"transactions":194,"margin":74.5999984741211},{"product":"$4 KING SIZE SLIM UNBLEACHED PAPERS - ZIG ZAG","units":108,"revenue":520.4999923706055,"cost":165.0,"profit":355.49999237060547,"transactions":104,"margin":68.30000305175781},{"product":"Zig Zag Combo Pack","units":130,"revenue":455.625,"cost":155.9999942779541,"profit":299.62499618530273,"transactions":128,"margin":65.80000305175781},{"product":"zig zag ultra thin cones 3pk","units":92,"revenue":332.99999237060547,"cost":124.39999580383301,"profit":208.60000610351562,"transactions":76,"margin":62.599998474121094},{"product":"ZIG ZAG ULTRA THIN PAPERS","units":48,"revenue":280.8249855041504,"cost":113.4000015258789,"profit":167.4250030517578,"transactions":44,"margin":59.599998474121094},{"product":"Zig Zag Hemp Wrap Island Vibes","units":64,"revenue":216.37500762939453,"cost":50.12499809265137,"profit":166.25,"transactions":52,"margin":76.80000305175781},{"product":"Zig Zag Hemp Wrap Natural","units":50,"revenue":187.5,"cost":36.875,"profit":150.625,"transactions":10,"margin":80.30000305175781},{"product":"ZIG ZAG 1 1/4 FRENCH ORANGE COMBO PACK","units":44,"revenue":185.49999237060547,"cost":100.65000534057617,"profit":84.84999656677246,"transactions":44,"margin":45.70000076293945},{"product":"Hemp Wraps Blue Dream","units":46,"revenue":160.49999237060547,"cost":33.92499923706055,"profit":126.57500267028809,"transactions":28,"margin":78.9000015258789},{"product":"OG PURP HEMP WRAPS [2PK] - ZIG ZAG","units":16,"revenue":44.25000190734863,"cost":10.0,"profit":34.24999952316284,"transactions":16,"margin":77.4000015258789}],"products_by_store":{"Elevation Springs":[{"product":"ZIG ZAG UNBLEACHED CONES","units":94,"revenue":367.0500183105469,"cost":122.19999313354492,"profit":244.85000610351562,"transactions":84,"margin":66.69999694824219},{"product":"$4 KING SIZE SLIM UNBLEACHED PAPERS - ZIG ZAG","units":62,"revenue":292.5,"cost":104.6250057220459,"profit":187.87500381469727,"transactions":60,"margin":64.19999694824219},{"product":"Zig Zag Combo Pack","units":34,"revenue":119.25000190734863,"cost":40.79999923706055,"profit":78.4499979019165,"transactions":34,"margin":65.80000305175781}],"Elevation Oasis":[{"product":"ZIG ZAG HEMP CONES / WRAPS","units":182,"revenue":749.7000122070312,"cost":220.77499389648438,"profit":528.9249801635742,"transactions":162,"margin":70.5999984741211},{"product":"ROLLING PAPER W/ CUT CORNERS","units":210,"revenue":526.5250015258789,"cost":133.87499809265137,"profit":392.6499938964844,"transactions":194,"margin":74.5999984741211},{"product":"ZIG ZAG UNBLEACHED CONES","units":96,"revenue":426.74999237060547,"cost":124.79999542236328,"profit":301.9499969482422,"transactions":74,"margin":70.80000305175781},{"product":"ZIG ZAG ULTRA THIN PAPERS","units":48,"revenue":280.8249855041504,"cost":113.4000015258789,"profit":167.4250030517578,"transactions":44,"margin":59.599998474121094},{"product":"zig zag ultra thin cones 3pk","units":44,"revenue":173.25000762939453,"cost":57.199997901916504,"profit":116.04999542236328,"transactions":42,"margin":67.0},{"product":"Zig Zag Hemp Wrap Island Vibes","units":18,"revenue":49.87500190734863,"cost":16.200000047683716,"profit":33.67499828338623,"transactions":18,"margin":67.5},{"product":"OG PURP HEMP WRAPS [2PK] - ZIG ZAG","units":16,"revenue":44.25000190734863,"cost":10.0,"profit":34.24999952316284,"transactions":16,"margin":77.4000015258789}],"Elevation Midtown":[{"product":"Zig Zag Orange","units":142,"revenue":590.625,"cost":310.625,"profit":280.0,"transactions":132,"margin":47.400001525878906},{"product":"Zig Zag Combo Pack","units":96,"revenue":336.37500762939453,"cost":115.19999504089355,"profit":221.1750030517578,"transactions":94,"margin":65.80000305175781},{"product":"Zig Zag Hemp Wrap Natural","units":50,"revenue":187.5,"cost":36.875,"profit":150.625,"transactions":10,"margin":80.30000305175781},{"product":"ZIG ZAG 1 1/4 FRENCH ORANGE COMBO PACK","units":44,"revenue":185.49999237060547,"cost":100.65000534057617,"profit":84.84999656677246,"transactions":44,"margin":45.70000076293945},{"product":"Zig Zag Hemp Wrap Island Vibes","units":46,"revenue":166.49999618530273,"cost":33.92499923706055,"profit":132.57500648498535,"transactions":34,"margin":79.5999984741211},{"product":"Hemp Wraps Blue Dream","units":46,"revenue":160.49999237060547,"cost":33.92499923706055,"profit":126.57500267028809,"transactions":28,"margin":78.9000015258789},{"product":"zig zag ultra thin cones 3pk","units":48,"revenue":159.7499942779541,"cost":67.1999979019165,"profit":92.55000114440918,"transactions":34,"margin":57.900001525878906}],"Elevation Parkway":[{"product":"$4 KING SIZE SLIM UNBLEACHED PAPERS - ZIG ZAG","units":46,"revenue":227.99999237060547,"cost":60.374999046325684,"profit":167.62500762939453,"transactions":44,"margin":73.5}]},"store_summary":[{"store_clean":"Elevation Oasis","units":614,"revenue":2251.1749267578125,"cost":676.25,"profit":1574.9249267578125,"discounts":465.02498626708984,"margin":70.0,"discount_rate":17.100000381469727},{"store_clean":"Elevation Midtown","units":472,"revenue":1786.7500305175781,"cost":698.3999633789062,"profit":1088.3499908447266,"discounts":99.49999809265137,"margin":60.900001525878906,"discount_rate":5.300000190734863},{"store_clean":"Elevation Springs","units":190,"revenue":778.7999725341797,"cost":267.6249885559082,"profit":511.1750030517578,"discounts":69.94999885559082,"margin":65.5999984741211,"discount_rate":8.199999809265137},{"store_clean":"Elevation Parkway","units":46,"revenue":227.99999237060547,"cost":60.374999046325684,"profit":167.62500762939453,"discounts":2.0000000298023224,"margin":73.5,"discount_rate":0.8999999761581421}],"recommendations":[],"comparison":null}