{"brand":"VUBER","date_range":"2024-01-01 00:00:00 to 2026-01-31 00:00:00","period_label":"All Time","summary":{"total_units":12092,"total_revenue":289665.4296875,"total_cost":117307.9296875,"total_discounts":50107.0751953125,"total_profit":172357.5,"overall_margin":59.5,"fp_margin":65.5999984741211,"disc_margin":47.79999923706055,"pct_full_price":65.69999694824219,"avg_discount_rate":14.699999809265137,"fp_revenue":190332.5,"disc_revenue":99332.9296875,"brand":"VUBER","date_range":"2024-01-01 00:00:00 to 2026-01-31 00:00:00","primary_category":"BATTERY","store_coverage":"6/7","stores_present":["Elevation Springs","Elevation Mesa","Elevation Oasis","Elevation Midtown","Elevation Boulevard","Elevation Parkway"],"stores_missing":["Elevation Downtown"],"velocity_rank":1,"velocity_total":19},"distribution":[{"store":"Elevation Springs","carries_brand":true,"sku_count":6,"revenue":65452.2998046875,"units":2654,"store_total_revenue":51138750.0,"brand_share_pct":0.10000000149011612},{"store":"Elevation Mesa","carries_brand":true,"sku_count":6,"revenue":51207.998046875,"units":2176,"store_total_revenue":47532240.0,"brand_share_pct":0.10000000149011612},{"store":"Elevation Oasis","carries_brand":true,"sku_count":4,"revenue":60712.001953125,"units":2474,"store_total_revenue":56050145.0,"brand_share_pct":0.10000000149011612},{"store":"Elevation Downtown","carries_brand":false,"sku_count":0,"revenue":0.0,"units":0,"store_total_revenue":1945237.1875,"brand_share_pct":0},{"store":"Elevation Midtown","carries_brand":true,"sku_count":6,"revenue":51471.025390625,"units":2348,"store_total_revenue":30850185.0,"brand_share_pct":0.20000000298023224},{"store":"Elevation Boulevard","carries_brand":true,"sku_count":4,"revenue":33993.1005859375,"units":1474,"store_total_revenue":28757865.0,"brand_share_pct":0.10000000149011612},{"store":"Elevation Parkway","carries_brand":true,"sku_count":6,"revenue":26828.9990234375,"units":966,"store_total_revenue":21987007.5,"brand_share_pct":0.10000000149011612}],"share_of_category":[{"category":"BATTERY","brand_revenue":289665.4296875,"category_revenue":1041867.1875,"revenue_share_pct":27.799999237060547,"brand_units":12092,"category_units":41118,"units_share_pct":29.4}],"share_of_category_trend":{"BATTERY":[{"period":"2024-01","brand_revenue":41054.7509765625,"category_revenue":78523.75,"share_pct":52.29999923706055},{"period":"2024-02","brand_revenue":34225.50048828125,"category_revenue":79510.9765625,"share_pct":43.0},{"period":"2024-03","brand_revenue":29376.4990234375,"category_revenue":80066.9482421875,"share_pct":36.70000076293945},{"period":"2024-04","brand_revenue":24449.150390625,"category_revenue":65688.7744140625,"share_pct":37.20000076293945},{"period":"2024-05","brand_revenue":24869.87548828125,"category_revenue":61493.57421875,"share_pct":40.400001525878906},{"period":"2024-06","brand_revenue":37961.99951171875,"category_revenue":67340.751953125,"share_pct":56.400001525878906},{"period":"2024-07","brand_revenue":33267.42431640625,"category_revenue":70591.1767578125,"share_pct":47.099998474121094},{"period":"2024-08","brand_revenue":27279.49951171875,"category_revenue":64657.8759765625,"share_pct":42.20000076293945},{"period":"2024-09","brand_revenue":29929.67529296875,"category_revenue":52538.3740234375,"share_pct":57.0},{"period":"2024-10","brand_revenue":7107.2998046875,"category_revenue":49278.92578125,"share_pct":14.399999618530273},{"period":"2024-11","brand_revenue":100.0,"category_revenue":39889.69970703125,"share_pct":0.30000001192092896},{"period":"2024-12","brand_revenue":0.0,"category_revenue":38273.87451171875,"share_pct":0.0},{"period":"2025-01","brand_revenue":43.75,"category_revenue":24301.0498046875,"share_pct":0.20000000298023224},{"period":"2025-02","brand_revenue":0.0,"category_revenue":15730.625,"share_pct":0.0},{"period":"2025-03","brand_revenue":0.0,"category_revenue":17904.124755859375,"share_pct":0.0},{"period":"2025-04","brand_revenue":0.0,"category_revenue":17018.02490234375,"share_pct":0.0},{"period":"2025-05","brand_revenue":0.0,"category_revenue":21588.3740234375,"share_pct":0.0},{"period":"2025-06","brand_revenue":0.0,"category_revenue":20285.274658203125,"share_pct":0.0},{"period":"2025-07","brand_revenue":0.0,"category_revenue":26462.7490234375,"share_pct":0.0},{"period":"2025-08","brand_revenue":0.0,"category_revenue":27441.025390625,"share_pct":0.0},{"period":"2025-09","brand_revenue":0.0,"category_revenue":24531.35009765625,"share_pct":0.0},{"period":"2025-10","brand_revenue":0.0,"category_revenue":27787.275390625,"share_pct":0.0},{"period":"2025-11","brand_revenue":0.0,"category_revenue":23690.8251953125,"share_pct":0.0},{"period":"2025-12","brand_revenue":0.0,"category_revenue":24923.798828125,"share_pct":0.0},{"period":"2026-01","brand_revenue":0.0,"category_revenue":22347.9248046875,"share_pct":0.0}]},"velocity_by_category":[{"category":"BATTERY","brand_units_per_day":15.86,"category_avg_units_per_day":2.84,"velocity_index":558.8,"brand_rev_per_unit":19.16,"category_rev_per_unit":20.27,"brands_in_category":19}],"store_gaps":[{"store":"Elevation Downtown","category":"BATTERY","category_revenue_at_store":6820.7501220703125,"opportunity":"Brand not carried"}],"product_mix":{"top":[{"product":"PILOT BATTERY - VUBER","units":11128,"revenue":238551.85546875,"cost":91407.919921875,"profit":147143.92578125,"stores":6,"transactions":10930,"margin":61.70000076293945},{"product":"PULSE BATTERY - VUBER","units":626,"revenue":38314.19921875,"cost":19562.5,"profit":18751.700439453125,"stores":6,"transactions":608,"margin":48.900001525878906},{"product":"PULSE TOUCH - VUBER","units":338,"revenue":12799.375,"cost":6337.5,"profit":6461.875,"stores":4,"transactions":326,"margin":50.5}],"bottom":[],"expansion":[{"product":"PULSE TOUCH - VUBER","current_stores":4,"total_stores":6,"missing_stores":["Elevation Oasis","Elevation Boulevard"],"revenue":12799.375}]},"pricing_consistency":[{"product":"PULSE BATTERY - VUBER","min_price":110.63437143961588,"max_price":136.7199951171875,"avg_price":123.80294575819454,"std_dev":3.5994983250780446,"store_count":12,"price_range":26.085623677571625,"range_pct":21.1},{"product":"PULSE TOUCH - VUBER","min_price":72.09558823529412,"max_price":85.11363636363637,"avg_price":77.5539658282791,"std_dev":2.184332088477066,"store_count":8,"price_range":13.018048128342246,"range_pct":16.8},{"product":"PILOT BATTERY - VUBER","min_price":41.40314353580844,"max_price":45.67607413647852,"avg_price":42.95458324472786,"std_dev":0.7464645888279633,"store_count":12,"price_range":4.27293060067008,"range_pct":9.9}],"promotional_effectiveness":{"lift":{"fp_units_per_day":23.5,"disc_units_per_day":17.64,"lift_pct":-24.9,"fp_avg_revenue_per_unit":55.275,"disc_avg_revenue_per_unit":38.15},"by_deal":[{"deal_name":"Industry - 30% Off","uses":812,"revenue":33558.249797821045,"discounts":14464.249949455261,"units":1658.0,"cost":16632.099927663803,"margin":50.4,"discount_depth":60.2},{"deal_name":"Senior - 10% Off","uses":148,"revenue":7488.000011444092,"discounts":832.000002861023,"units":302.0,"cost":2866.2999832630157,"margin":61.7,"discount_depth":20.0},{"deal_name":"Veterans - 10% Off","uses":85,"revenue":4246.500005722046,"discounts":488.5000014305115,"units":172.0,"cost":1640.2499914169312,"margin":61.4,"discount_depth":20.6},{"deal_name":"Jackpot - Locals 30% Off","uses":59,"revenue":2484.9999809265137,"discounts":1064.9999952316284,"units":120.0,"cost":1258.7499940395355,"margin":49.3,"discount_depth":60.0},{"deal_name":"Senior / Veterans - 20% Off","uses":52,"revenue":2216.0000038146973,"discounts":566.5000009536743,"units":104.0,"cost":945.7999932765961,"margin":57.3,"discount_depth":40.8},{"deal_name":"LVAC - 25% Off","uses":9,"revenue":375.0,"discounts":125.0,"units":20.0,"cost":164.7499978542328,"margin":56.1,"discount_depth":50.0},{"deal_name":"Employee - 40% OFF","uses":1,"revenue":86.99999809265137,"discounts":58.00000190734863,"units":2.0,"cost":62.5,"margin":28.2,"discount_depth":80.0}]},"growth_opportunities":[{"type":"distribution","title":"Expand to Elevation Downtown","detail":"Store has $2,728 in BATTERY \u2014 categories where VUBER competes.","priority":"medium"},{"type":"sku_expansion","title":"Add 'PULSE TOUCH - VUBER' to 2 more store(s)","detail":"Carried in 4 stores. Missing from: Elevation Oasis, Elevation Boulevard","priority":"medium"}],"trend":[{"period":"2024-01","revenue":41054.7509765625,"cost":15384.400634765625,"margin":62.5,"units":1686,"transactions":1650,"profit":25670.34912109375,"revenue_change_pct":null,"units_change_pct":null,"margin_change_pts":null},{"period":"2024-02","revenue":34225.50048828125,"cost":12833.3251953125,"margin":62.5,"units":1456,"transactions":1428,"profit":21392.17529296875,"revenue_change_pct":-16.6,"units_change_pct":-13.6,"margin_change_pts":-0.0},{"period":"2024-03","revenue":29376.4990234375,"cost":11434.7998046875,"margin":61.1,"units":1170,"transactions":1152,"profit":17941.700439453125,"revenue_change_pct":-14.2,"units_change_pct":-19.6,"margin_change_pts":-1.4},{"period":"2024-04","revenue":24449.150390625,"cost":10315.650634765625,"margin":57.8,"units":872,"transactions":856,"profit":14133.499755859375,"revenue_change_pct":-16.8,"units_change_pct":-25.5,"margin_change_pts":-3.3},{"period":"2024-05","revenue":24869.87548828125,"cost":9782.249755859375,"margin":60.7,"units":982,"transactions":960,"profit":15087.62451171875,"revenue_change_pct":1.7,"units_change_pct":12.6,"margin_change_pts":2.9},{"period":"2024-06","revenue":37961.99951171875,"cost":14149.49951171875,"margin":62.7,"units":1580,"transactions":1544,"profit":23812.5,"revenue_change_pct":52.6,"units_change_pct":60.9,"margin_change_pts":2.1},{"period":"2024-07","revenue":33267.42431640625,"cost":12746.749267578125,"margin":61.7,"units":1380,"transactions":1354,"profit":20520.673828125,"revenue_change_pct":-12.4,"units_change_pct":-12.7,"margin_change_pts":-1.0},{"period":"2024-08","revenue":27279.49951171875,"cost":10806.99951171875,"margin":60.4,"units":1126,"transactions":1102,"profit":16472.5,"revenue_change_pct":-18.0,"units_change_pct":-18.4,"margin_change_pts":-1.3},{"period":"2024-09","revenue":29929.67529296875,"cost":15856.25,"margin":47.0,"units":1436,"transactions":1410,"profit":14073.42529296875,"revenue_change_pct":9.7,"units_change_pct":27.5,"margin_change_pts":-13.4},{"period":"2024-10","revenue":7107.2998046875,"cost":3927.5,"margin":44.7,"units":398,"transactions":390,"profit":3179.7998046875,"revenue_change_pct":-76.3,"units_change_pct":-72.3,"margin_change_pts":-2.3},{"period":"2024-11","revenue":100.0,"cost":32.99999952316284,"margin":67.0,"units":4,"transactions":4,"profit":66.99999809265137,"revenue_change_pct":-98.6,"units_change_pct":-99.0,"margin_change_pts":22.3},{"period":"2025-01","revenue":43.75,"cost":37.5,"margin":14.3,"units":2,"transactions":2,"profit":6.25,"revenue_change_pct":-56.2,"units_change_pct":-50.0,"margin_change_pts":-52.7}]}