{"brand":"VUBER","date_range":"2024-01-01 00:00:00 to 2026-01-31 00:00:00","period_label":"All Time","summary":{"total_units":12092,"total_revenue":289665.4296875,"total_cost":117307.9296875,"total_discounts":50107.0751953125,"total_profit":172357.5,"overall_margin":59.5,"fp_margin":65.5999984741211,"disc_margin":47.79999923706055,"pct_full_price":65.69999694824219,"avg_discount_rate":14.699999809265137,"fp_revenue":190332.5,"disc_revenue":99332.9296875,"unique_customers":10464,"brand":"VUBER","date_range":"2024-01-01 00:00:00 to 2026-01-31 00:00:00","months_count":24,"avg_monthly_cost":9775.650000000001,"cost_per_unit":19.4,"primary_category":"BATTERY","primary_cat_margin":62.29999923706055,"category_rank":1,"category_total":19,"margin_vs_category":-2.799999952316284,"velocity_rank":1},"category_breakdown":[{"category_clean":"BATTERY","units":12092,"revenue":289665.4296875,"cost":117307.919921875,"profit":172357.5,"discounts":50107.0751953125,"margin":59.5,"category_avg_margin":62.29999923706055,"vs_category":-2.8,"rank":1.0,"total_brands":19.0}],"trend":[{"period":"2024-01","revenue":41054.7509765625,"cost":15384.400634765625,"margin":62.5,"units":1686,"transactions":1650,"profit":25670.34912109375,"revenue_change_pct":null,"units_change_pct":null,"margin_change_pts":null},{"period":"2024-02","revenue":34225.50048828125,"cost":12833.3251953125,"margin":62.5,"units":1456,"transactions":1428,"profit":21392.17529296875,"revenue_change_pct":-16.6,"units_change_pct":-13.6,"margin_change_pts":-0.0},{"period":"2024-03","revenue":29376.4990234375,"cost":11434.7998046875,"margin":61.1,"units":1170,"transactions":1152,"profit":17941.700439453125,"revenue_change_pct":-14.2,"units_change_pct":-19.6,"margin_change_pts":-1.4},{"period":"2024-04","revenue":24449.150390625,"cost":10315.650634765625,"margin":57.8,"units":872,"transactions":856,"profit":14133.499755859375,"revenue_change_pct":-16.8,"units_change_pct":-25.5,"margin_change_pts":-3.3},{"period":"2024-05","revenue":24869.87548828125,"cost":9782.249755859375,"margin":60.7,"units":982,"transactions":960,"profit":15087.62451171875,"revenue_change_pct":1.7,"units_change_pct":12.6,"margin_change_pts":2.9},{"period":"2024-06","revenue":37961.99951171875,"cost":14149.49951171875,"margin":62.7,"units":1580,"transactions":1544,"profit":23812.5,"revenue_change_pct":52.6,"units_change_pct":60.9,"margin_change_pts":2.1},{"period":"2024-07","revenue":33267.42431640625,"cost":12746.749267578125,"margin":61.7,"units":1380,"transactions":1354,"profit":20520.673828125,"revenue_change_pct":-12.4,"units_change_pct":-12.7,"margin_change_pts":-1.0},{"period":"2024-08","revenue":27279.49951171875,"cost":10806.99951171875,"margin":60.4,"units":1126,"transactions":1102,"profit":16472.5,"revenue_change_pct":-18.0,"units_change_pct":-18.4,"margin_change_pts":-1.3},{"period":"2024-09","revenue":29929.67529296875,"cost":15856.25,"margin":47.0,"units":1436,"transactions":1410,"profit":14073.42529296875,"revenue_change_pct":9.7,"units_change_pct":27.5,"margin_change_pts":-13.4},{"period":"2024-10","revenue":7107.2998046875,"cost":3927.5,"margin":44.7,"units":398,"transactions":390,"profit":3179.7998046875,"revenue_change_pct":-76.3,"units_change_pct":-72.3,"margin_change_pts":-2.3},{"period":"2024-11","revenue":100.0,"cost":32.99999952316284,"margin":67.0,"units":4,"transactions":4,"profit":66.99999809265137,"revenue_change_pct":-98.6,"units_change_pct":-99.0,"margin_change_pts":22.3},{"period":"2025-01","revenue":43.75,"cost":37.5,"margin":14.3,"units":2,"transactions":2,"profit":6.25,"revenue_change_pct":-56.2,"units_change_pct":-50.0,"margin_change_pts":-52.7}],"share_of_category":[{"category":"BATTERY","brand_revenue":289665.4296875,"category_revenue":1041867.1875,"revenue_share_pct":27.799999237060547,"brand_units":12092,"category_units":41118,"units_share_pct":29.4}],"share_of_category_trend":{"BATTERY":[{"period":"2024-01","brand_revenue":41054.7509765625,"category_revenue":78523.75,"share_pct":52.29999923706055},{"period":"2024-02","brand_revenue":34225.50048828125,"category_revenue":79510.9765625,"share_pct":43.0},{"period":"2024-03","brand_revenue":29376.4990234375,"category_revenue":80066.9482421875,"share_pct":36.70000076293945},{"period":"2024-04","brand_revenue":24449.150390625,"category_revenue":65688.7744140625,"share_pct":37.20000076293945},{"period":"2024-05","brand_revenue":24869.87548828125,"category_revenue":61493.57421875,"share_pct":40.400001525878906},{"period":"2024-06","brand_revenue":37961.99951171875,"category_revenue":67340.751953125,"share_pct":56.400001525878906},{"period":"2024-07","brand_revenue":33267.42431640625,"category_revenue":70591.1767578125,"share_pct":47.099998474121094},{"period":"2024-08","brand_revenue":27279.49951171875,"category_revenue":64657.8759765625,"share_pct":42.20000076293945},{"period":"2024-09","brand_revenue":29929.67529296875,"category_revenue":52538.3740234375,"share_pct":57.0},{"period":"2024-10","brand_revenue":7107.2998046875,"category_revenue":49278.92578125,"share_pct":14.399999618530273},{"period":"2024-11","brand_revenue":100.0,"category_revenue":39889.69970703125,"share_pct":0.30000001192092896},{"period":"2024-12","brand_revenue":0.0,"category_revenue":38273.87451171875,"share_pct":0.0},{"period":"2025-01","brand_revenue":43.75,"category_revenue":24301.0498046875,"share_pct":0.20000000298023224},{"period":"2025-02","brand_revenue":0.0,"category_revenue":15730.625,"share_pct":0.0},{"period":"2025-03","brand_revenue":0.0,"category_revenue":17904.124755859375,"share_pct":0.0},{"period":"2025-04","brand_revenue":0.0,"category_revenue":17018.02490234375,"share_pct":0.0},{"period":"2025-05","brand_revenue":0.0,"category_revenue":21588.3740234375,"share_pct":0.0},{"period":"2025-06","brand_revenue":0.0,"category_revenue":20285.274658203125,"share_pct":0.0},{"period":"2025-07","brand_revenue":0.0,"category_revenue":26462.7490234375,"share_pct":0.0},{"period":"2025-08","brand_revenue":0.0,"category_revenue":27441.025390625,"share_pct":0.0},{"period":"2025-09","brand_revenue":0.0,"category_revenue":24531.35009765625,"share_pct":0.0},{"period":"2025-10","brand_revenue":0.0,"category_revenue":27787.275390625,"share_pct":0.0},{"period":"2025-11","brand_revenue":0.0,"category_revenue":23690.8251953125,"share_pct":0.0},{"period":"2025-12","brand_revenue":0.0,"category_revenue":24923.798828125,"share_pct":0.0},{"period":"2026-01","brand_revenue":0.0,"category_revenue":22347.9248046875,"share_pct":0.0}]},"discount_depth":[{"tier":"0% (Full Price)","transactions":6774,"pct_of_transactions":57.1,"revenue":190332.5,"avg_discount":0.0},{"tier":"1-10%","transactions":850,"pct_of_transactions":7.2,"revenue":22133.5498046875,"avg_discount":20.0},{"tier":"11-20%","transactions":276,"pct_of_transactions":2.3,"revenue":6551.3751220703125,"avg_discount":39.79999923706055},{"tier":"21-30%","transactions":280,"pct_of_transactions":2.4,"revenue":11780.625,"avg_discount":56.400001525878906},{"tier":"31%+","transactions":1072,"pct_of_transactions":9.0,"revenue":10243.62548828125,"avg_discount":137.39999389648438}],"velocity":{"units_per_day":32.42,"revenue_per_day":776.5750122070312,"avg_units_per_txn":2.04,"days_of_data":373,"total_units":12092,"total_transactions":11852},"velocity_by_category":[{"category":"BATTERY","brand_units_per_day":15.86,"category_avg_units_per_day":2.84,"velocity_index":558.8,"brand_rev_per_unit":19.16,"category_rev_per_unit":20.27,"brands_in_category":19}],"deals":[{"deal_name":"Industry - 30% Off","times_used":1624,"units":1658.0,"revenue":33558.249797821045,"discounts":14464.249949455261,"cost":16632.099927663803,"profit":16926.150122880936,"pre_discount_revenue":48022.5,"margin":50.4,"avg_discount":60.2},{"deal_name":"Senior - 10% Off","times_used":296,"units":302.0,"revenue":7488.000011444092,"discounts":832.000002861023,"cost":2866.2999832630157,"profit":4621.699938774109,"pre_discount_revenue":8320.0,"margin":61.7,"avg_discount":20.0},{"deal_name":"Veterans - 10% Off","times_used":170,"units":172.0,"revenue":4246.500005722046,"discounts":488.5000014305115,"cost":1640.2499914169312,"profit":2606.249967813492,"pre_discount_revenue":4735.0,"margin":61.4,"avg_discount":20.6},{"deal_name":"Jackpot - Locals 30% Off","times_used":118,"units":120.0,"revenue":2484.9999809265137,"discounts":1064.9999952316284,"cost":1258.7499940395355,"profit":1226.250010728836,"pre_discount_revenue":3550.0,"margin":49.3,"avg_discount":60.0},{"deal_name":"Senior / Veterans - 20% Off","times_used":104,"units":104.0,"revenue":2216.0000038146973,"discounts":566.5000009536743,"cost":945.7999932765961,"profit":1270.1999711990356,"pre_discount_revenue":2782.5,"margin":57.3,"avg_discount":40.8},{"deal_name":"LVAC - 25% Off","times_used":18,"units":20.0,"revenue":375.0,"discounts":125.0,"cost":164.7499978542328,"profit":210.24999141693115,"pre_discount_revenue":500.0,"margin":56.1,"avg_discount":50.0},{"deal_name":"Employee - 40% OFF","times_used":2,"units":2.0,"revenue":86.99999809265137,"discounts":58.00000190734863,"cost":62.5,"profit":24.500000476837158,"pre_discount_revenue":145.0,"margin":28.2,"avg_discount":80.0}],"top_products":[{"product":"PILOT BATTERY - VUBER","units":11128,"revenue":238551.85546875,"cost":91407.919921875,"profit":147143.92578125,"transactions":10930,"margin":61.70000076293945},{"product":"PULSE BATTERY - VUBER","units":626,"revenue":38314.19921875,"cost":19562.5,"profit":18751.700439453125,"transactions":608,"margin":48.900001525878906},{"product":"PULSE TOUCH - VUBER","units":338,"revenue":12799.375,"cost":6337.5,"profit":6461.875,"transactions":326,"margin":50.5}],"products_by_store":{"Elevation Springs":[{"product":"PILOT BATTERY - VUBER","units":2368,"revenue":50624.9267578125,"cost":19401.14990234375,"profit":31223.7744140625,"transactions":2322,"margin":61.70000076293945},{"product":"PULSE BATTERY - VUBER","units":184,"revenue":11150.499267578125,"cost":5750.0,"profit":5400.4998779296875,"transactions":178,"margin":48.400001525878906},{"product":"PULSE TOUCH - VUBER","units":102,"revenue":3676.875,"cost":1912.5,"profit":1764.375,"transactions":98,"margin":48.0}],"Elevation Mesa":[{"product":"PILOT BATTERY - VUBER","units":1960,"revenue":40607.5,"cost":16320.650634765625,"profit":24286.8505859375,"transactions":1922,"margin":59.79999923706055},{"product":"PULSE BATTERY - VUBER","units":110,"revenue":6566.7498779296875,"cost":3437.5,"profit":3129.2501831054688,"transactions":110,"margin":47.70000076293945},{"product":"PULSE TOUCH - VUBER","units":106,"revenue":4033.75,"cost":1987.5,"profit":2046.25,"transactions":102,"margin":50.70000076293945}],"Elevation Oasis":[{"product":"PILOT BATTERY - VUBER","units":2374,"revenue":54217.5,"cost":19428.75,"profit":34788.75,"transactions":2342,"margin":64.19999694824219},{"product":"PULSE BATTERY - VUBER","units":100,"revenue":6494.5001220703125,"cost":3125.0,"profit":3369.5001220703125,"transactions":98,"margin":51.900001525878906}],"Elevation Midtown":[{"product":"PILOT BATTERY - VUBER","units":2276,"revenue":47116.77734375,"cost":18677.62451171875,"profit":28439.150390625,"transactions":2246,"margin":60.400001525878906},{"product":"PULSE BATTERY - VUBER","units":50,"revenue":3417.9998779296875,"cost":1562.5,"profit":1855.5000305175781,"transactions":50,"margin":54.29999923706055},{"product":"PULSE TOUCH - VUBER","units":22,"revenue":936.25,"cost":412.5,"profit":523.75,"transactions":20,"margin":55.900001525878906}],"Elevation Boulevard":[{"product":"PILOT BATTERY - VUBER","units":1378,"revenue":28682.64892578125,"cost":11310.999755859375,"profit":17371.650390625,"transactions":1352,"margin":60.599998474121094},{"product":"PULSE BATTERY - VUBER","units":96,"revenue":5310.4498291015625,"cost":3000.0,"profit":2310.449981689453,"transactions":90,"margin":43.5}],"Elevation Parkway":[{"product":"PILOT BATTERY - VUBER","units":772,"revenue":17302.5,"cost":6268.75,"profit":11033.75,"transactions":746,"margin":63.79999923706055},{"product":"PULSE BATTERY - VUBER","units":86,"revenue":5374.000244140625,"cost":2687.5,"profit":2686.4999389648438,"transactions":82,"margin":50.0},{"product":"PULSE TOUCH - VUBER","units":108,"revenue":4152.5,"cost":2025.0,"profit":2127.5,"transactions":106,"margin":51.20000076293945}]},"store_summary":[{"store_clean":"Elevation Springs","units":2654,"revenue":65452.2998046875,"cost":27063.64990234375,"profit":38388.64990234375,"discounts":11550.2001953125,"margin":58.70000076293945,"discount_rate":15.0},{"store_clean":"Elevation Oasis","units":2474,"revenue":60712.001953125,"cost":22553.75,"profit":38158.24951171875,"discounts":5687.9998779296875,"margin":62.900001525878906,"discount_rate":8.600000381469727},{"store_clean":"Elevation Midtown","units":2348,"revenue":51471.025390625,"cost":20652.62451171875,"profit":30818.3984375,"discounts":10016.475219726562,"margin":59.900001525878906,"discount_rate":16.299999237060547},{"store_clean":"Elevation Mesa","units":2176,"revenue":51207.998046875,"cost":21745.6494140625,"profit":29462.35107421875,"discounts":10404.49951171875,"margin":57.5,"discount_rate":16.899999618530273},{"store_clean":"Elevation Boulevard","units":1474,"revenue":33993.1005859375,"cost":14310.999755859375,"profit":19682.099609375,"discounts":9016.900024414062,"margin":57.900001525878906,"discount_rate":21.0},{"store_clean":"Elevation Parkway","units":966,"revenue":26828.9990234375,"cost":10981.25,"profit":15847.750244140625,"discounts":3431.0000610351562,"margin":59.099998474121094,"discount_rate":11.300000190734863}],"recommendations":[{"severity":"info","title":"VOLUME LEVERAGE","detail":"$115,866 revenue provides negotiating leverage.","action":"Use volume as leverage in next vendor meeting."}],"comparison":null}