{"brand":"CAMP","date_range":"2024-01-01 00:00:00 to 2026-01-31 00:00:00","period_label":"All Time","summary":{"total_units":22,"total_revenue":371.25,"total_cost":357.5,"total_discounts":123.75,"total_profit":13.75,"overall_margin":3.700000047683716,"fp_margin":0.0,"disc_margin":3.700000047683716,"pct_full_price":0.0,"avg_discount_rate":25.0,"fp_revenue":0.0,"disc_revenue":371.25,"brand":"CAMP","date_range":"2024-01-01 00:00:00 to 2026-01-31 00:00:00","primary_category":"TINCTURE","store_coverage":"1/7","stores_present":["Elevation Boulevard"],"stores_missing":["Elevation Springs","Elevation Mesa","Elevation Oasis","Elevation Downtown","Elevation Midtown","Elevation Parkway"],"velocity_rank":2,"velocity_total":2},"distribution":[{"store":"Elevation Springs","carries_brand":false,"sku_count":0,"revenue":0.0,"units":0,"store_total_revenue":51138750.0,"brand_share_pct":0},{"store":"Elevation Mesa","carries_brand":false,"sku_count":0,"revenue":0.0,"units":0,"store_total_revenue":47532240.0,"brand_share_pct":0},{"store":"Elevation Oasis","carries_brand":false,"sku_count":0,"revenue":0.0,"units":0,"store_total_revenue":56050145.0,"brand_share_pct":0},{"store":"Elevation Downtown","carries_brand":false,"sku_count":0,"revenue":0.0,"units":0,"store_total_revenue":1945237.1875,"brand_share_pct":0},{"store":"Elevation Midtown","carries_brand":false,"sku_count":0,"revenue":0.0,"units":0,"store_total_revenue":30850185.0,"brand_share_pct":0},{"store":"Elevation Boulevard","carries_brand":true,"sku_count":2,"revenue":371.25,"units":22,"store_total_revenue":28757865.0,"brand_share_pct":0.0},{"store":"Elevation Parkway","carries_brand":false,"sku_count":0,"revenue":0.0,"units":0,"store_total_revenue":21987007.5,"brand_share_pct":0}],"share_of_category":[{"category":"TINCTURE","brand_revenue":371.25,"category_revenue":385564.84375,"revenue_share_pct":0.10000000149011612,"brand_units":22,"category_units":8538,"units_share_pct":0.3}],"share_of_category_trend":{"TINCTURE":[{"period":"2024-01","brand_revenue":371.25,"category_revenue":1461.25,"share_pct":25.399999618530273},{"period":"2024-02","brand_revenue":0.0,"category_revenue":22932.8759765625,"share_pct":0.0},{"period":"2024-03","brand_revenue":0.0,"category_revenue":27176.75048828125,"share_pct":0.0},{"period":"2024-04","brand_revenue":0.0,"category_revenue":28543.974609375,"share_pct":0.0},{"period":"2024-05","brand_revenue":0.0,"category_revenue":24512.5,"share_pct":0.0},{"period":"2024-06","brand_revenue":0.0,"category_revenue":29916.2255859375,"share_pct":0.0},{"period":"2024-07","brand_revenue":0.0,"category_revenue":23216.875,"share_pct":0.0},{"period":"2024-08","brand_revenue":0.0,"category_revenue":17637.5,"share_pct":0.0},{"period":"2024-09","brand_revenue":0.0,"category_revenue":22076.875,"share_pct":0.0},{"period":"2024-10","brand_revenue":0.0,"category_revenue":27177.5,"share_pct":0.0},{"period":"2024-11","brand_revenue":0.0,"category_revenue":16438.75,"share_pct":0.0},{"period":"2024-12","brand_revenue":0.0,"category_revenue":23935.0,"share_pct":0.0},{"period":"2025-01","brand_revenue":0.0,"category_revenue":22447.5,"share_pct":0.0},{"period":"2025-02","brand_revenue":0.0,"category_revenue":25895.625,"share_pct":0.0},{"period":"2025-03","brand_revenue":0.0,"category_revenue":18506.25,"share_pct":0.0},{"period":"2025-04","brand_revenue":0.0,"category_revenue":22590.6494140625,"share_pct":0.0},{"period":"2025-05","brand_revenue":0.0,"category_revenue":19645.625,"share_pct":0.0},{"period":"2025-06","brand_revenue":0.0,"category_revenue":9635.625,"share_pct":0.0},{"period":"2025-07","brand_revenue":0.0,"category_revenue":1560.0,"share_pct":0.0},{"period":"2025-08","brand_revenue":0.0,"category_revenue":257.5,"share_pct":0.0}]},"velocity_by_category":[{"category":"TINCTURE","brand_units_per_day":0.02,"category_avg_units_per_day":5.6,"velocity_index":0.5,"brand_rev_per_unit":13.5,"category_rev_per_unit":36.13,"brands_in_category":2}],"store_gaps":[{"store":"Elevation Oasis","category":"TINCTURE","category_revenue_at_store":125602.578125,"opportunity":"Brand not carried"},{"store":"Elevation Midtown","category":"TINCTURE","category_revenue_at_store":64235.849609375,"opportunity":"Brand not carried"},{"store":"Elevation Springs","category":"TINCTURE","category_revenue_at_store":61334.599609375,"opportunity":"Brand not carried"},{"store":"Elevation Mesa","category":"TINCTURE","category_revenue_at_store":57478.251953125,"opportunity":"Brand not carried"},{"store":"Elevation Parkway","category":"TINCTURE","category_revenue_at_store":41789.6240234375,"opportunity":"Brand not carried"}],"product_mix":{"top":[{"product":"10:1 CBD/THC UNFLAVORED TINCTURE - CAMP","units":22,"revenue":371.25,"cost":357.5,"profit":13.75,"stores":1,"transactions":14,"margin":3.700000047683716}],"bottom":[],"expansion":[]},"pricing_consistency":[],"promotional_effectiveness":{"lift":{"fp_units_per_day":0.0,"disc_units_per_day":3.66,"lift_pct":null,"fp_avg_revenue_per_unit":0.0,"disc_avg_revenue_per_unit":33.75},"by_deal":[{"deal_name":"25% OFF SALE","uses":7,"revenue":371.25,"discounts":123.75,"units":22.0,"cost":357.5,"margin":3.7,"discount_depth":50.0}]},"growth_opportunities":[{"type":"distribution","title":"Expand to Elevation Springs","detail":"Store has $24,534 in TINCTURE \u2014 categories where CAMP competes.","priority":"high"},{"type":"distribution","title":"Expand to Elevation Mesa","detail":"Store has $22,991 in TINCTURE \u2014 categories where CAMP competes.","priority":"high"},{"type":"distribution","title":"Expand to Elevation Oasis","detail":"Store has $50,241 in TINCTURE \u2014 categories where CAMP competes.","priority":"high"},{"type":"distribution","title":"Expand to Elevation Midtown","detail":"Store has $25,694 in TINCTURE \u2014 categories where CAMP competes.","priority":"high"},{"type":"distribution","title":"Expand to Elevation Parkway","detail":"Store has $16,716 in TINCTURE \u2014 categories where CAMP competes.","priority":"high"},{"type":"velocity","title":"Improve velocity in TINCTURE","detail":"Velocity index 0 (below category average). 0.0 units/day vs 2.8 avg.","priority":"medium"}],"trend":[{"period":"2024-01","revenue":371.25,"cost":357.5,"margin":3.7,"units":22,"transactions":14,"profit":13.75,"revenue_change_pct":null,"units_change_pct":null,"margin_change_pts":null}]}