{"brand":"CAMP","date_range":"2024-01-01 00:00:00 to 2026-01-31 00:00:00","period_label":"All Time","summary":{"total_units":22,"total_revenue":371.25,"total_cost":357.5,"total_discounts":123.75,"total_profit":13.75,"overall_margin":3.700000047683716,"fp_margin":0.0,"disc_margin":3.700000047683716,"pct_full_price":0.0,"avg_discount_rate":25.0,"fp_revenue":0.0,"disc_revenue":371.25,"unique_customers":12,"brand":"CAMP","date_range":"2024-01-01 00:00:00 to 2026-01-31 00:00:00","months_count":2,"avg_monthly_cost":357.5,"cost_per_unit":32.5,"primary_category":"TINCTURE","primary_cat_margin":54.79999923706055,"category_rank":2,"category_total":2,"margin_vs_category":-51.099998474121094,"velocity_rank":2},"category_breakdown":[{"category_clean":"TINCTURE","units":22,"revenue":371.25,"cost":357.5,"profit":13.75,"discounts":123.75,"margin":3.700000047683716,"category_avg_margin":54.79999923706055,"vs_category":-51.1,"rank":2.0,"total_brands":2.0}],"trend":[{"period":"2024-01","revenue":371.25,"cost":357.5,"margin":3.7,"units":22,"transactions":14,"profit":13.75,"revenue_change_pct":null,"units_change_pct":null,"margin_change_pts":null}],"share_of_category":[{"category":"TINCTURE","brand_revenue":371.25,"category_revenue":385564.84375,"revenue_share_pct":0.10000000149011612,"brand_units":22,"category_units":8538,"units_share_pct":0.3}],"share_of_category_trend":{"TINCTURE":[{"period":"2024-01","brand_revenue":371.25,"category_revenue":1461.25,"share_pct":25.399999618530273},{"period":"2024-02","brand_revenue":0.0,"category_revenue":22932.8759765625,"share_pct":0.0},{"period":"2024-03","brand_revenue":0.0,"category_revenue":27176.75048828125,"share_pct":0.0},{"period":"2024-04","brand_revenue":0.0,"category_revenue":28543.974609375,"share_pct":0.0},{"period":"2024-05","brand_revenue":0.0,"category_revenue":24512.5,"share_pct":0.0},{"period":"2024-06","brand_revenue":0.0,"category_revenue":29916.2255859375,"share_pct":0.0},{"period":"2024-07","brand_revenue":0.0,"category_revenue":23216.875,"share_pct":0.0},{"period":"2024-08","brand_revenue":0.0,"category_revenue":17637.5,"share_pct":0.0},{"period":"2024-09","brand_revenue":0.0,"category_revenue":22076.875,"share_pct":0.0},{"period":"2024-10","brand_revenue":0.0,"category_revenue":27177.5,"share_pct":0.0},{"period":"2024-11","brand_revenue":0.0,"category_revenue":16438.75,"share_pct":0.0},{"period":"2024-12","brand_revenue":0.0,"category_revenue":23935.0,"share_pct":0.0},{"period":"2025-01","brand_revenue":0.0,"category_revenue":22447.5,"share_pct":0.0},{"period":"2025-02","brand_revenue":0.0,"category_revenue":25895.625,"share_pct":0.0},{"period":"2025-03","brand_revenue":0.0,"category_revenue":18506.25,"share_pct":0.0},{"period":"2025-04","brand_revenue":0.0,"category_revenue":22590.6494140625,"share_pct":0.0},{"period":"2025-05","brand_revenue":0.0,"category_revenue":19645.625,"share_pct":0.0},{"period":"2025-06","brand_revenue":0.0,"category_revenue":9635.625,"share_pct":0.0},{"period":"2025-07","brand_revenue":0.0,"category_revenue":1560.0,"share_pct":0.0},{"period":"2025-08","brand_revenue":0.0,"category_revenue":257.5,"share_pct":0.0}]},"discount_depth":[{"tier":"0% (Full Price)","transactions":0,"pct_of_transactions":0.0,"revenue":0.0,"avg_discount":0},{"tier":"1-10%","transactions":0,"pct_of_transactions":0.0,"revenue":0.0,"avg_discount":0},{"tier":"11-20%","transactions":0,"pct_of_transactions":0.0,"revenue":0.0,"avg_discount":0},{"tier":"21-30%","transactions":14,"pct_of_transactions":100.0,"revenue":371.25,"avg_discount":50.0},{"tier":"31%+","transactions":0,"pct_of_transactions":0.0,"revenue":0.0,"avg_discount":0}],"velocity":{"units_per_day":2.2,"revenue_per_day":37.125000953674316,"avg_units_per_txn":3.14,"days_of_data":10,"total_units":22,"total_transactions":14},"velocity_by_category":[{"category":"TINCTURE","brand_units_per_day":0.02,"category_avg_units_per_day":5.6,"velocity_index":0.5,"brand_rev_per_unit":13.5,"category_rev_per_unit":36.13,"brands_in_category":2}],"deals":[{"deal_name":"25% OFF SALE","times_used":14,"units":22.0,"revenue":371.25,"discounts":123.75,"cost":357.5,"profit":13.75,"pre_discount_revenue":495.0,"margin":3.7,"avg_discount":50.0}],"top_products":[{"product":"10:1 CBD/THC UNFLAVORED TINCTURE - CAMP","units":22,"revenue":371.25,"cost":357.5,"profit":13.75,"transactions":14,"margin":3.700000047683716}],"products_by_store":{"Elevation Boulevard":[{"product":"10:1 CBD/THC UNFLAVORED TINCTURE - CAMP","units":22,"revenue":371.25,"cost":357.5,"profit":13.75,"transactions":14,"margin":3.700000047683716}]},"store_summary":[{"store_clean":"Elevation Boulevard","units":22,"revenue":371.25,"cost":357.5,"profit":13.75,"discounts":123.75,"margin":3.700000047683716,"discount_rate":25.0}],"recommendations":[{"severity":"red","title":"TINCTURE: BELOW CATEGORY AVERAGE","detail":"Margin (3.7%) is 51 pts below TINCTURE average. Ranked #2 of 2. Strong case for cost negotiation.","action":"Request 26% cost reduction or evaluate alternative TINCTURE brands."},{"severity":"yellow","title":"CATEGORY BENCHMARK GAP","detail":"Overall margin (3.7%) trails TINCTURE average (54.8%) by 51.1 pts.","action":"Negotiate cost reduction or increase retail price."},{"severity":"red","title":"HIGH PROMOTION DEPENDENCY","detail":"Only 0% sells at full price. Heavy discounting required.","action":"Test reducing deal frequency \u2014 track velocity without promos."},{"severity":"red","title":"LOW DISCOUNTED MARGIN","detail":"Margin drops to 3.7% when discounted.","action":"Cap discount depth at 20% or negotiate lower wholesale cost."}],"comparison":null}