{"brand":"KOSMIK BLASTERS","date_range":"2024-01-01 00:00:00 to 2026-01-31 00:00:00","period_label":"All Time","summary":{"total_units":4688,"total_revenue":35063.42529296875,"total_cost":5585.274658203125,"total_discounts":23536.57470703125,"total_profit":29478.1494140625,"overall_margin":84.0999984741211,"fp_margin":90.4000015258789,"disc_margin":81.5,"pct_full_price":28.700000762939453,"avg_discount_rate":40.20000076293945,"fp_revenue":10075.0,"disc_revenue":24988.42529296875,"unique_customers":920,"brand":"KOSMIK BLASTERS","date_range":"2024-01-01 00:00:00 to 2026-01-31 00:00:00","months_count":4,"avg_monthly_cost":2792.625,"cost_per_unit":2.375,"primary_category":"EDIBLE","primary_cat_margin":50.0,"category_rank":25,"category_total":32,"margin_vs_category":34.099998474121094,"velocity_rank":21},"category_breakdown":[{"category_clean":"EDIBLE","units":4688,"revenue":35063.42529296875,"cost":5585.2752685546875,"profit":29478.1494140625,"discounts":23536.57470703125,"margin":84.0999984741211,"category_avg_margin":50.0,"vs_category":34.1,"rank":25.0,"total_brands":32.0}],"trend":[{"period":"2024-02","revenue":2161.25,"cost":272.5,"margin":87.4,"units":218,"transactions":48,"profit":1888.75,"revenue_change_pct":null,"units_change_pct":null,"margin_change_pts":null},{"period":"2024-03","revenue":32902.17529296875,"cost":5312.7752685546875,"margin":83.9,"units":4470,"transactions":946,"profit":27589.3994140625,"revenue_change_pct":1422.4,"units_change_pct":1950.5,"margin_change_pts":-3.5}],"share_of_category":[{"category":"EDIBLE","brand_revenue":35063.42529296875,"category_revenue":29378492.5,"revenue_share_pct":0.10000000149011612,"brand_units":4688,"category_units":1706530,"units_share_pct":0.3}],"share_of_category_trend":{"EDIBLE":[{"period":"2024-01","brand_revenue":0.0,"category_revenue":1115754.921875,"share_pct":0.0},{"period":"2024-02","brand_revenue":2161.25,"category_revenue":1235210.0,"share_pct":0.20000000298023224},{"period":"2024-03","brand_revenue":32902.17529296875,"category_revenue":1273343.671875,"share_pct":2.5999999046325684},{"period":"2024-04","brand_revenue":0.0,"category_revenue":1298159.0625,"share_pct":0.0},{"period":"2024-05","brand_revenue":0.0,"category_revenue":1215880.78125,"share_pct":0.0},{"period":"2024-06","brand_revenue":0.0,"category_revenue":1181362.421875,"share_pct":0.0},{"period":"2024-07","brand_revenue":0.0,"category_revenue":1128302.8125,"share_pct":0.0},{"period":"2024-08","brand_revenue":0.0,"category_revenue":1167724.921875,"share_pct":0.0},{"period":"2024-09","brand_revenue":0.0,"category_revenue":1114619.53125,"share_pct":0.0},{"period":"2024-10","brand_revenue":0.0,"category_revenue":1205149.0625,"share_pct":0.0},{"period":"2024-11","brand_revenue":0.0,"category_revenue":1236132.421875,"share_pct":0.0},{"period":"2024-12","brand_revenue":0.0,"category_revenue":1207318.046875,"share_pct":0.0},{"period":"2025-01","brand_revenue":0.0,"category_revenue":1176202.578125,"share_pct":0.0},{"period":"2025-02","brand_revenue":0.0,"category_revenue":1097683.359375,"share_pct":0.0},{"period":"2025-03","brand_revenue":0.0,"category_revenue":1228067.265625,"share_pct":0.0},{"period":"2025-04","brand_revenue":0.0,"category_revenue":1290106.171875,"share_pct":0.0},{"period":"2025-05","brand_revenue":0.0,"category_revenue":1191670.3125,"share_pct":0.0},{"period":"2025-06","brand_revenue":0.0,"category_revenue":1110702.109375,"share_pct":0.0},{"period":"2025-07","brand_revenue":0.0,"category_revenue":1096938.125,"share_pct":0.0},{"period":"2025-08","brand_revenue":0.0,"category_revenue":1145920.859375,"share_pct":0.0},{"period":"2025-09","brand_revenue":0.0,"category_revenue":1070074.53125,"share_pct":0.0},{"period":"2025-10","brand_revenue":0.0,"category_revenue":1168865.78125,"share_pct":0.0},{"period":"2025-11","brand_revenue":0.0,"category_revenue":1192334.453125,"share_pct":0.0},{"period":"2025-12","brand_revenue":0.0,"category_revenue":1138094.375,"share_pct":0.0},{"period":"2026-01","brand_revenue":0.0,"category_revenue":1092874.21875,"share_pct":0.0}]},"discount_depth":[{"tier":"0% (Full Price)","transactions":684,"pct_of_transactions":25.6,"revenue":10075.0,"avg_discount":0.0},{"tier":"1-10%","transactions":78,"pct_of_transactions":2.9,"revenue":992.3500061035156,"avg_discount":19.600000381469727},{"tier":"11-20%","transactions":12,"pct_of_transactions":0.4,"revenue":321.25,"avg_discount":39.20000076293945},{"tier":"21-30%","transactions":30,"pct_of_transactions":1.1,"revenue":436.0249710083008,"avg_discount":47.599998474121094},{"tier":"31%+","transactions":1522,"pct_of_transactions":56.9,"revenue":19721.30126953125,"avg_discount":103.5999984741211}],"velocity":{"units_per_day":312.54,"revenue_per_day":2337.550048828125,"avg_units_per_txn":9.44,"days_of_data":15,"total_units":4688,"total_transactions":994},"velocity_by_category":[{"category":"EDIBLE","brand_units_per_day":6.16,"category_avg_units_per_day":69.98,"velocity_index":8.8,"brand_rev_per_unit":5.98,"category_rev_per_unit":13.77,"brands_in_category":32}],"deals":[{"deal_name":"10 for $50 Kosmik Gummies","times_used":242,"units":2530.0,"revenue":15763.499999046326,"discounts":15861.499996185303,"cost":3056.0749999899417,"profit":12707.424991130829,"pre_discount_revenue":31625.0,"margin":80.6,"avg_discount":100.4},{"deal_name":"Industry - 30% Off","times_used":112,"units":214.0,"revenue":1872.5,"discounts":802.5,"cost":267.5,"profit":1605.0,"pre_discount_revenue":2675.0,"margin":85.7,"avg_discount":60.0},{"deal_name":"Senior - 10% Off","times_used":16,"units":34.0,"revenue":382.5,"discounts":42.5,"cost":37.54999999888241,"profit":344.9499988555908,"pre_discount_revenue":425.0,"margin":90.2,"avg_discount":20.0},{"deal_name":"Veterans - 10% Off","times_used":4,"units":20.0,"revenue":225.0,"discounts":25.0,"cost":22.524999999441206,"profit":202.4749994277954,"pre_discount_revenue":250.0,"margin":90.0,"avg_discount":20.0},{"deal_name":"Jackpot - Locals 30% Off","times_used":2,"units":10.0,"revenue":87.5,"discounts":37.5,"cost":10.024999999441206,"profit":77.47499942779541,"pre_discount_revenue":125.0,"margin":88.5,"avg_discount":60.0},{"deal_name":"Senior / Veterans - 20% Off","times_used":2,"units":10.0,"revenue":100.0,"discounts":25.0,"cost":12.5,"profit":87.5,"pre_discount_revenue":125.0,"margin":87.5,"avg_discount":40.0}],"top_products":[{"product":"MERCURY MANGO GUMMIES - KOSMIK BLASTERS","units":684,"revenue":4795.775146484375,"cost":855.0,"profit":3940.775146484375,"transactions":334,"margin":82.19999694824219},{"product":"SOUR BLUE RASPBERRY RETROGRADE GUMMIES - KOSMIK BLASTERS","units":680,"revenue":4794.549865722656,"cost":850.0,"profit":3944.5498657226562,"transactions":370,"margin":82.30000305175781},{"product":"BIG BANG BERRY GUMMIES - KOSMIK BLASTERS","units":484,"revenue":4128.974914550781,"cost":605.0,"profit":3523.9749145507812,"transactions":332,"margin":85.30000305175781},{"product":"PULSAR PEACH GUMMIES - KOSMIK BLASTERS","units":490,"revenue":4046.2249755859375,"cost":612.5,"profit":3433.7249755859375,"transactions":300,"margin":84.9000015258789},{"product":"SOUR GAMMA GREEN APPLE GUMMIES - KOSMIK BLASTERS","units":508,"revenue":3631.77490234375,"cost":635.0,"profit":2996.77490234375,"transactions":252,"margin":82.5},{"product":"SOUR METEOR MELON GUMMIES - KOSMIK BLASTERS","units":496,"revenue":3550.5999755859375,"cost":620.0,"profit":2930.5999755859375,"transactions":280,"margin":82.5},{"product":"PLANETARY PUNCH GUMMIES - KOSMIK BLASTERS","units":464,"revenue":3549.425048828125,"cost":580.0,"profit":2969.425048828125,"transactions":284,"margin":83.69999694824219},{"product":"SOUR CELESTIAL CHERRY GUMMIES - KOSMIK BLASTERS","units":390,"revenue":2774.6499633789062,"cost":487.5,"profit":2287.1499633789062,"transactions":236,"margin":82.4000015258789},{"product":"PARSEC PINEAPPLE GUMMIES - KOSMIK BLASTERS","units":270,"revenue":2243.8499450683594,"cost":337.5,"profit":1906.3499450683594,"transactions":180,"margin":85.0},{"product":"PINK LUNAR LEMONADE GUMMIES - KOSMIK BLASTERS","units":222,"revenue":1547.5999450683594,"cost":2.775000035762787,"profit":1544.8249816894531,"transactions":106,"margin":99.80000305175781}],"products_by_store":{"Elevation Springs":[{"product":"MERCURY MANGO GUMMIES - KOSMIK BLASTERS","units":208,"revenue":1525.7749938964844,"cost":260.0,"profit":1265.7749938964844,"transactions":106,"margin":83.0},{"product":"SOUR BLUE RASPBERRY RETROGRADE GUMMIES - KOSMIK BLASTERS","units":204,"revenue":1475.7499694824219,"cost":255.0,"profit":1220.7499694824219,"transactions":112,"margin":82.69999694824219},{"product":"SOUR METEOR MELON GUMMIES - KOSMIK BLASTERS","units":154,"revenue":1220.6500244140625,"cost":192.5,"profit":1028.1500244140625,"transactions":94,"margin":84.19999694824219},{"product":"PULSAR PEACH GUMMIES - KOSMIK BLASTERS","units":102,"revenue":1011.2249755859375,"cost":127.5,"profit":883.7249755859375,"transactions":76,"margin":87.4000015258789},{"product":"BIG BANG BERRY GUMMIES - KOSMIK BLASTERS","units":102,"revenue":903.8249969482422,"cost":127.5,"profit":776.3249969482422,"transactions":66,"margin":85.9000015258789},{"product":"SOUR GAMMA GREEN APPLE GUMMIES - KOSMIK BLASTERS","units":104,"revenue":856.7500305175781,"cost":130.0,"profit":726.7500305175781,"transactions":66,"margin":84.80000305175781},{"product":"SOUR CELESTIAL CHERRY GUMMIES - KOSMIK BLASTERS","units":102,"revenue":816.9750213623047,"cost":127.5,"profit":689.4750213623047,"transactions":76,"margin":84.4000015258789},{"product":"PLANETARY PUNCH GUMMIES - KOSMIK BLASTERS","units":100,"revenue":805.6500244140625,"cost":125.0,"profit":680.6500244140625,"transactions":68,"margin":84.5},{"product":"PARSEC PINEAPPLE GUMMIES - KOSMIK BLASTERS","units":100,"revenue":731.3500213623047,"cost":125.0,"profit":606.349983215332,"transactions":68,"margin":82.9000015258789}],"Elevation Mesa":[{"product":"MERCURY MANGO GUMMIES - KOSMIK BLASTERS","units":198,"revenue":1420.0,"cost":247.5,"profit":1172.5,"transactions":98,"margin":82.5999984741211},{"product":"SOUR BLUE RASPBERRY RETROGRADE GUMMIES - KOSMIK BLASTERS","units":196,"revenue":1360.0,"cost":245.0,"profit":1115.0,"transactions":94,"margin":82.0},{"product":"SOUR METEOR MELON GUMMIES - KOSMIK BLASTERS","units":152,"revenue":1167.5,"cost":190.0,"profit":977.5,"transactions":98,"margin":83.69999694824219},{"product":"BIG BANG BERRY GUMMIES - KOSMIK BLASTERS","units":100,"revenue":898.75,"cost":125.0,"profit":773.75,"transactions":72,"margin":86.0999984741211},{"product":"PARSEC PINEAPPLE GUMMIES - KOSMIK BLASTERS","units":98,"revenue":772.5,"cost":122.5,"profit":650.0,"transactions":64,"margin":84.0999984741211},{"product":"PLANETARY PUNCH GUMMIES - KOSMIK BLASTERS","units":100,"revenue":732.5,"cost":125.0,"profit":607.5,"transactions":62,"margin":82.9000015258789},{"product":"SOUR CELESTIAL CHERRY GUMMIES - KOSMIK BLASTERS","units":100,"revenue":722.5,"cost":125.0,"profit":597.5,"transactions":66,"margin":82.69999694824219},{"product":"SOUR GAMMA GREEN APPLE GUMMIES - KOSMIK BLASTERS","units":100,"revenue":722.5,"cost":125.0,"profit":597.5,"transactions":60,"margin":82.69999694824219},{"product":"PULSAR PEACH GUMMIES - KOSMIK BLASTERS","units":100,"revenue":650.0,"cost":125.0,"profit":525.0,"transactions":52,"margin":80.80000305175781}],"Elevation Oasis":[{"product":"SOUR GAMMA GREEN APPLE GUMMIES - KOSMIK BLASTERS","units":304,"revenue":2052.5250244140625,"cost":380.0,"profit":1672.5250244140625,"transactions":126,"margin":81.5},{"product":"PINK LUNAR LEMONADE GUMMIES - KOSMIK BLASTERS","units":222,"revenue":1547.5999450683594,"cost":2.775000035762787,"profit":1544.8249816894531,"transactions":106,"margin":99.80000305175781},{"product":"BIG BANG BERRY GUMMIES - KOSMIK BLASTERS","units":186,"revenue":1377.6499938964844,"cost":232.5,"profit":1145.1499938964844,"transactions":120,"margin":83.0999984741211},{"product":"MERCURY MANGO GUMMIES - KOSMIK BLASTERS","units":192,"revenue":1305.0,"cost":240.0,"profit":1065.0,"transactions":94,"margin":81.5999984741211},{"product":"SOUR BLUE RASPBERRY RETROGRADE GUMMIES - KOSMIK BLASTERS","units":196,"revenue":1302.550048828125,"cost":245.0,"profit":1057.5499725341797,"transactions":116,"margin":81.19999694824219},{"product":"SOUR CELESTIAL CHERRY GUMMIES - KOSMIK BLASTERS","units":188,"revenue":1235.1750183105469,"cost":235.0,"profit":1000.1750183105469,"transactions":94,"margin":81.0},{"product":"SOUR METEOR MELON GUMMIES - KOSMIK BLASTERS","units":190,"revenue":1162.4500274658203,"cost":237.5,"profit":924.9500274658203,"transactions":88,"margin":79.5999984741211},{"product":"PLANETARY PUNCH GUMMIES - KOSMIK BLASTERS","units":92,"revenue":612.5249862670898,"cost":115.0,"profit":497.52498626708984,"transactions":60,"margin":81.19999694824219},{"product":"PULSAR PEACH GUMMIES - KOSMIK BLASTERS","units":90,"revenue":605.0,"cost":112.5,"profit":492.5,"transactions":60,"margin":81.4000015258789}],"Elevation Boulevard":[{"product":"PULSAR PEACH GUMMIES - KOSMIK BLASTERS","units":98,"revenue":865.0,"cost":122.5,"profit":742.5,"transactions":64,"margin":85.80000305175781},{"product":"PLANETARY PUNCH GUMMIES - KOSMIK BLASTERS","units":100,"revenue":733.75,"cost":125.0,"profit":608.75,"transactions":44,"margin":83.0},{"product":"SOUR BLUE RASPBERRY RETROGRADE GUMMIES - KOSMIK BLASTERS","units":84,"revenue":656.25,"cost":105.0,"profit":551.25,"transactions":48,"margin":84.0},{"product":"MERCURY MANGO GUMMIES - KOSMIK BLASTERS","units":86,"revenue":545.0,"cost":107.5,"profit":437.5,"transactions":36,"margin":80.30000305175781}],"Elevation Parkway":[{"product":"BIG BANG BERRY GUMMIES - KOSMIK BLASTERS","units":96,"revenue":948.75,"cost":120.0,"profit":828.75,"transactions":74,"margin":87.4000015258789},{"product":"PULSAR PEACH GUMMIES - KOSMIK BLASTERS","units":100,"revenue":915.0,"cost":125.0,"profit":790.0,"transactions":48,"margin":86.30000305175781},{"product":"PARSEC PINEAPPLE GUMMIES - KOSMIK BLASTERS","units":72,"revenue":740.0,"cost":90.0,"profit":650.0,"transactions":48,"margin":87.80000305175781},{"product":"PLANETARY PUNCH GUMMIES - KOSMIK BLASTERS","units":72,"revenue":665.0,"cost":90.0,"profit":575.0,"transactions":50,"margin":86.5}]},"store_summary":[{"store_clean":"Elevation Oasis","units":1660,"revenue":11200.474853515625,"cost":1800.2749633789062,"profit":9400.2001953125,"discounts":9549.525146484375,"margin":83.9000015258789,"discount_rate":46.0},{"store_clean":"Elevation Springs","units":1176,"revenue":9347.949829101562,"cost":1470.0,"profit":7877.9498291015625,"discounts":5352.0501708984375,"margin":84.30000305175781,"discount_rate":36.400001525878906},{"store_clean":"Elevation Mesa","units":1144,"revenue":8446.25,"cost":1430.0,"profit":7016.25,"discounts":5853.75,"margin":83.0999984741211,"discount_rate":40.900001525878906},{"store_clean":"Elevation Parkway","units":340,"revenue":3268.75,"cost":425.0,"profit":2843.75,"discounts":981.25,"margin":87.0,"discount_rate":23.100000381469727},{"store_clean":"Elevation Boulevard","units":368,"revenue":2800.0,"cost":460.0,"profit":2340.0,"discounts":1800.0,"margin":83.5999984741211,"discount_rate":39.099998474121094}],"recommendations":[{"severity":"info","title":"VOLUME LEVERAGE","detail":"$14,025 revenue provides negotiating leverage.","action":"Use volume as leverage in next vendor meeting."}],"comparison":null}