{"brand":"SIP","date_range":"2024-01-01 00:00:00 to 2026-01-31 00:00:00","period_label":"All Time","summary":{"total_units":253768,"total_revenue":2541985.0,"total_cost":1269894.6875,"total_discounts":775096.25,"total_profit":1272090.3125,"overall_margin":50.0,"fp_margin":60.5,"disc_margin":48.20000076293945,"pct_full_price":15.100000381469727,"avg_discount_rate":23.399999618530273,"fp_revenue":383418.75,"disc_revenue":2158566.25,"brand":"SIP","date_range":"2024-01-01 00:00:00 to 2026-01-31 00:00:00","primary_category":"EDIBLE","store_coverage":"7/7","stores_present":["Elevation Springs","Elevation Mesa","Elevation Oasis","Elevation Downtown","Elevation Midtown","Elevation Boulevard","Elevation Parkway"],"stores_missing":[],"velocity_rank":2,"velocity_total":32},"distribution":[{"store":"Elevation Springs","carries_brand":true,"sku_count":20,"revenue":602131.25,"units":60932,"store_total_revenue":51138750.0,"brand_share_pct":1.2000000476837158},{"store":"Elevation Mesa","carries_brand":true,"sku_count":20,"revenue":684541.25,"units":69080,"store_total_revenue":47532240.0,"brand_share_pct":1.399999976158142},{"store":"Elevation Oasis","carries_brand":true,"sku_count":20,"revenue":399044.921875,"units":39154,"store_total_revenue":56050145.0,"brand_share_pct":0.699999988079071},{"store":"Elevation Downtown","carries_brand":true,"sku_count":20,"revenue":29757.5244140625,"units":2922,"store_total_revenue":1945237.1875,"brand_share_pct":1.5},{"store":"Elevation Midtown","carries_brand":true,"sku_count":20,"revenue":361156.2890625,"units":35362,"store_total_revenue":30850185.0,"brand_share_pct":1.2000000476837158},{"store":"Elevation Boulevard","carries_brand":true,"sku_count":20,"revenue":263790.234375,"units":26668,"store_total_revenue":28757865.0,"brand_share_pct":0.8999999761581421},{"store":"Elevation Parkway","carries_brand":true,"sku_count":20,"revenue":201563.4375,"units":19650,"store_total_revenue":21987007.5,"brand_share_pct":0.8999999761581421}],"share_of_category":[{"category":"EDIBLE","brand_revenue":2541985.0,"category_revenue":29378492.5,"revenue_share_pct":8.699999809265137,"brand_units":253768,"category_units":1706530,"units_share_pct":14.9}],"share_of_category_trend":{"EDIBLE":[{"period":"2024-01","brand_revenue":84422.470703125,"category_revenue":1115754.921875,"share_pct":7.599999904632568},{"period":"2024-02","brand_revenue":93302.5,"category_revenue":1235210.0,"share_pct":7.599999904632568},{"period":"2024-03","brand_revenue":102256.07421875,"category_revenue":1273343.671875,"share_pct":8.0},{"period":"2024-04","brand_revenue":117998.349609375,"category_revenue":1298159.0625,"share_pct":9.100000381469727},{"period":"2024-05","brand_revenue":110231.34765625,"category_revenue":1215880.78125,"share_pct":9.100000381469727},{"period":"2024-06","brand_revenue":85534.697265625,"category_revenue":1181362.421875,"share_pct":7.199999809265137},{"period":"2024-07","brand_revenue":103924.873046875,"category_revenue":1128302.8125,"share_pct":9.199999809265137},{"period":"2024-08","brand_revenue":104423.701171875,"category_revenue":1167724.921875,"share_pct":8.899999618530273},{"period":"2024-09","brand_revenue":105207.87109375,"category_revenue":1114619.53125,"share_pct":9.399999618530273},{"period":"2024-10","brand_revenue":134423.3203125,"category_revenue":1205149.0625,"share_pct":11.199999809265137},{"period":"2024-11","brand_revenue":124080.37109375,"category_revenue":1236132.421875,"share_pct":10.0},{"period":"2024-12","brand_revenue":128221.123046875,"category_revenue":1207318.046875,"share_pct":10.600000381469727},{"period":"2025-01","brand_revenue":109632.32421875,"category_revenue":1176202.578125,"share_pct":9.300000190734863},{"period":"2025-02","brand_revenue":105490.8203125,"category_revenue":1097683.359375,"share_pct":9.600000381469727},{"period":"2025-03","brand_revenue":104417.646484375,"category_revenue":1228067.265625,"share_pct":8.5},{"period":"2025-04","brand_revenue":97814.00390625,"category_revenue":1290106.171875,"share_pct":7.599999904632568},{"period":"2025-05","brand_revenue":102757.294921875,"category_revenue":1191670.3125,"share_pct":8.600000381469727},{"period":"2025-06","brand_revenue":88787.294921875,"category_revenue":1110702.109375,"share_pct":8.0},{"period":"2025-07","brand_revenue":101906.97265625,"category_revenue":1096938.125,"share_pct":9.300000190734863},{"period":"2025-08","brand_revenue":97771.6015625,"category_revenue":1145920.859375,"share_pct":8.5},{"period":"2025-09","brand_revenue":96077.05078125,"category_revenue":1070074.53125,"share_pct":9.0},{"period":"2025-10","brand_revenue":101262.75390625,"category_revenue":1168865.78125,"share_pct":8.699999809265137},{"period":"2025-11","brand_revenue":89535.8984375,"category_revenue":1192334.453125,"share_pct":7.5},{"period":"2025-12","brand_revenue":98084.423828125,"category_revenue":1138094.375,"share_pct":8.600000381469727},{"period":"2026-01","brand_revenue":54420.1513671875,"category_revenue":1092874.21875,"share_pct":5.0}]},"velocity_by_category":[{"category":"EDIBLE","brand_units_per_day":333.02,"category_avg_units_per_day":69.98,"velocity_index":475.9,"brand_rev_per_unit":8.01,"category_rev_per_unit":13.77,"brands_in_category":32}],"store_gaps":[],"product_mix":{"top":[{"product":"2:1 THC/CBN DREAMBERRY SLEEP SHOT - SIP","units":43616,"revenue":445406.5625,"cost":245340.0,"profit":200066.58203125,"stores":7,"transactions":17738,"margin":44.900001525878906},{"product":"HURRICANE PARTY SHOT - SIP","units":37892,"revenue":373719.4921875,"cost":186530.390625,"profit":187189.08203125,"stores":7,"transactions":17724,"margin":50.099998474121094},{"product":"ELECTRIC LEMON PARTY SHOT - SIP","units":37258,"revenue":371296.9140625,"cost":185891.1328125,"profit":185405.78125,"stores":7,"transactions":18142,"margin":49.900001525878906},{"product":"TROPICAL CRUSH CHILL SHOT - SIP","units":37596,"revenue":369087.65625,"cost":175599.2578125,"profit":193488.41796875,"stores":7,"transactions":18402,"margin":52.400001525878906},{"product":"WATERMELON CHILL SHOT - SIP","units":32672,"revenue":323968.14453125,"cost":146569.00390625,"profit":177399.140625,"stores":7,"transactions":16622,"margin":54.79999923706055},{"product":"XPRESSO ENERGY SHOT - SIP","units":13670,"revenue":139558.974609375,"cost":75080.048828125,"profit":64478.92578125,"stores":7,"transactions":7350,"margin":46.20000076293945},{"product":"BLUE RAZZ ENERGY SHOT - SIP","units":13460,"revenue":136721.923828125,"cost":75651.25,"profit":61070.673828125,"stores":7,"transactions":6710,"margin":44.70000076293945},{"product":"SUNSET PUNCH SLEEP SHOT - SIP","units":13286,"revenue":135510.478515625,"cost":63034.248046875,"profit":72476.2255859375,"stores":7,"transactions":7582,"margin":53.5},{"product":"WILD BERRY SLEEP SHOT - SIP","units":13004,"revenue":131803.447265625,"cost":52560.576171875,"profit":79242.8759765625,"stores":7,"transactions":7164,"margin":60.099998474121094},{"product":"CITRUS SPARK ENERGY SHOT - SIP","units":11314,"revenue":114911.376953125,"cost":63638.75,"profit":51272.626953125,"stores":7,"transactions":6146,"margin":44.599998474121094}],"bottom":[],"expansion":[]},"pricing_consistency":[{"product":"CITRUS SPARK ENERGY SHOT - SIP","min_price":19.74122662777153,"max_price":22.23428907341131,"avg_price":20.489283508132957,"std_dev":0.32092779513337755,"store_count":14,"price_range":2.4930624456397843,"range_pct":12.2},{"product":"BLUE RAZZ ENERGY SHOT - SIP","min_price":19.99307071461397,"max_price":22.01520215283643,"avg_price":20.525016311075,"std_dev":0.2879485683924023,"store_count":14,"price_range":2.0221314382224587,"range_pct":9.9},{"product":"XPRESSO ENERGY SHOT - SIP","min_price":19.9951399688958,"max_price":21.520454033271417,"avg_price":20.52004995560893,"std_dev":0.19746744156640142,"store_count":14,"price_range":1.5253140643756158,"range_pct":7.4},{"product":"WATERMELON CHILL SHOT - SIP","min_price":19.46061050622172,"max_price":20.804253436149438,"avg_price":20.082120121041115,"std_dev":0.22418571931992023,"store_count":14,"price_range":1.3436429299277153,"range_pct":6.7},{"product":"WILD BERRY SLEEP SHOT - SIP","min_price":19.246429443359375,"max_price":20.595643265652367,"avg_price":20.14737049967659,"std_dev":0.1762753304553111,"store_count":14,"price_range":1.3492138222929917,"range_pct":6.7},{"product":"HURRICANE PARTY SHOT - SIP","min_price":19.190282118055556,"max_price":20.453286711702642,"avg_price":19.954869108487532,"std_dev":0.20325848609887828,"store_count":14,"price_range":1.263004593647088,"range_pct":6.3},{"product":"2:1 THC/CBN DREAMBERRY SLEEP SHOT - SIP","min_price":19.976755516394196,"max_price":21.209943537722715,"avg_price":20.46174550697906,"std_dev":0.17337932201003103,"store_count":14,"price_range":1.2331880213285196,"range_pct":6.0},{"product":"ELECTRIC LEMON PARTY SHOT - SIP","min_price":19.38799111130409,"max_price":20.514985225833687,"avg_price":20.08402774552826,"std_dev":0.16504734517174688,"store_count":14,"price_range":1.126994114529598,"range_pct":5.6},{"product":"TROPICAL CRUSH CHILL SHOT - SIP","min_price":19.25352069693552,"max_price":20.304135166991824,"avg_price":19.677135321136564,"std_dev":0.18242574419876104,"store_count":14,"price_range":1.0506144700563036,"range_pct":5.3},{"product":"SUNSET PUNCH SLEEP SHOT - SIP","min_price":19.881450694094422,"max_price":20.667484016660993,"avg_price":20.31797262684902,"std_dev":0.11359428825738455,"store_count":14,"price_range":0.7860333225665683,"range_pct":3.9}],"promotional_effectiveness":{"lift":{"fp_units_per_day":39.74,"disc_units_per_day":293.74,"lift_pct":639.3,"fp_avg_revenue_per_unit":25.35,"disc_avg_revenue_per_unit":19.325000000000003},"by_deal":[{"deal_name":"Stock & Save - SIP / Uncle Arnies 4 for $32","uses":6406,"revenue":679914.3499839306,"discounts":242770.65001547337,"units":67856.0,"cost":337268.39999908116,"margin":50.4,"discount_depth":52.6},{"deal_name":"Industry - 30% Off","uses":6141,"revenue":320534.66026067734,"discounts":135304.71228897572,"units":35715.0,"cost":180575.09999978356,"margin":43.7,"discount_depth":59.4},{"deal_name":"Industry 30% Off","uses":2379,"revenue":169966.030583481,"discounts":74101.04885319869,"units":17750.333333333332,"cost":87717.00416636575,"margin":48.4,"discount_depth":60.8},{"deal_name":"Lit4Less - SIP / Uncle Arnies - 4 for $32","uses":2230,"revenue":226491.63750767708,"discounts":86375.8625048399,"units":22754.0,"cost":112490.91249967227,"margin":50.3,"discount_depth":55.2},{"deal_name":"SIP 3 for $24","uses":2007,"revenue":173004.6874809265,"discounts":27701.562483608723,"units":17233.0,"cost":87847.82499996945,"margin":49.2,"discount_depth":27.6},{"deal_name":"Lit4Less - SIP / Uncle Arnies /Cannavore/Hippies - 4 for $32","uses":1583,"revenue":150237.49999284744,"discounts":56837.50000476837,"units":15060.0,"cost":75198.32499976736,"margin":49.9,"discount_depth":54.8},{"deal_name":"Senior - 10% Off","uses":622,"revenue":31486.74978852272,"discounts":3846.3750125467777,"units":2850.0,"cost":14297.91249997681,"margin":54.6,"discount_depth":21.8},{"deal_name":"Veterans - 10% Off","uses":584,"revenue":24296.249848008156,"discounts":3020.0000059604645,"units":2190.0,"cost":10762.999999970198,"margin":55.7,"discount_depth":22.2},{"deal_name":"Jackpot - Locals 30% Off","uses":569,"revenue":37699.87471699715,"discounts":16033.874895572662,"units":4132.0,"cost":20996.649999972433,"margin":44.3,"discount_depth":59.6},{"deal_name":"Senior / Veterans - 20% Off","uses":421,"revenue":20938.625079095364,"discounts":5522.000012397766,"units":2071.0,"cost":10586.812499987427,"margin":49.4,"discount_depth":41.8},{"deal_name":"SIP / Uncle Arnies 4 for $32","uses":292,"revenue":31235.49999475479,"discounts":5267.624997496605,"units":3111.0,"cost":15965.874999994412,"margin":48.9,"discount_depth":28.8},{"deal_name":"4/20 50% Off!!!!","uses":241,"revenue":11746.875,"discounts":7023.75,"units":1604.0,"cost":8172.0999999996275,"margin":30.4,"discount_depth":74.8},{"deal_name":"Employee 30% - NOT FRIDAYS","uses":223,"revenue":21882.49973297119,"discounts":9404.99983727932,"units":2276.0,"cost":11622.049999982119,"margin":46.9,"discount_depth":60.2},{"deal_name":"Stock & Save - SIP / Uncle Arnies /Cannavore 4 for $32","uses":206,"revenue":19954.300001859665,"discounts":7490.700000524521,"units":1996.0,"cost":8928.974999925122,"margin":55.3,"discount_depth":54.6},{"deal_name":"Sips - 3 for $24","uses":163,"revenue":15921.25,"discounts":3312.5,"units":1580.0,"cost":7952.999999988824,"margin":50.0,"discount_depth":34.4},{"deal_name":"SIP / Uncle Arnies 3 for $24","uses":76,"revenue":7932.937512397766,"discounts":1326.437501758337,"units":789.0,"cost":3864.8999999882653,"margin":51.3,"discount_depth":28.6},{"deal_name":"Employee - 40% OFF","uses":65,"revenue":5988.249890804291,"discounts":3920.500030517578,"units":723.0,"cost":3851.9249999988824,"margin":35.7,"discount_depth":79.2},{"deal_name":"LVAC - 25% Off","uses":43,"revenue":1438.1124997138977,"discounts":473.1375002861023,"units":144.0,"cost":647.7499999944121,"margin":55.0,"discount_depth":49.6},{"deal_name":"30% Off Special","uses":37,"revenue":1105.4999732971191,"discounts":461.9999921321869,"units":114.0,"cost":572.5,"margin":48.2,"discount_depth":59.0},{"deal_name":"Store Credit - $15","uses":36,"revenue":1692.4999958276749,"discounts":1346.2500131130219,"units":221.0,"cost":1077.687499995809,"margin":36.3,"discount_depth":88.6}]},"growth_opportunities":[],"trend":[{"period":"2024-01","revenue":84422.470703125,"cost":44563.75,"margin":47.2,"units":8740,"transactions":2982,"profit":39858.7255859375,"revenue_change_pct":null,"units_change_pct":null,"margin_change_pts":null},{"period":"2024-02","revenue":93302.5,"cost":49361.25,"margin":47.1,"units":9644,"transactions":3170,"profit":43941.25,"revenue_change_pct":10.5,"units_change_pct":10.3,"margin_change_pts":-0.1},{"period":"2024-03","revenue":102256.07421875,"cost":52287.5244140625,"margin":48.9,"units":10632,"transactions":3346,"profit":49968.5498046875,"revenue_change_pct":9.6,"units_change_pct":10.2,"margin_change_pts":1.8},{"period":"2024-04","revenue":117998.349609375,"cost":63881.6259765625,"margin":45.9,"units":12682,"transactions":3648,"profit":54116.7236328125,"revenue_change_pct":15.4,"units_change_pct":19.3,"margin_change_pts":-3.0},{"period":"2024-05","revenue":110231.34765625,"cost":59028.75,"margin":46.5,"units":11492,"transactions":3598,"profit":51202.59765625,"revenue_change_pct":-6.6,"units_change_pct":-9.4,"margin_change_pts":0.6},{"period":"2024-06","revenue":85534.697265625,"cost":45291.25,"margin":47.0,"units":8810,"transactions":3018,"profit":40243.44970703125,"revenue_change_pct":-22.4,"units_change_pct":-23.3,"margin_change_pts":0.6},{"period":"2024-07","revenue":103924.873046875,"cost":54124.9267578125,"margin":47.9,"units":10668,"transactions":3378,"profit":49799.951171875,"revenue_change_pct":21.5,"units_change_pct":21.1,"margin_change_pts":0.9},{"period":"2024-08","revenue":104423.701171875,"cost":53581.0009765625,"margin":48.7,"units":10652,"transactions":3162,"profit":50842.7001953125,"revenue_change_pct":0.5,"units_change_pct":-0.1,"margin_change_pts":0.8},{"period":"2024-09","revenue":105207.87109375,"cost":50814.0234375,"margin":51.7,"units":10160,"transactions":2776,"profit":54393.8525390625,"revenue_change_pct":0.8,"units_change_pct":-4.6,"margin_change_pts":3.0},{"period":"2024-10","revenue":134423.3203125,"cost":62391.826171875,"margin":53.6,"units":12938,"transactions":3622,"profit":72031.4990234375,"revenue_change_pct":27.8,"units_change_pct":27.3,"margin_change_pts":1.9},{"period":"2024-11","revenue":124080.37109375,"cost":63536.474609375,"margin":48.8,"units":12132,"transactions":3268,"profit":60543.9013671875,"revenue_change_pct":-7.7,"units_change_pct":-6.2,"margin_change_pts":-4.8},{"period":"2024-12","revenue":128221.123046875,"cost":63788.9501953125,"margin":50.3,"units":12556,"transactions":3530,"profit":64432.1728515625,"revenue_change_pct":3.3,"units_change_pct":3.5,"margin_change_pts":1.5},{"period":"2025-01","revenue":109632.32421875,"cost":53416.4013671875,"margin":51.3,"units":10736,"transactions":3004,"profit":56215.9228515625,"revenue_change_pct":-14.5,"units_change_pct":-14.5,"margin_change_pts":1.0},{"period":"2025-02","revenue":105490.8203125,"cost":52308.9013671875,"margin":50.4,"units":10340,"transactions":2952,"profit":53181.923828125,"revenue_change_pct":-3.8,"units_change_pct":-3.7,"margin_change_pts":-0.9},{"period":"2025-03","revenue":104417.646484375,"cost":51839.90234375,"margin":50.4,"units":10262,"transactions":3010,"profit":52577.7490234375,"revenue_change_pct":-1.0,"units_change_pct":-0.8,"margin_change_pts":-0.1},{"period":"2025-04","revenue":97814.00390625,"cost":47024.775390625,"margin":51.9,"units":9576,"transactions":2870,"profit":50789.2236328125,"revenue_change_pct":-6.3,"units_change_pct":-6.7,"margin_change_pts":1.6},{"period":"2025-05","revenue":102757.294921875,"cost":50703.9501953125,"margin":50.7,"units":10116,"transactions":2826,"profit":52053.349609375,"revenue_change_pct":5.1,"units_change_pct":5.6,"margin_change_pts":-1.3},{"period":"2025-06","revenue":88787.294921875,"cost":38595.0244140625,"margin":56.5,"units":8690,"transactions":2440,"profit":50192.275390625,"revenue_change_pct":-13.6,"units_change_pct":-14.1,"margin_change_pts":5.9},{"period":"2025-07","revenue":101906.97265625,"cost":52245.9765625,"margin":48.7,"units":9996,"transactions":2860,"profit":49661.0009765625,"revenue_change_pct":14.8,"units_change_pct":15.0,"margin_change_pts":-7.8},{"period":"2025-08","revenue":97771.6015625,"cost":46797.2265625,"margin":52.1,"units":9618,"transactions":2784,"profit":50974.375,"revenue_change_pct":-4.1,"units_change_pct":-3.8,"margin_change_pts":3.4},{"period":"2025-09","revenue":96077.05078125,"cost":45633.4521484375,"margin":52.5,"units":9476,"transactions":2636,"profit":50443.5986328125,"revenue_change_pct":-1.7,"units_change_pct":-1.5,"margin_change_pts":0.4},{"period":"2025-10","revenue":101262.75390625,"cost":50516.650390625,"margin":50.1,"units":9978,"transactions":2780,"profit":50746.0986328125,"revenue_change_pct":5.4,"units_change_pct":5.3,"margin_change_pts":-2.4},{"period":"2025-11","revenue":89535.8984375,"cost":43940.17578125,"margin":50.9,"units":8828,"transactions":2416,"profit":45595.72265625,"revenue_change_pct":-11.6,"units_change_pct":-11.5,"margin_change_pts":0.8},{"period":"2025-12","revenue":98084.423828125,"cost":47284.90234375,"margin":51.8,"units":9678,"transactions":2542,"profit":50799.5263671875,"revenue_change_pct":9.5,"units_change_pct":9.6,"margin_change_pts":0.9},{"period":"2026-01","revenue":54420.1513671875,"cost":26935.97412109375,"margin":50.5,"units":5368,"transactions":1524,"profit":27484.1748046875,"revenue_change_pct":-44.5,"units_change_pct":-44.5,"margin_change_pts":-1.3}]}