{"brand":"SIP","date_range":"2024-01-01 00:00:00 to 2026-01-31 00:00:00","period_label":"All Time","summary":{"total_units":253768,"total_revenue":2541985.0,"total_cost":1269894.6875,"total_discounts":775096.25,"total_profit":1272090.3125,"overall_margin":50.0,"fp_margin":60.5,"disc_margin":48.20000076293945,"pct_full_price":15.100000381469727,"avg_discount_rate":23.399999618530273,"fp_revenue":383418.75,"disc_revenue":2158566.25,"unique_customers":24306,"brand":"SIP","date_range":"2024-01-01 00:00:00 to 2026-01-31 00:00:00","months_count":50,"avg_monthly_cost":50795.775,"cost_per_unit":10.0,"primary_category":"EDIBLE","primary_cat_margin":50.0,"category_rank":2,"category_total":32,"margin_vs_category":0.0,"velocity_rank":2},"category_breakdown":[{"category_clean":"EDIBLE","units":253768,"revenue":2541985.0,"cost":1269894.6875,"profit":1272090.3125,"discounts":775096.25,"margin":50.0,"category_avg_margin":50.0,"vs_category":0.0,"rank":2.0,"total_brands":32.0}],"trend":[{"period":"2024-01","revenue":84422.470703125,"cost":44563.75,"margin":47.2,"units":8740,"transactions":2982,"profit":39858.7255859375,"revenue_change_pct":null,"units_change_pct":null,"margin_change_pts":null},{"period":"2024-02","revenue":93302.5,"cost":49361.25,"margin":47.1,"units":9644,"transactions":3170,"profit":43941.25,"revenue_change_pct":10.5,"units_change_pct":10.3,"margin_change_pts":-0.1},{"period":"2024-03","revenue":102256.07421875,"cost":52287.5244140625,"margin":48.9,"units":10632,"transactions":3346,"profit":49968.5498046875,"revenue_change_pct":9.6,"units_change_pct":10.2,"margin_change_pts":1.8},{"period":"2024-04","revenue":117998.349609375,"cost":63881.6259765625,"margin":45.9,"units":12682,"transactions":3648,"profit":54116.7236328125,"revenue_change_pct":15.4,"units_change_pct":19.3,"margin_change_pts":-3.0},{"period":"2024-05","revenue":110231.34765625,"cost":59028.75,"margin":46.5,"units":11492,"transactions":3598,"profit":51202.59765625,"revenue_change_pct":-6.6,"units_change_pct":-9.4,"margin_change_pts":0.6},{"period":"2024-06","revenue":85534.697265625,"cost":45291.25,"margin":47.0,"units":8810,"transactions":3018,"profit":40243.44970703125,"revenue_change_pct":-22.4,"units_change_pct":-23.3,"margin_change_pts":0.6},{"period":"2024-07","revenue":103924.873046875,"cost":54124.9267578125,"margin":47.9,"units":10668,"transactions":3378,"profit":49799.951171875,"revenue_change_pct":21.5,"units_change_pct":21.1,"margin_change_pts":0.9},{"period":"2024-08","revenue":104423.701171875,"cost":53581.0009765625,"margin":48.7,"units":10652,"transactions":3162,"profit":50842.7001953125,"revenue_change_pct":0.5,"units_change_pct":-0.1,"margin_change_pts":0.8},{"period":"2024-09","revenue":105207.87109375,"cost":50814.0234375,"margin":51.7,"units":10160,"transactions":2776,"profit":54393.8525390625,"revenue_change_pct":0.8,"units_change_pct":-4.6,"margin_change_pts":3.0},{"period":"2024-10","revenue":134423.3203125,"cost":62391.826171875,"margin":53.6,"units":12938,"transactions":3622,"profit":72031.4990234375,"revenue_change_pct":27.8,"units_change_pct":27.3,"margin_change_pts":1.9},{"period":"2024-11","revenue":124080.37109375,"cost":63536.474609375,"margin":48.8,"units":12132,"transactions":3268,"profit":60543.9013671875,"revenue_change_pct":-7.7,"units_change_pct":-6.2,"margin_change_pts":-4.8},{"period":"2024-12","revenue":128221.123046875,"cost":63788.9501953125,"margin":50.3,"units":12556,"transactions":3530,"profit":64432.1728515625,"revenue_change_pct":3.3,"units_change_pct":3.5,"margin_change_pts":1.5},{"period":"2025-01","revenue":109632.32421875,"cost":53416.4013671875,"margin":51.3,"units":10736,"transactions":3004,"profit":56215.9228515625,"revenue_change_pct":-14.5,"units_change_pct":-14.5,"margin_change_pts":1.0},{"period":"2025-02","revenue":105490.8203125,"cost":52308.9013671875,"margin":50.4,"units":10340,"transactions":2952,"profit":53181.923828125,"revenue_change_pct":-3.8,"units_change_pct":-3.7,"margin_change_pts":-0.9},{"period":"2025-03","revenue":104417.646484375,"cost":51839.90234375,"margin":50.4,"units":10262,"transactions":3010,"profit":52577.7490234375,"revenue_change_pct":-1.0,"units_change_pct":-0.8,"margin_change_pts":-0.1},{"period":"2025-04","revenue":97814.00390625,"cost":47024.775390625,"margin":51.9,"units":9576,"transactions":2870,"profit":50789.2236328125,"revenue_change_pct":-6.3,"units_change_pct":-6.7,"margin_change_pts":1.6},{"period":"2025-05","revenue":102757.294921875,"cost":50703.9501953125,"margin":50.7,"units":10116,"transactions":2826,"profit":52053.349609375,"revenue_change_pct":5.1,"units_change_pct":5.6,"margin_change_pts":-1.3},{"period":"2025-06","revenue":88787.294921875,"cost":38595.0244140625,"margin":56.5,"units":8690,"transactions":2440,"profit":50192.275390625,"revenue_change_pct":-13.6,"units_change_pct":-14.1,"margin_change_pts":5.9},{"period":"2025-07","revenue":101906.97265625,"cost":52245.9765625,"margin":48.7,"units":9996,"transactions":2860,"profit":49661.0009765625,"revenue_change_pct":14.8,"units_change_pct":15.0,"margin_change_pts":-7.8},{"period":"2025-08","revenue":97771.6015625,"cost":46797.2265625,"margin":52.1,"units":9618,"transactions":2784,"profit":50974.375,"revenue_change_pct":-4.1,"units_change_pct":-3.8,"margin_change_pts":3.4},{"period":"2025-09","revenue":96077.05078125,"cost":45633.4521484375,"margin":52.5,"units":9476,"transactions":2636,"profit":50443.5986328125,"revenue_change_pct":-1.7,"units_change_pct":-1.5,"margin_change_pts":0.4},{"period":"2025-10","revenue":101262.75390625,"cost":50516.650390625,"margin":50.1,"units":9978,"transactions":2780,"profit":50746.0986328125,"revenue_change_pct":5.4,"units_change_pct":5.3,"margin_change_pts":-2.4},{"period":"2025-11","revenue":89535.8984375,"cost":43940.17578125,"margin":50.9,"units":8828,"transactions":2416,"profit":45595.72265625,"revenue_change_pct":-11.6,"units_change_pct":-11.5,"margin_change_pts":0.8},{"period":"2025-12","revenue":98084.423828125,"cost":47284.90234375,"margin":51.8,"units":9678,"transactions":2542,"profit":50799.5263671875,"revenue_change_pct":9.5,"units_change_pct":9.6,"margin_change_pts":0.9},{"period":"2026-01","revenue":54420.1513671875,"cost":26935.97412109375,"margin":50.5,"units":5368,"transactions":1524,"profit":27484.1748046875,"revenue_change_pct":-44.5,"units_change_pct":-44.5,"margin_change_pts":-1.3}],"share_of_category":[{"category":"EDIBLE","brand_revenue":2541985.0,"category_revenue":29378492.5,"revenue_share_pct":8.699999809265137,"brand_units":253768,"category_units":1706530,"units_share_pct":14.9}],"share_of_category_trend":{"EDIBLE":[{"period":"2024-01","brand_revenue":84422.470703125,"category_revenue":1115754.921875,"share_pct":7.599999904632568},{"period":"2024-02","brand_revenue":93302.5,"category_revenue":1235210.0,"share_pct":7.599999904632568},{"period":"2024-03","brand_revenue":102256.07421875,"category_revenue":1273343.671875,"share_pct":8.0},{"period":"2024-04","brand_revenue":117998.349609375,"category_revenue":1298159.0625,"share_pct":9.100000381469727},{"period":"2024-05","brand_revenue":110231.34765625,"category_revenue":1215880.78125,"share_pct":9.100000381469727},{"period":"2024-06","brand_revenue":85534.697265625,"category_revenue":1181362.421875,"share_pct":7.199999809265137},{"period":"2024-07","brand_revenue":103924.873046875,"category_revenue":1128302.8125,"share_pct":9.199999809265137},{"period":"2024-08","brand_revenue":104423.701171875,"category_revenue":1167724.921875,"share_pct":8.899999618530273},{"period":"2024-09","brand_revenue":105207.87109375,"category_revenue":1114619.53125,"share_pct":9.399999618530273},{"period":"2024-10","brand_revenue":134423.3203125,"category_revenue":1205149.0625,"share_pct":11.199999809265137},{"period":"2024-11","brand_revenue":124080.37109375,"category_revenue":1236132.421875,"share_pct":10.0},{"period":"2024-12","brand_revenue":128221.123046875,"category_revenue":1207318.046875,"share_pct":10.600000381469727},{"period":"2025-01","brand_revenue":109632.32421875,"category_revenue":1176202.578125,"share_pct":9.300000190734863},{"period":"2025-02","brand_revenue":105490.8203125,"category_revenue":1097683.359375,"share_pct":9.600000381469727},{"period":"2025-03","brand_revenue":104417.646484375,"category_revenue":1228067.265625,"share_pct":8.5},{"period":"2025-04","brand_revenue":97814.00390625,"category_revenue":1290106.171875,"share_pct":7.599999904632568},{"period":"2025-05","brand_revenue":102757.294921875,"category_revenue":1191670.3125,"share_pct":8.600000381469727},{"period":"2025-06","brand_revenue":88787.294921875,"category_revenue":1110702.109375,"share_pct":8.0},{"period":"2025-07","brand_revenue":101906.97265625,"category_revenue":1096938.125,"share_pct":9.300000190734863},{"period":"2025-08","brand_revenue":97771.6015625,"category_revenue":1145920.859375,"share_pct":8.5},{"period":"2025-09","brand_revenue":96077.05078125,"category_revenue":1070074.53125,"share_pct":9.0},{"period":"2025-10","brand_revenue":101262.75390625,"category_revenue":1168865.78125,"share_pct":8.699999809265137},{"period":"2025-11","brand_revenue":89535.8984375,"category_revenue":1192334.453125,"share_pct":7.5},{"period":"2025-12","brand_revenue":98084.423828125,"category_revenue":1138094.375,"share_pct":8.600000381469727},{"period":"2026-01","brand_revenue":54420.1513671875,"category_revenue":1092874.21875,"share_pct":5.0}]},"discount_depth":[{"tier":"0% (Full Price)","transactions":24066,"pct_of_transactions":19.5,"revenue":383358.75,"avg_discount":0.0},{"tier":"1-10%","transactions":4464,"pct_of_transactions":3.6,"revenue":99176.826171875,"avg_discount":19.399999618530273},{"tier":"11-20%","transactions":11886,"pct_of_transactions":9.6,"revenue":297624.453125,"avg_discount":26.200000762939453},{"tier":"21-30%","transactions":69226,"pct_of_transactions":56.0,"revenue":1500409.53125,"avg_discount":56.0},{"tier":"31%+","transactions":3294,"pct_of_transactions":2.7,"revenue":55512.421875,"avg_discount":97.5999984741211}],"velocity":{"units_per_day":333.02,"revenue_per_day":3335.9500122070312,"avg_units_per_txn":6.84,"days_of_data":762,"total_units":253768,"total_transactions":74142},"velocity_by_category":[{"category":"EDIBLE","brand_units_per_day":333.02,"category_avg_units_per_day":69.98,"velocity_index":475.9,"brand_rev_per_unit":8.01,"category_rev_per_unit":13.77,"brands_in_category":32}],"deals":[{"deal_name":"Stock & Save - SIP / Uncle Arnies 4 for $32","times_used":12812,"units":67856.0,"revenue":679914.3499839306,"discounts":242770.65001547337,"cost":337268.39999908116,"profit":342645.9491431713,"pre_discount_revenue":922685.0,"margin":50.4,"avg_discount":52.6},{"deal_name":"Industry - 30% Off","times_used":12282,"units":35715.0,"revenue":320534.66026067734,"discounts":135304.71228897572,"cost":180575.09999978356,"profit":139959.56329595298,"pre_discount_revenue":455839.375,"margin":43.7,"avg_discount":59.4},{"deal_name":"Industry 30% Off","times_used":4758,"units":17750.333333333332,"revenue":169966.030583481,"discounts":74101.04885319869,"cost":87717.00416636575,"profit":82249.03032578528,"pre_discount_revenue":244067.0833333333,"margin":48.4,"avg_discount":60.8},{"deal_name":"Lit4Less - SIP / Uncle Arnies - 4 for $32","times_used":4460,"units":22754.0,"revenue":226491.63750767708,"discounts":86375.8625048399,"cost":112490.91249967227,"profit":114000.72466284037,"pre_discount_revenue":312867.5,"margin":50.3,"avg_discount":55.2},{"deal_name":"SIP 3 for $24","times_used":4014,"units":17233.0,"revenue":173004.6874809265,"discounts":27701.562483608723,"cost":87847.82499996945,"profit":85156.86247050762,"pre_discount_revenue":200706.25,"margin":49.2,"avg_discount":27.6},{"deal_name":"Lit4Less - SIP / Uncle Arnies /Cannavore/Hippies - 4 for $32","times_used":3166,"units":15060.0,"revenue":150237.49999284744,"discounts":56837.50000476837,"cost":75198.32499976736,"profit":75039.1747635603,"pre_discount_revenue":207075.0,"margin":49.9,"avg_discount":54.8},{"deal_name":"Senior - 10% Off","times_used":1244,"units":2850.0,"revenue":31486.74978852272,"discounts":3846.3750125467777,"cost":14297.91249997681,"profit":17188.8375928998,"pre_discount_revenue":35333.125,"margin":54.6,"avg_discount":21.8},{"deal_name":"Veterans - 10% Off","times_used":1168,"units":2190.0,"revenue":24296.249848008156,"discounts":3020.0000059604645,"cost":10762.999999970198,"profit":13533.250064142048,"pre_discount_revenue":27316.25,"margin":55.7,"avg_discount":22.2},{"deal_name":"Jackpot - Locals 30% Off","times_used":1138,"units":4132.0,"revenue":37699.87471699715,"discounts":16033.874895572662,"cost":20996.649999972433,"profit":16703.22517514229,"pre_discount_revenue":53733.75,"margin":44.3,"avg_discount":59.6},{"deal_name":"Senior / Veterans - 20% Off","times_used":842,"units":2071.0,"revenue":20938.625079095364,"discounts":5522.000012397766,"cost":10586.812499987427,"profit":10351.812744736671,"pre_discount_revenue":26460.625,"margin":49.4,"avg_discount":41.8},{"deal_name":"SIP / Uncle Arnies 4 for $32","times_used":584,"units":3111.0,"revenue":31235.49999475479,"discounts":5267.624997496605,"cost":15965.874999994412,"profit":15269.624996185303,"pre_discount_revenue":36503.125,"margin":48.9,"avg_discount":28.8},{"deal_name":"4/20 50% Off!!!!","times_used":482,"units":1604.0,"revenue":11746.875,"discounts":7023.75,"cost":8172.0999999996275,"profit":3574.7749996185303,"pre_discount_revenue":18770.625,"margin":30.4,"avg_discount":74.8},{"deal_name":"Employee 30% - NOT FRIDAYS","times_used":446,"units":2276.0,"revenue":21882.49973297119,"discounts":9404.99983727932,"cost":11622.049999982119,"profit":10260.450162291527,"pre_discount_revenue":31287.5,"margin":46.9,"avg_discount":60.2},{"deal_name":"Stock & Save - SIP / Uncle Arnies /Cannavore 4 for $32","times_used":412,"units":1996.0,"revenue":19954.300001859665,"discounts":7490.700000524521,"cost":8928.974999925122,"profit":11025.324922204018,"pre_discount_revenue":27445.0,"margin":55.3,"avg_discount":54.6},{"deal_name":"Sips - 3 for $24","times_used":326,"units":1580.0,"revenue":15921.25,"discounts":3312.5,"cost":7952.999999988824,"profit":7968.249988555908,"pre_discount_revenue":19233.75,"margin":50.0,"avg_discount":34.4},{"deal_name":"SIP / Uncle Arnies 3 for $24","times_used":152,"units":789.0,"revenue":7932.937512397766,"discounts":1326.437501758337,"cost":3864.8999999882653,"profit":4068.037486076355,"pre_discount_revenue":9259.375,"margin":51.3,"avg_discount":28.6},{"deal_name":"Employee - 40% OFF","times_used":130,"units":723.0,"revenue":5988.249890804291,"discounts":3920.500030517578,"cost":3851.9249999988824,"profit":2136.324962377548,"pre_discount_revenue":9908.75,"margin":35.7,"avg_discount":79.2},{"deal_name":"LVAC - 25% Off","times_used":86,"units":144.0,"revenue":1438.1124997138977,"discounts":473.1375002861023,"cost":647.7499999944121,"profit":790.3624939918518,"pre_discount_revenue":1911.25,"margin":55.0,"avg_discount":49.6},{"deal_name":"30% Off Special","times_used":74,"units":114.0,"revenue":1105.4999732971191,"discounts":461.9999921321869,"cost":572.5,"profit":533.0000078678131,"pre_discount_revenue":1567.5,"margin":48.2,"avg_discount":59.0},{"deal_name":"Store Credit - $15","times_used":72,"units":221.0,"revenue":1692.4999958276749,"discounts":1346.2500131130219,"cost":1077.687499995809,"profit":614.8125003185123,"pre_discount_revenue":3038.75,"margin":36.3,"avg_discount":88.6},{"deal_name":"Store Credit - $25","times_used":54,"units":200.33333333333334,"revenue":1488.7458358208337,"discounts":1265.8375064531963,"cost":1034.879166664711,"profit":453.8666648417711,"pre_discount_revenue":2754.583333333333,"margin":30.5,"avg_discount":92.0},{"deal_name":"40% Off Special","times_used":46,"units":72.0,"revenue":596.7499911785126,"discounts":393.25000643730164,"cost":328.89999999664724,"profit":267.8499972820282,"pre_discount_revenue":990.0,"margin":44.9,"avg_discount":79.4},{"deal_name":"Store Credit - $50","times_used":26,"units":137.0,"revenue":809.5874977111816,"discounts":1074.1625034809113,"cost":705.0499999988824,"profit":104.53749597072601,"pre_discount_revenue":1883.75,"margin":12.9,"avg_discount":114.0},{"deal_name":"Sammy Davis Early Bird - 15% Off","times_used":10,"units":14.0,"revenue":163.62500667572021,"discounts":28.874999582767487,"cost":70.0,"profit":93.62499833106995,"pre_discount_revenue":192.5,"margin":57.2,"avg_discount":30.0},{"deal_name":"Reno - Early Bird - Senior / Veterans - 20%","times_used":10,"units":12.0,"revenue":132.00000286102295,"discounts":33.00000071525574,"cost":65.0,"profit":67.00000286102295,"pre_discount_revenue":165.0,"margin":50.8,"avg_discount":40.0},{"deal_name":"Veterans Day - 30% Off For Veterans!","times_used":10,"units":64.0,"revenue":615.9999942779541,"discounts":263.99999380111694,"cost":355.0,"profit":261.00000619888306,"pre_discount_revenue":880.0,"margin":42.4,"avg_discount":60.0},{"deal_name":"Medical - 10%","times_used":8,"units":12.0,"revenue":148.4999942779541,"discounts":16.50000035762787,"cost":63.75,"profit":84.75000143051147,"pre_discount_revenue":165.0,"margin":57.1,"avg_discount":20.0},{"deal_name":"Main St Happy Hour - 25% Off","times_used":4,"units":8.0,"revenue":82.5,"discounts":27.5,"cost":41.25,"profit":41.25,"pre_discount_revenue":110.0,"margin":50.0,"avg_discount":50.0},{"deal_name":"Store Credit - $100","times_used":4,"units":18.0,"revenue":67.83750057220459,"discounts":179.6624994277954,"cost":50.099999997764826,"profit":17.73750066757202,"pre_discount_revenue":247.5,"margin":26.1,"avg_discount":145.2},{"deal_name":"Store Credit - $75","times_used":4,"units":26.0,"revenue":177.54999428987503,"discounts":179.9500060081482,"cost":140.0,"profit":37.55000114440918,"pre_discount_revenue":357.5,"margin":21.1,"avg_discount":100.6},{"deal_name":"35% Off Special","times_used":2,"units":2.0,"revenue":17.87500023841858,"discounts":9.624999761581421,"cost":10.0,"profit":7.875000238418579,"pre_discount_revenue":27.5,"margin":44.1,"avg_discount":70.0},{"deal_name":"Store Credit - $150","times_used":2,"units":23.333333333333332,"revenue":165.85833231608075,"discounts":154.9750010172526,"cost":116.66666666666666,"profit":49.19166564941406,"pre_discount_revenue":320.83333333333337,"margin":29.7,"avg_discount":96.6}],"top_products":[{"product":"2:1 THC/CBN DREAMBERRY SLEEP SHOT - SIP","units":43616,"revenue":445406.5625,"cost":245340.0,"profit":200066.58203125,"transactions":17738,"margin":44.900001525878906},{"product":"HURRICANE PARTY SHOT - SIP","units":37892,"revenue":373719.4921875,"cost":186530.390625,"profit":187189.08203125,"transactions":17724,"margin":50.099998474121094},{"product":"ELECTRIC LEMON PARTY SHOT - SIP","units":37258,"revenue":371296.9140625,"cost":185891.1328125,"profit":185405.78125,"transactions":18142,"margin":49.900001525878906},{"product":"TROPICAL CRUSH CHILL SHOT - SIP","units":37596,"revenue":369087.65625,"cost":175599.2578125,"profit":193488.41796875,"transactions":18402,"margin":52.400001525878906},{"product":"WATERMELON CHILL SHOT - SIP","units":32672,"revenue":323968.14453125,"cost":146569.00390625,"profit":177399.140625,"transactions":16622,"margin":54.79999923706055},{"product":"XPRESSO ENERGY SHOT - SIP","units":13670,"revenue":139558.974609375,"cost":75080.048828125,"profit":64478.92578125,"transactions":7350,"margin":46.20000076293945},{"product":"BLUE RAZZ ENERGY SHOT - SIP","units":13460,"revenue":136721.923828125,"cost":75651.25,"profit":61070.673828125,"transactions":6710,"margin":44.70000076293945},{"product":"SUNSET PUNCH SLEEP SHOT - SIP","units":13286,"revenue":135510.478515625,"cost":63034.248046875,"profit":72476.2255859375,"transactions":7582,"margin":53.5},{"product":"WILD BERRY SLEEP SHOT - SIP","units":13004,"revenue":131803.447265625,"cost":52560.576171875,"profit":79242.8759765625,"transactions":7164,"margin":60.099998474121094},{"product":"CITRUS SPARK ENERGY SHOT - SIP","units":11314,"revenue":114911.376953125,"cost":63638.75,"profit":51272.626953125,"transactions":6146,"margin":44.599998474121094}],"products_by_store":{"Elevation Springs":[{"product":"TROPICAL CRUSH CHILL SHOT - SIP","units":11328,"revenue":109322.626953125,"cost":53438.02734375,"profit":55884.599609375,"transactions":5094,"margin":51.099998474121094},{"product":"2:1 THC/CBN DREAMBERRY SLEEP SHOT - SIP","units":10386,"revenue":103756.328125,"cost":58421.25,"profit":45335.0732421875,"transactions":3976,"margin":43.70000076293945},{"product":"HURRICANE PARTY SHOT - SIP","units":9000,"revenue":86356.279296875,"cost":45000.0,"profit":41356.2744140625,"transactions":4186,"margin":47.900001525878906},{"product":"ELECTRIC LEMON PARTY SHOT - SIP","units":8526,"revenue":85370.224609375,"cost":42817.5,"profit":42552.724609375,"transactions":3856,"margin":49.79999923706055},{"product":"WATERMELON CHILL SHOT - SIP","units":8066,"revenue":78620.4736328125,"cost":36838.75,"profit":41781.7236328125,"transactions":3996,"margin":53.099998474121094},{"product":"WILD BERRY SLEEP SHOT - SIP","units":3320,"revenue":33561.35009765625,"cost":14076.324462890625,"profit":19485.0244140625,"transactions":1730,"margin":58.099998474121094},{"product":"XPRESSO ENERGY SHOT - SIP","units":2958,"revenue":30236.923828125,"cost":15954.024658203125,"profit":14282.900390625,"transactions":1554,"margin":47.20000076293945},{"product":"SUNSET PUNCH SLEEP SHOT - SIP","units":2822,"revenue":28943.02490234375,"cost":13471.600341796875,"profit":15471.424560546875,"transactions":1612,"margin":53.5},{"product":"CITRUS SPARK ENERGY SHOT - SIP","units":2332,"revenue":23650.92529296875,"cost":13115.0,"profit":10535.92529296875,"transactions":1404,"margin":44.5},{"product":"BLUE RAZZ ENERGY SHOT - SIP","units":2194,"revenue":22313.125,"cost":12280.0,"profit":10033.125,"transactions":1274,"margin":45.0}],"Elevation Mesa":[{"product":"2:1 THC/CBN DREAMBERRY SLEEP SHOT - SIP","units":12056,"revenue":123654.27734375,"cost":67815.0,"profit":55839.27734375,"transactions":5372,"margin":45.20000076293945},{"product":"HURRICANE PARTY SHOT - SIP","units":12610,"revenue":123176.396484375,"cost":62025.625,"profit":61150.7763671875,"transactions":5012,"margin":49.599998474121094},{"product":"ELECTRIC LEMON PARTY SHOT - SIP","units":10076,"revenue":97676.69921875,"cost":50102.8515625,"profit":47573.84765625,"transactions":4490,"margin":48.70000076293945},{"product":"TROPICAL CRUSH CHILL SHOT - SIP","units":9340,"revenue":90082.9296875,"cost":43526.1767578125,"profit":46556.748046875,"transactions":4440,"margin":51.70000076293945},{"product":"WATERMELON CHILL SHOT - SIP","units":8840,"revenue":86015.8984375,"cost":40705.673828125,"profit":45310.224609375,"transactions":3874,"margin":52.70000076293945},{"product":"BLUE RAZZ ENERGY SHOT - SIP","units":3852,"revenue":39185.625,"cost":21667.5,"profit":17518.125,"transactions":1972,"margin":44.70000076293945},{"product":"SUNSET PUNCH SLEEP SHOT - SIP","units":3678,"revenue":37540.72509765625,"cost":17428.1494140625,"profit":20112.574462890625,"transactions":2074,"margin":53.599998474121094},{"product":"XPRESSO ENERGY SHOT - SIP","units":3262,"revenue":33202.02392578125,"cost":17971.925048828125,"profit":15230.10009765625,"transactions":1592,"margin":45.900001525878906},{"product":"WILD BERRY SLEEP SHOT - SIP","units":2938,"revenue":29491.79931640625,"cost":12734.25048828125,"profit":16757.550048828125,"transactions":1590,"margin":56.79999923706055},{"product":"CITRUS SPARK ENERGY SHOT - SIP","units":2428,"revenue":24514.89990234375,"cost":13657.5,"profit":10857.39990234375,"transactions":1322,"margin":44.29999923706055}],"Elevation Oasis":[{"product":"ELECTRIC LEMON PARTY SHOT - SIP","units":5790,"revenue":58409.7509765625,"cost":28950.0,"profit":29459.7509765625,"transactions":2734,"margin":50.400001525878906},{"product":"WATERMELON CHILL SHOT - SIP","units":5530,"revenue":55978.4521484375,"cost":24497.900390625,"profit":31480.54931640625,"transactions":2896,"margin":56.20000076293945},{"product":"HURRICANE PARTY SHOT - SIP","units":5432,"revenue":54906.15234375,"cost":27160.0,"profit":27746.14990234375,"transactions":2478,"margin":50.5},{"product":"TROPICAL CRUSH CHILL SHOT - SIP","units":5382,"revenue":54638.4228515625,"cost":25323.974609375,"profit":29314.45068359375,"transactions":2828,"margin":53.70000076293945},{"product":"2:1 THC/CBN DREAMBERRY SLEEP SHOT - SIP","units":4490,"revenue":47616.3232421875,"cost":25256.25,"profit":22360.07568359375,"transactions":2070,"margin":47.0},{"product":"XPRESSO ENERGY SHOT - SIP","units":2968,"revenue":29950.14892578125,"cost":16695.0,"profit":13255.150146484375,"transactions":1512,"margin":44.29999923706055},{"product":"BLUE RAZZ ENERGY SHOT - SIP","units":2878,"revenue":28883.1005859375,"cost":16188.75,"profit":12694.3505859375,"transactions":1198,"margin":44.0},{"product":"WILD BERRY SLEEP SHOT - SIP","units":2284,"revenue":23520.224609375,"cost":7918.7750244140625,"profit":15601.4501953125,"transactions":1410,"margin":66.30000305175781},{"product":"SUNSET PUNCH SLEEP SHOT - SIP","units":2202,"revenue":22754.89990234375,"cost":10371.600341796875,"profit":12383.299560546875,"transactions":1310,"margin":54.400001525878906},{"product":"CITRUS SPARK ENERGY SHOT - SIP","units":2198,"revenue":22387.44873046875,"cost":12363.75,"profit":10023.699951171875,"transactions":1072,"margin":44.79999923706055}],"Elevation Downtown":[{"product":"ELECTRIC LEMON PARTY SHOT - SIP","units":502,"revenue":5147.249755859375,"cost":2200.7749938964844,"profit":2946.4749145507812,"transactions":324,"margin":57.20000076293945},{"product":"HURRICANE PARTY SHOT - SIP","units":444,"revenue":4539.425048828125,"cost":2220.0,"profit":2319.425048828125,"transactions":266,"margin":51.099998474121094},{"product":"2:1 THC/CBN DREAMBERRY SLEEP SHOT - SIP","units":440,"revenue":4487.200012207031,"cost":2475.0,"profit":2012.2000122070312,"transactions":222,"margin":44.79999923706055},{"product":"WATERMELON CHILL SHOT - SIP","units":376,"revenue":3911.199951171875,"cost":1590.7249450683594,"profit":2320.4750061035156,"transactions":258,"margin":59.29999923706055},{"product":"SUNSET PUNCH SLEEP SHOT - SIP","units":372,"revenue":3697.9498291015625,"cost":1590.675048828125,"profit":2107.274932861328,"transactions":200,"margin":57.0},{"product":"CITRUS SPARK ENERGY SHOT - SIP","units":264,"revenue":2698.9999389648438,"cost":1485.0,"profit":1214.000015258789,"transactions":218,"margin":45.0},{"product":"XPRESSO ENERGY SHOT - SIP","units":242,"revenue":2504.875030517578,"cost":1327.5,"profit":1177.3750305175781,"transactions":190,"margin":47.0},{"product":"TROPICAL CRUSH CHILL SHOT - SIP","units":142,"revenue":1366.9999694824219,"cost":390.8000183105469,"profit":976.199951171875,"transactions":96,"margin":71.4000015258789},{"product":"BLUE RAZZ ENERGY SHOT - SIP","units":70,"revenue":730.0,"cost":393.75,"profit":336.25,"transactions":62,"margin":46.099998474121094},{"product":"WILD BERRY SLEEP SHOT - SIP","units":70,"revenue":673.6250305175781,"cost":350.0,"profit":323.62499237060547,"transactions":48,"margin":48.0}],"Elevation Midtown":[{"product":"2:1 THC/CBN DREAMBERRY SLEEP SHOT - SIP","units":7570,"revenue":78576.42578125,"cost":42581.25,"profit":35995.17578125,"transactions":2452,"margin":45.79999923706055},{"product":"TROPICAL CRUSH CHILL SHOT - SIP","units":5214,"revenue":52865.09765625,"cost":23845.576171875,"profit":29019.52392578125,"transactions":2330,"margin":54.900001525878906},{"product":"ELECTRIC LEMON PARTY SHOT - SIP","units":4738,"revenue":48600.0,"cost":23690.0,"profit":24910.0,"transactions":2486,"margin":51.29999923706055},{"product":"HURRICANE PARTY SHOT - SIP","units":4448,"revenue":45052.8271484375,"cost":20334.775390625,"profit":24718.04931640625,"transactions":2230,"margin":54.900001525878906},{"product":"WATERMELON CHILL SHOT - SIP","units":4050,"revenue":41427.59765625,"cost":17387.17529296875,"profit":24040.4248046875,"transactions":2208,"margin":58.0},{"product":"BLUE RAZZ ENERGY SHOT - SIP","units":2286,"revenue":22919.7998046875,"cost":12858.75,"profit":10061.0498046875,"transactions":804,"margin":43.900001525878906},{"product":"WILD BERRY SLEEP SHOT - SIP","units":1852,"revenue":18872.82470703125,"cost":7983.2000732421875,"profit":10889.625244140625,"transactions":886,"margin":57.70000076293945},{"product":"XPRESSO ENERGY SHOT - SIP","units":1810,"revenue":18498.42529296875,"cost":10181.25,"profit":8317.17529296875,"transactions":948,"margin":45.0},{"product":"CITRUS SPARK ENERGY SHOT - SIP","units":1820,"revenue":18340.550537109375,"cost":10237.5,"profit":8103.0499267578125,"transactions":820,"margin":44.20000076293945},{"product":"SUNSET PUNCH SLEEP SHOT - SIP","units":1574,"revenue":16002.750244140625,"cost":7870.0,"profit":8132.750244140625,"transactions":870,"margin":50.79999923706055}],"Elevation Boulevard":[{"product":"2:1 THC/CBN DREAMBERRY SLEEP SHOT - SIP","units":5444,"revenue":54376.7236328125,"cost":30622.5,"profit":23754.22607421875,"transactions":2346,"margin":43.70000076293945},{"product":"ELECTRIC LEMON PARTY SHOT - SIP","units":4270,"revenue":42105.400390625,"cost":21350.0,"profit":20755.400390625,"transactions":2256,"margin":49.29999923706055},{"product":"WATERMELON CHILL SHOT - SIP","units":3422,"revenue":33493.60107421875,"cost":14875.6005859375,"profit":18618.00048828125,"transactions":2018,"margin":55.599998474121094},{"product":"TROPICAL CRUSH CHILL SHOT - SIP","units":3338,"revenue":32631.77490234375,"cost":15453.1005859375,"profit":17178.675537109375,"transactions":1970,"margin":52.599998474121094},{"product":"HURRICANE PARTY SHOT - SIP","units":2854,"revenue":27944.89990234375,"cost":14270.0,"profit":13674.89990234375,"transactions":1650,"margin":48.900001525878906},{"product":"SUNSET PUNCH SLEEP SHOT - SIP","units":1694,"revenue":16927.19970703125,"cost":7831.5997314453125,"profit":9095.599975585938,"transactions":958,"margin":53.70000076293945},{"product":"CITRUS SPARK ENERGY SHOT - SIP","units":1556,"revenue":15358.67431640625,"cost":8752.5,"profit":6606.1749267578125,"transactions":770,"margin":43.0},{"product":"WILD BERRY SLEEP SHOT - SIP","units":1512,"revenue":15179.549560546875,"cost":5964.000244140625,"profit":9215.549926757812,"transactions":894,"margin":60.70000076293945},{"product":"BLUE RAZZ ENERGY SHOT - SIP","units":1292,"revenue":12915.52490234375,"cost":7267.5,"profit":5648.02490234375,"transactions":812,"margin":43.70000076293945},{"product":"XPRESSO ENERGY SHOT - SIP","units":1286,"revenue":12856.875,"cost":6515.3497314453125,"profit":6341.5252685546875,"transactions":872,"margin":49.29999923706055}],"Elevation Parkway":[{"product":"ELECTRIC LEMON PARTY SHOT - SIP","units":3356,"revenue":33987.57568359375,"cost":16780.0,"profit":17207.574462890625,"transactions":1996,"margin":50.599998474121094},{"product":"2:1 THC/CBN DREAMBERRY SLEEP SHOT - SIP","units":3230,"revenue":32939.29931640625,"cost":18168.75,"profit":14770.550537109375,"transactions":1300,"margin":44.79999923706055},{"product":"HURRICANE PARTY SHOT - SIP","units":3104,"revenue":31743.5009765625,"cost":15520.0,"profit":16223.499755859375,"transactions":1902,"margin":51.099998474121094},{"product":"TROPICAL CRUSH CHILL SHOT - SIP","units":2852,"revenue":28179.82421875,"cost":13621.600341796875,"profit":14558.22509765625,"transactions":1644,"margin":51.70000076293945},{"product":"WATERMELON CHILL SHOT - SIP","units":2388,"revenue":24520.92529296875,"cost":10673.175048828125,"profit":13847.750244140625,"transactions":1372,"margin":56.5},{"product":"XPRESSO ENERGY SHOT - SIP","units":1144,"revenue":12309.69970703125,"cost":6435.0,"profit":5874.69970703125,"transactions":682,"margin":47.70000076293945},{"product":"WILD BERRY SLEEP SHOT - SIP","units":1028,"revenue":10504.07470703125,"cost":3534.0249633789062,"profit":6970.050048828125,"transactions":606,"margin":66.4000015258789},{"product":"BLUE RAZZ ENERGY SHOT - SIP","units":888,"revenue":9774.749755859375,"cost":4995.0,"profit":4779.750061035156,"transactions":588,"margin":48.900001525878906},{"product":"SUNSET PUNCH SLEEP SHOT - SIP","units":944,"revenue":9643.925170898438,"cost":4470.625,"profit":5173.3001708984375,"transactions":558,"margin":53.599998474121094},{"product":"CITRUS SPARK ENERGY SHOT - SIP","units":716,"revenue":7959.8748779296875,"cost":4027.5,"profit":3932.3748779296875,"transactions":540,"margin":49.400001525878906}]},"store_summary":[{"store_clean":"Elevation Mesa","units":69080,"revenue":684541.25,"cost":347634.6484375,"profit":336906.640625,"discounts":210736.23046875,"margin":49.20000076293945,"discount_rate":23.5},{"store_clean":"Elevation Springs","units":60932,"revenue":602131.2890625,"cost":305412.48046875,"profit":296718.80859375,"discounts":192896.23046875,"margin":49.29999923706055,"discount_rate":24.299999237060547},{"store_clean":"Elevation Oasis","units":39154,"revenue":399044.921875,"cost":194725.99609375,"profit":204318.92578125,"discounts":113698.828125,"margin":51.20000076293945,"discount_rate":22.200000762939453},{"store_clean":"Elevation Midtown","units":35362,"revenue":361156.2890625,"cost":176969.47265625,"profit":184186.81640625,"discounts":102829.951171875,"margin":51.0,"discount_rate":22.200000762939453},{"store_clean":"Elevation Boulevard","units":26668,"revenue":263790.21484375,"cost":132902.1484375,"profit":130888.076171875,"discounts":88876.025390625,"margin":49.599998474121094,"discount_rate":25.200000762939453},{"store_clean":"Elevation Parkway","units":19650,"revenue":201563.45703125,"cost":98225.673828125,"profit":103337.7734375,"discounts":55639.0478515625,"margin":51.29999923706055,"discount_rate":21.600000381469727},{"store_clean":"Elevation Downtown","units":2922,"revenue":29757.5244140625,"cost":14024.224853515625,"profit":15733.299560546875,"discounts":10419.9755859375,"margin":52.900001525878906,"discount_rate":25.899999618530273}],"recommendations":[{"severity":"red","title":"HIGH PROMOTION DEPENDENCY","detail":"Only 15% sells at full price. Heavy discounting required.","action":"Test reducing deal frequency \u2014 track velocity without promos."},{"severity":"info","title":"VOLUME LEVERAGE","detail":"$1,016,794 revenue provides negotiating leverage.","action":"Use volume as leverage in next vendor meeting."}],"comparison":null}