{"brand":"WULF","date_range":"2024-01-01 00:00:00 to 2026-01-31 00:00:00","period_label":"All Time","summary":{"total_units":226,"total_revenue":5245.2197265625,"total_cost":1640.85986328125,"total_discounts":371.780029296875,"total_profit":3604.3603515625,"overall_margin":68.69999694824219,"fp_margin":70.9000015258789,"disc_margin":59.599998474121094,"pct_full_price":81.0,"avg_discount_rate":6.599999904632568,"fp_revenue":4248.0,"disc_revenue":997.2200317382812,"brand":"WULF","date_range":"2024-01-01 00:00:00 to 2026-01-31 00:00:00","primary_category":"BATTERY","store_coverage":"1/7","stores_present":["Thrive Reno"],"stores_missing":["Thrive Cactus","Thrive Cheyenne","Thrive Jackpot","Thrive Main Street","Thrive Sahara","Thrive Sammy"],"velocity_rank":10,"velocity_total":19},"distribution":[{"store":"Thrive Cactus","carries_brand":false,"sku_count":0,"revenue":0,"units":0,"store_total_revenue":20455500.0,"brand_share_pct":0},{"store":"Thrive Cheyenne","carries_brand":false,"sku_count":0,"revenue":0,"units":0,"store_total_revenue":19012896.0,"brand_share_pct":0},{"store":"Thrive Jackpot","carries_brand":false,"sku_count":0,"revenue":0,"units":0,"store_total_revenue":22420058.0,"brand_share_pct":0},{"store":"Thrive Main Street","carries_brand":false,"sku_count":0,"revenue":0,"units":0,"store_total_revenue":778094.875,"brand_share_pct":0},{"store":"Thrive Reno","carries_brand":true,"sku_count":7,"revenue":5245.2197265625,"units":226,"store_total_revenue":12340074.0,"brand_share_pct":0.0},{"store":"Thrive Sahara","carries_brand":false,"sku_count":0,"revenue":0,"units":0,"store_total_revenue":11503146.0,"brand_share_pct":0},{"store":"Thrive Sammy","carries_brand":false,"sku_count":0,"revenue":0,"units":0,"store_total_revenue":8794803.0,"brand_share_pct":0}],"share_of_category":[{"category":"BATTERY","brand_revenue":4830.5,"category_revenue":416746.875,"revenue_share_pct":1.2000000476837158,"brand_units":209,"category_units":20559,"units_share_pct":1.0},{"category":"ACCESSORY","brand_revenue":414.7200012207031,"category_revenue":1651501.625,"revenue_share_pct":0.0,"brand_units":17,"category_units":1065048,"units_share_pct":0.0}],"share_of_category_trend":{"BATTERY":[{"period":"2024-01","brand_revenue":0.0,"category_revenue":31409.5,"share_pct":0.0},{"period":"2024-02","brand_revenue":0.0,"category_revenue":31804.390625,"share_pct":0.0},{"period":"2024-03","brand_revenue":0.0,"category_revenue":32026.779296875,"share_pct":0.0},{"period":"2024-04","brand_revenue":0.0,"category_revenue":26275.509765625,"share_pct":0.0},{"period":"2024-05","brand_revenue":0.0,"category_revenue":24597.4296875,"share_pct":0.0},{"period":"2024-06","brand_revenue":0.0,"category_revenue":26936.30078125,"share_pct":0.0},{"period":"2024-07","brand_revenue":0.0,"category_revenue":28236.470703125,"share_pct":0.0},{"period":"2024-08","brand_revenue":0.0,"category_revenue":25863.150390625,"share_pct":0.0},{"period":"2024-09","brand_revenue":0.0,"category_revenue":21015.349609375,"share_pct":0.0},{"period":"2024-10","brand_revenue":0.0,"category_revenue":19711.5703125,"share_pct":0.0},{"period":"2024-11","brand_revenue":0.0,"category_revenue":15955.8798828125,"share_pct":0.0},{"period":"2024-12","brand_revenue":0.0,"category_revenue":15309.5498046875,"share_pct":0.0},{"period":"2025-01","brand_revenue":0.0,"category_revenue":9720.419921875,"share_pct":0.0},{"period":"2025-02","brand_revenue":0.0,"category_revenue":6292.25,"share_pct":0.0},{"period":"2025-03","brand_revenue":0.0,"category_revenue":7161.64990234375,"share_pct":0.0},{"period":"2025-04","brand_revenue":0.0,"category_revenue":6807.2099609375,"share_pct":0.0},{"period":"2025-05","brand_revenue":1144.699951171875,"category_revenue":8635.349609375,"share_pct":13.300000190734863},{"period":"2025-06","brand_revenue":1124.0,"category_revenue":8114.10986328125,"share_pct":13.899999618530273},{"period":"2025-07","brand_revenue":584.5,"category_revenue":10585.099609375,"share_pct":5.5},{"period":"2025-08","brand_revenue":1396.5999755859375,"category_revenue":10976.41015625,"share_pct":12.699999809265137},{"period":"2025-09","brand_revenue":564.7000122070312,"category_revenue":9812.5400390625,"share_pct":5.800000190734863},{"period":"2025-10","brand_revenue":16.0,"category_revenue":11114.91015625,"share_pct":0.10000000149011612},{"period":"2025-11","brand_revenue":0.0,"category_revenue":9476.330078125,"share_pct":0.0},{"period":"2025-12","brand_revenue":0.0,"category_revenue":9969.51953125,"share_pct":0.0},{"period":"2026-01","brand_revenue":0.0,"category_revenue":8939.169921875,"share_pct":0.0}],"ACCESSORY":[{"period":"2024-01","brand_revenue":0.0,"category_revenue":61417.578125,"share_pct":0.0},{"period":"2024-02","brand_revenue":0.0,"category_revenue":60959.7890625,"share_pct":0.0},{"period":"2024-03","brand_revenue":0.0,"category_revenue":61871.55078125,"share_pct":0.0},{"period":"2024-04","brand_revenue":0.0,"category_revenue":65341.4609375,"share_pct":0.0},{"period":"2024-05","brand_revenue":0.0,"category_revenue":71870.578125,"share_pct":0.0},{"period":"2024-06","brand_revenue":0.0,"category_revenue":74003.53125,"share_pct":0.0},{"period":"2024-07","brand_revenue":0.0,"category_revenue":74670.1875,"share_pct":0.0},{"period":"2024-08","brand_revenue":0.0,"category_revenue":72090.53125,"share_pct":0.0},{"period":"2024-09","brand_revenue":0.0,"category_revenue":64954.51953125,"share_pct":0.0},{"period":"2024-10","brand_revenue":0.0,"category_revenue":66435.4921875,"share_pct":0.0},{"period":"2024-11","brand_revenue":0.0,"category_revenue":68682.4375,"share_pct":0.0},{"period":"2024-12","brand_revenue":0.0,"category_revenue":70600.8125,"share_pct":0.0},{"period":"2025-01","brand_revenue":0.0,"category_revenue":66904.5390625,"share_pct":0.0},{"period":"2025-02","brand_revenue":0.0,"category_revenue":62104.37109375,"share_pct":0.0},{"period":"2025-03","brand_revenue":0.0,"category_revenue":70568.15625,"share_pct":0.0},{"period":"2025-04","brand_revenue":0.0,"category_revenue":73077.9296875,"share_pct":0.0},{"period":"2025-05","brand_revenue":0.0,"category_revenue":71961.796875,"share_pct":0.0},{"period":"2025-06","brand_revenue":0.0,"category_revenue":64459.5,"share_pct":0.0},{"period":"2025-07","brand_revenue":0.0,"category_revenue":66219.921875,"share_pct":0.0},{"period":"2025-08","brand_revenue":90.0,"category_revenue":68700.8203125,"share_pct":0.10000000149011612},{"period":"2025-09","brand_revenue":0.0,"category_revenue":67279.578125,"share_pct":0.0},{"period":"2025-10","brand_revenue":45.0,"category_revenue":68737.8203125,"share_pct":0.10000000149011612},{"period":"2025-11","brand_revenue":194.72000122070312,"category_revenue":69135.8984375,"share_pct":0.30000001192092896},{"period":"2025-12","brand_revenue":25.0,"category_revenue":56781.94921875,"share_pct":0.0},{"period":"2026-01","brand_revenue":60.0,"category_revenue":32670.859375,"share_pct":0.20000000298023224}]},"velocity_by_category":[{"category":"BATTERY","brand_units_per_day":0.27,"category_avg_units_per_day":1.42,"velocity_index":19.3,"brand_rev_per_unit":23.11,"category_rev_per_unit":20.27,"brands_in_category":19},{"category":"ACCESSORY","brand_units_per_day":0.02,"category_avg_units_per_day":10.28,"velocity_index":0.2,"brand_rev_per_unit":24.4,"category_rev_per_unit":1.55,"brands_in_category":136}],"store_gaps":[{"store":"Thrive Jackpot","category":"ACCESSORY","category_revenue_at_store":366921.6875,"opportunity":"Brand not carried"},{"store":"Thrive Cactus","category":"ACCESSORY","category_revenue_at_store":359352.96875,"opportunity":"Brand not carried"},{"store":"Thrive Cheyenne","category":"ACCESSORY","category_revenue_at_store":221087.65625,"opportunity":"Brand not carried"},{"store":"Thrive Sahara","category":"ACCESSORY","category_revenue_at_store":186593.15625,"opportunity":"Brand not carried"},{"store":"Thrive Sammy","category":"ACCESSORY","category_revenue_at_store":174303.78125,"opportunity":"Brand not carried"},{"store":"Thrive Cactus","category":"BATTERY","category_revenue_at_store":95758.515625,"opportunity":"Brand not carried"},{"store":"Thrive Jackpot","category":"BATTERY","category_revenue_at_store":89485.1015625,"opportunity":"Brand not carried"},{"store":"Thrive Cheyenne","category":"BATTERY","category_revenue_at_store":63593.6875,"opportunity":"Brand not carried"},{"store":"Thrive Sahara","category":"BATTERY","category_revenue_at_store":50487.21875,"opportunity":"Brand not carried"},{"store":"Thrive Sammy","category":"BATTERY","category_revenue_at_store":48196.9609375,"opportunity":"Brand not carried"},{"store":"Thrive Main Street","category":"ACCESSORY","category_revenue_at_store":24615.880859375,"opportunity":"Brand not carried"},{"store":"Thrive Main Street","category":"BATTERY","category_revenue_at_store":2728.300048828125,"opportunity":"Brand not carried"}],"product_mix":{"top":[{"product":"WULF PRO","units":119,"revenue":2800.199951171875,"cost":793.72998046875,"profit":2006.469970703125,"stores":1,"transactions":117,"margin":71.69999694824219},{"product":"WULF PRO DIGITAL","units":40,"revenue":1129.5,"cost":266.79998779296875,"profit":862.7000122070312,"stores":1,"transactions":38,"margin":76.4000015258789},{"product":"Wulf Flat Mini Battery","units":42,"revenue":628.7999877929688,"cost":268.8000183105469,"profit":360.0,"stores":1,"transactions":40,"margin":57.29999923706055},{"product":"WULF RECON PRO BATTERY","units":8,"revenue":272.0,"cost":115.5999984741211,"profit":156.39999389648438,"stores":1,"transactions":7,"margin":57.5},{"product":"WULF RAZR NECTAR TIP","units":10,"revenue":204.72000122070312,"cost":105.0,"profit":99.72000122070312,"stores":1,"transactions":9,"margin":48.70000076293945},{"product":"Wulf Vector Torch- All colors","units":4,"revenue":120.0,"cost":51.959999084472656,"profit":68.04000091552734,"stores":1,"transactions":4,"margin":56.70000076293945},{"product":"WULF VECTOR TORCH - ALL COLORS","units":3,"revenue":90.0,"cost":38.970001220703125,"profit":51.029998779296875,"stores":1,"transactions":3,"margin":56.70000076293945}],"bottom":[],"expansion":[]},"pricing_consistency":[],"promotional_effectiveness":{"lift":{"fp_units_per_day":1.79,"disc_units_per_day":1.23,"lift_pct":-31.5,"fp_avg_revenue_per_unit":24.7,"disc_avg_revenue_per_unit":18.47},"by_deal":[{"deal_name":"Industry 30% Off","uses":6,"revenue":75.95999956130981,"discounts":34.540000438690186,"units":5.5,"cost":38.040000438690186,"margin":49.9,"discount_depth":31.3},{"deal_name":"Veterans - 10% Off","uses":4,"revenue":90.89999961853027,"discounts":10.100000023841858,"units":4.0,"cost":26.410000324249268,"margin":70.9,"discount_depth":10.0},{"deal_name":"Senior - 10% Off","uses":2,"revenue":49.5,"discounts":5.5,"units":2.0,"cost":17.670000076293945,"margin":64.3,"discount_depth":10.0},{"deal_name":"Senior / Veterans - 20% Off","uses":2,"revenue":64.0,"discounts":46.0,"units":3.0,"cost":35.56999969482422,"margin":44.4,"discount_depth":41.8},{"deal_name":"Employee 30% - NOT FRIDAYS","uses":1,"revenue":11.199999809265137,"discounts":4.800000190734863,"units":1.0,"cost":6.400000095367432,"margin":42.9,"discount_depth":30.0},{"deal_name":"Store Credit - $25","uses":1,"revenue":7.360000133514404,"discounts":5.139999866485596,"units":0.5,"cost":5.5,"margin":25.3,"discount_depth":41.1}]},"growth_opportunities":[{"type":"distribution","title":"Expand to Thrive Cactus","detail":"Store has $455,112 in ACCESSORY, BATTERY \u2014 categories where WULF competes.","priority":"high"},{"type":"distribution","title":"Expand to Thrive Cheyenne","detail":"Store has $284,681 in ACCESSORY, BATTERY \u2014 categories where WULF competes.","priority":"high"},{"type":"distribution","title":"Expand to Thrive Jackpot","detail":"Store has $456,407 in ACCESSORY, BATTERY \u2014 categories where WULF competes.","priority":"high"},{"type":"distribution","title":"Expand to Thrive Main Street","detail":"Store has $27,344 in ACCESSORY, BATTERY \u2014 categories where WULF competes.","priority":"high"},{"type":"distribution","title":"Expand to Thrive Sahara","detail":"Store has $237,080 in ACCESSORY, BATTERY \u2014 categories where WULF competes.","priority":"high"},{"type":"distribution","title":"Expand to Thrive Sammy","detail":"Store has $222,501 in ACCESSORY, BATTERY \u2014 categories where WULF competes.","priority":"high"},{"type":"velocity","title":"Improve velocity in BATTERY","detail":"Velocity index 19 (below category average). 0.3 units/day vs 1.4 avg.","priority":"medium"},{"type":"velocity","title":"Improve velocity in ACCESSORY","detail":"Velocity index 0 (below category average). 0.0 units/day vs 10.3 avg.","priority":"medium"}],"trend":[{"period":"2025-05","revenue":1144.699951171875,"cost":360.1700134277344,"margin":68.5,"units":47,"transactions":45,"profit":784.5299682617188,"revenue_change_pct":null,"units_change_pct":null,"margin_change_pts":null},{"period":"2025-06","revenue":1124.0,"cost":302.3699951171875,"margin":73.1,"units":43,"transactions":43,"profit":821.6300048828125,"revenue_change_pct":-1.8,"units_change_pct":-8.5,"margin_change_pts":4.6},{"period":"2025-07","revenue":584.5,"cost":146.74000549316406,"margin":74.9,"units":22,"transactions":22,"profit":437.760009765625,"revenue_change_pct":-48.0,"units_change_pct":-48.8,"margin_change_pts":1.8},{"period":"2025-08","revenue":1486.5999755859375,"cost":455.6700134277344,"margin":69.3,"units":66,"transactions":63,"profit":1030.9300537109375,"revenue_change_pct":154.3,"units_change_pct":200.0,"margin_change_pts":-5.5},{"period":"2025-09","revenue":564.7000122070312,"cost":212.5500030517578,"margin":62.4,"units":33,"transactions":31,"profit":352.1500244140625,"revenue_change_pct":-62.0,"units_change_pct":-50.0,"margin_change_pts":-7.0},{"period":"2025-10","revenue":61.0,"cost":25.389999389648438,"margin":58.4,"units":3,"transactions":3,"profit":35.61000061035156,"revenue_change_pct":-89.2,"units_change_pct":-90.9,"margin_change_pts":-4.0},{"period":"2025-11","revenue":194.72000122070312,"cost":100.98999786376953,"margin":48.1,"units":9,"transactions":8,"profit":93.72999572753906,"revenue_change_pct":219.2,"units_change_pct":200.0,"margin_change_pts":-10.2},{"period":"2025-12","revenue":25.0,"cost":11.0,"margin":56.0,"units":1,"transactions":1,"profit":14.0,"revenue_change_pct":-87.2,"units_change_pct":-88.9,"margin_change_pts":7.9},{"period":"2026-01","revenue":60.0,"cost":25.979999542236328,"margin":56.7,"units":2,"transactions":2,"profit":34.02000045776367,"revenue_change_pct":140.0,"units_change_pct":100.0,"margin_change_pts":0.7}]}