{"brand":"PINK","date_range":"2024-01-01 00:00:00 to 2026-01-31 00:00:00","period_label":"All Time","summary":{"total_units":94,"total_revenue":331.12499237060547,"total_cost":112.79998779296875,"total_discounts":21.375000476837158,"total_profit":218.3249855041504,"overall_margin":65.9000015258789,"fp_margin":68.0,"disc_margin":60.5,"pct_full_price":72.5,"avg_discount_rate":6.099999904632568,"fp_revenue":240.0,"disc_revenue":91.12500190734863,"unique_customers":64,"brand":"PINK","date_range":"2024-01-01 00:00:00 to 2026-01-31 00:00:00","months_count":16,"avg_monthly_cost":14.1,"cost_per_unit":2.4,"primary_category":"ACCESSORY","primary_cat_margin":61.099998474121094,"category_rank":84,"category_total":136,"margin_vs_category":4.800000190734863,"velocity_rank":37},"category_breakdown":[{"category_clean":"ACCESSORY","units":94,"revenue":331.12499237060547,"cost":112.79999732971191,"profit":218.32500457763672,"discounts":21.375000476837158,"margin":65.9000015258789,"category_avg_margin":61.099998474121094,"vs_category":4.8,"rank":84.0,"total_brands":136.0}],"trend":[{"period":"2024-11","revenue":47.250003814697266,"cost":16.799999475479126,"margin":64.4,"units":14,"transactions":10,"profit":30.450000762939453,"revenue_change_pct":null,"units_change_pct":null,"margin_change_pts":null},{"period":"2024-12","revenue":45.0,"cost":14.399999380111694,"margin":68.0,"units":12,"transactions":10,"profit":30.59999942779541,"revenue_change_pct":-4.8,"units_change_pct":-14.3,"margin_change_pts":3.6},{"period":"2025-01","revenue":41.99999809265137,"cost":14.399999380111694,"margin":65.7,"units":12,"transactions":8,"profit":27.59999990463257,"revenue_change_pct":-6.7,"units_change_pct":0,"margin_change_pts":-2.3},{"period":"2025-02","revenue":25.875000953674316,"cost":9.599999785423279,"margin":62.9,"units":8,"transactions":8,"profit":16.274999380111694,"revenue_change_pct":-38.4,"units_change_pct":-33.3,"margin_change_pts":-2.8},{"period":"2025-03","revenue":38.25000047683716,"cost":14.40000057220459,"margin":62.4,"units":12,"transactions":8,"profit":23.84999990463257,"revenue_change_pct":47.8,"units_change_pct":50.0,"margin_change_pts":-0.5},{"period":"2025-04","revenue":45.0,"cost":14.399999380111694,"margin":68.0,"units":12,"transactions":12,"profit":30.59999942779541,"revenue_change_pct":17.6,"units_change_pct":0,"margin_change_pts":5.6},{"period":"2025-05","revenue":80.24999618530273,"cost":26.399998664855957,"margin":67.1,"units":22,"transactions":16,"profit":53.84999752044678,"revenue_change_pct":78.3,"units_change_pct":83.3,"margin_change_pts":-0.9},{"period":"2025-06","revenue":7.5,"cost":2.3999999463558197,"margin":68.0,"units":2,"transactions":2,"profit":5.099999904632568,"revenue_change_pct":-90.7,"units_change_pct":-90.9,"margin_change_pts":0.9}],"share_of_category":[{"category":"ACCESSORY","brand_revenue":331.12499237060547,"category_revenue":4128754.0625,"revenue_share_pct":0.0,"brand_units":94,"category_units":2130096,"units_share_pct":0.0}],"share_of_category_trend":{"ACCESSORY":[{"period":"2024-01","brand_revenue":0.0,"category_revenue":153543.9453125,"share_pct":0.0},{"period":"2024-02","brand_revenue":0.0,"category_revenue":152399.47265625,"share_pct":0.0},{"period":"2024-03","brand_revenue":0.0,"category_revenue":154678.876953125,"share_pct":0.0},{"period":"2024-04","brand_revenue":0.0,"category_revenue":163353.65234375,"share_pct":0.0},{"period":"2024-05","brand_revenue":0.0,"category_revenue":179676.4453125,"share_pct":0.0},{"period":"2024-06","brand_revenue":0.0,"category_revenue":185008.828125,"share_pct":0.0},{"period":"2024-07","brand_revenue":0.0,"category_revenue":186675.46875,"share_pct":0.0},{"period":"2024-08","brand_revenue":0.0,"category_revenue":180226.328125,"share_pct":0.0},{"period":"2024-09","brand_revenue":0.0,"category_revenue":162386.298828125,"share_pct":0.0},{"period":"2024-10","brand_revenue":0.0,"category_revenue":166088.73046875,"share_pct":0.0},{"period":"2024-11","brand_revenue":47.250003814697266,"category_revenue":171706.09375,"share_pct":0.0},{"period":"2024-12","brand_revenue":45.0,"category_revenue":176502.03125,"share_pct":0.0},{"period":"2025-01","brand_revenue":41.99999809265137,"category_revenue":167261.34765625,"share_pct":0.0},{"period":"2025-02","brand_revenue":25.875000953674316,"category_revenue":155260.927734375,"share_pct":0.0},{"period":"2025-03","brand_revenue":38.25000047683716,"category_revenue":176420.390625,"share_pct":0.0},{"period":"2025-04","brand_revenue":45.0,"category_revenue":182694.82421875,"share_pct":0.0},{"period":"2025-05","brand_revenue":80.24999618530273,"category_revenue":179904.4921875,"share_pct":0.0},{"period":"2025-06","brand_revenue":7.5,"category_revenue":161148.75,"share_pct":0.0},{"period":"2025-07","brand_revenue":0.0,"category_revenue":165549.8046875,"share_pct":0.0},{"period":"2025-08","brand_revenue":0.0,"category_revenue":171752.05078125,"share_pct":0.0},{"period":"2025-09","brand_revenue":0.0,"category_revenue":168198.9453125,"share_pct":0.0},{"period":"2025-10","brand_revenue":0.0,"category_revenue":171844.55078125,"share_pct":0.0},{"period":"2025-11","brand_revenue":0.0,"category_revenue":172839.74609375,"share_pct":0.0},{"period":"2025-12","brand_revenue":0.0,"category_revenue":141954.873046875,"share_pct":0.0},{"period":"2026-01","brand_revenue":0.0,"category_revenue":81677.1484375,"share_pct":0.0}]},"discount_depth":[{"tier":"0% (Full Price)","transactions":54,"pct_of_transactions":73.0,"revenue":240.0,"avg_discount":0.0},{"tier":"1-10%","transactions":10,"pct_of_transactions":13.5,"revenue":54.000000953674316,"avg_discount":20.0},{"tier":"11-20%","transactions":0,"pct_of_transactions":0.0,"revenue":0.0,"avg_discount":0},{"tier":"21-30%","transactions":8,"pct_of_transactions":10.8,"revenue":21.374998092651367,"avg_discount":57.599998474121094},{"tier":"31%+","transactions":0,"pct_of_transactions":0.0,"revenue":0.0,"avg_discount":0}],"velocity":{"units_per_day":0.46,"revenue_per_day":1.6249999403953552,"avg_units_per_txn":2.54,"days_of_data":204,"total_units":94,"total_transactions":74},"velocity_by_category":[{"category":"ACCESSORY","brand_units_per_day":0.12,"category_avg_units_per_day":20.56,"velocity_index":0.6,"brand_rev_per_unit":2.82,"category_rev_per_unit":1.55,"brands_in_category":136}],"deals":[{"deal_name":"Senior - 10% Off","times_used":6,"units":10.0,"revenue":33.750001192092896,"discounts":3.75,"cost":12.000000178813934,"profit":21.749999523162842,"pre_discount_revenue":37.5,"margin":64.4,"avg_discount":20.0},{"deal_name":"Employee 30% - NOT FRIDAYS","times_used":4,"units":4.0,"revenue":10.499999523162842,"discounts":4.4999998807907104,"cost":4.799999892711639,"profit":5.699999928474426,"pre_discount_revenue":15.0,"margin":54.3,"avg_discount":60.0},{"deal_name":"Veterans - 10% Off","times_used":4,"units":6.0,"revenue":20.25000035762787,"discounts":2.250000089406967,"cost":7.199999839067459,"profit":13.050000071525574,"pre_discount_revenue":22.5,"margin":64.4,"avg_discount":20.0}],"top_products":[{"product":"PINK CONES KING SIZE","units":94,"revenue":331.12499237060547,"cost":112.79999732971191,"profit":218.32500457763672,"transactions":74,"margin":65.9000015258789}],"products_by_store":{"Elevation Midtown":[{"product":"PINK CONES KING SIZE","units":94,"revenue":331.12499237060547,"cost":112.79999732971191,"profit":218.32500457763672,"transactions":74,"margin":65.9000015258789}]},"store_summary":[{"store_clean":"Elevation Midtown","units":94,"revenue":331.12499237060547,"cost":112.79999732971191,"profit":218.32500457763672,"discounts":21.375000476837158,"margin":65.9000015258789,"discount_rate":6.099999904632568}],"recommendations":[],"comparison":null}