{"brand":"PISTOLA","date_range":"2024-01-01 00:00:00 to 2026-01-31 00:00:00","period_label":"All Time","summary":{"total_units":589832,"total_revenue":9215714.375,"total_cost":4099298.125,"total_discounts":5910895.625,"total_profit":5116415.625,"overall_margin":55.5,"fp_margin":61.29999923706055,"disc_margin":54.70000076293945,"pct_full_price":12.399999618530273,"avg_discount_rate":39.099998474121094,"fp_revenue":1142650.0,"disc_revenue":8073064.375,"brand":"PISTOLA","date_range":"2024-01-01 00:00:00 to 2026-01-31 00:00:00","primary_category":"FLOWER","store_coverage":"7/7","stores_present":["Elevation Springs","Elevation Mesa","Elevation Oasis","Elevation Downtown","Elevation Midtown","Elevation Boulevard","Elevation Parkway"],"stores_missing":[],"velocity_rank":4,"velocity_total":64},"distribution":[{"store":"Elevation Springs","carries_brand":true,"sku_count":36,"revenue":2018430.78125,"units":137476,"store_total_revenue":51138750.0,"brand_share_pct":3.9000000953674316},{"store":"Elevation Mesa","carries_brand":true,"sku_count":38,"revenue":2411512.34375,"units":165994,"store_total_revenue":47532240.0,"brand_share_pct":5.099999904632568},{"store":"Elevation Oasis","carries_brand":true,"sku_count":42,"revenue":1955550.78125,"units":92616,"store_total_revenue":56050145.0,"brand_share_pct":3.5},{"store":"Elevation Downtown","carries_brand":true,"sku_count":22,"revenue":100873.65234375,"units":8634,"store_total_revenue":1945237.1875,"brand_share_pct":5.199999809265137},{"store":"Elevation Midtown","carries_brand":true,"sku_count":36,"revenue":920151.71875,"units":51656,"store_total_revenue":30850185.0,"brand_share_pct":3.0},{"store":"Elevation Boulevard","carries_brand":true,"sku_count":34,"revenue":1421639.0625,"units":101626,"store_total_revenue":28757865.0,"brand_share_pct":4.900000095367432},{"store":"Elevation Parkway","carries_brand":true,"sku_count":32,"revenue":387555.9375,"units":31830,"store_total_revenue":21987007.5,"brand_share_pct":1.7999999523162842}],"share_of_category":[{"category":"FLOWER","brand_revenue":6063878.75,"category_revenue":77755450.0,"revenue_share_pct":7.800000190734863,"brand_units":198728,"category_units":2708446,"units_share_pct":7.3},{"category":"PRE ROLL","brand_revenue":3151835.0,"category_revenue":14009791.25,"revenue_share_pct":22.5,"brand_units":391104,"category_units":1485736,"units_share_pct":26.3}],"share_of_category_trend":{"FLOWER":[{"period":"2024-01","brand_revenue":346342.734375,"category_revenue":3552357.8125,"share_pct":9.699999809265137},{"period":"2024-02","brand_revenue":298186.328125,"category_revenue":3535245.625,"share_pct":8.399999618530273},{"period":"2024-03","brand_revenue":298045.01953125,"category_revenue":3693805.625,"share_pct":8.100000381469727},{"period":"2024-04","brand_revenue":308046.953125,"category_revenue":3541899.6875,"share_pct":8.699999809265137},{"period":"2024-05","brand_revenue":291034.27734375,"category_revenue":3537479.375,"share_pct":8.199999809265137},{"period":"2024-06","brand_revenue":227291.07421875,"category_revenue":3403269.6875,"share_pct":6.699999809265137},{"period":"2024-07","brand_revenue":356376.09375,"category_revenue":3457705.9375,"share_pct":10.300000190734863},{"period":"2024-08","brand_revenue":233141.4453125,"category_revenue":3453819.375,"share_pct":6.800000190734863},{"period":"2024-09","brand_revenue":167881.77734375,"category_revenue":3316441.5625,"share_pct":5.099999904632568},{"period":"2024-10","brand_revenue":219707.3046875,"category_revenue":3585775.0,"share_pct":6.099999904632568},{"period":"2024-11","brand_revenue":224773.84765625,"category_revenue":3454855.3125,"share_pct":6.5},{"period":"2024-12","brand_revenue":220434.765625,"category_revenue":3226567.8125,"share_pct":6.800000190734863},{"period":"2025-01","brand_revenue":355594.8828125,"category_revenue":2984938.125,"share_pct":11.899999618530273},{"period":"2025-02","brand_revenue":213320.7421875,"category_revenue":2816220.0,"share_pct":7.599999904632568},{"period":"2025-03","brand_revenue":195651.484375,"category_revenue":2911379.6875,"share_pct":6.699999809265137},{"period":"2025-04","brand_revenue":230441.23046875,"category_revenue":3118895.3125,"share_pct":7.400000095367432},{"period":"2025-05","brand_revenue":182770.91796875,"category_revenue":2887345.0,"share_pct":6.300000190734863},{"period":"2025-06","brand_revenue":216432.6953125,"category_revenue":2773698.125,"share_pct":7.800000190734863},{"period":"2025-07","brand_revenue":198297.59765625,"category_revenue":2782763.125,"share_pct":7.099999904632568},{"period":"2025-08","brand_revenue":168026.81640625,"category_revenue":2733122.8125,"share_pct":6.099999904632568},{"period":"2025-09","brand_revenue":126242.373046875,"category_revenue":2603501.5625,"share_pct":4.800000190734863},{"period":"2025-10","brand_revenue":253965.1953125,"category_revenue":2663705.0,"share_pct":9.5},{"period":"2025-11","brand_revenue":207410.99609375,"category_revenue":2700189.0625,"share_pct":7.699999809265137},{"period":"2025-12","brand_revenue":252353.69140625,"category_revenue":2515209.53125,"share_pct":10.0},{"period":"2026-01","brand_revenue":272108.92578125,"category_revenue":2505261.875,"share_pct":10.899999618530273}],"PRE ROLL":[{"period":"2024-01","brand_revenue":54036.42578125,"category_revenue":508338.515625,"share_pct":10.600000381469727},{"period":"2024-02","brand_revenue":60889.6240234375,"category_revenue":489393.671875,"share_pct":12.399999618530273},{"period":"2024-03","brand_revenue":55135.3515625,"category_revenue":520052.3828125,"share_pct":10.600000381469727},{"period":"2024-04","brand_revenue":56560.849609375,"category_revenue":491300.6640625,"share_pct":11.5},{"period":"2024-05","brand_revenue":54916.77734375,"category_revenue":542202.890625,"share_pct":10.100000381469727},{"period":"2024-06","brand_revenue":63351.4990234375,"category_revenue":507288.8671875,"share_pct":12.5},{"period":"2024-07","brand_revenue":74091.6748046875,"category_revenue":524250.9765625,"share_pct":14.100000381469727},{"period":"2024-08","brand_revenue":147344.951171875,"category_revenue":612518.7109375,"share_pct":24.100000381469727},{"period":"2024-09","brand_revenue":146129.8046875,"category_revenue":586543.0078125,"share_pct":24.899999618530273},{"period":"2024-10","brand_revenue":155078.701171875,"category_revenue":641449.1796875,"share_pct":24.200000762939453},{"period":"2024-11","brand_revenue":166672.55859375,"category_revenue":579866.71875,"share_pct":28.700000762939453},{"period":"2024-12","brand_revenue":157971.97265625,"category_revenue":582999.5703125,"share_pct":27.100000381469727},{"period":"2025-01","brand_revenue":154643.876953125,"category_revenue":544095.3125,"share_pct":28.399999618530273},{"period":"2025-02","brand_revenue":152753.623046875,"category_revenue":500875.5859375,"share_pct":30.5},{"period":"2025-03","brand_revenue":176552.3828125,"category_revenue":551422.0703125,"share_pct":32.0},{"period":"2025-04","brand_revenue":146678.02734375,"category_revenue":568189.375,"share_pct":25.799999237060547},{"period":"2025-05","brand_revenue":168847.734375,"category_revenue":565516.875,"share_pct":29.899999618530273},{"period":"2025-06","brand_revenue":150770.751953125,"category_revenue":560506.71875,"share_pct":26.899999618530273},{"period":"2025-07","brand_revenue":188321.42578125,"category_revenue":600916.09375,"share_pct":31.299999237060547},{"period":"2025-08","brand_revenue":138954.677734375,"category_revenue":620247.5,"share_pct":22.399999618530273},{"period":"2025-09","brand_revenue":137310.322265625,"category_revenue":608971.09375,"share_pct":22.5},{"period":"2025-10","brand_revenue":170793.359375,"category_revenue":645293.1640625,"share_pct":26.5},{"period":"2025-11","brand_revenue":110352.24609375,"category_revenue":581113.4765625,"share_pct":19.0},{"period":"2025-12","brand_revenue":126218.125,"category_revenue":553088.5546875,"share_pct":22.799999237060547},{"period":"2026-01","brand_revenue":137458.427734375,"category_revenue":523350.9375,"share_pct":26.299999237060547}]},"velocity_by_category":[{"category":"PRE ROLL","brand_units_per_day":513.26,"category_avg_units_per_day":42.38,"velocity_index":1210.9,"brand_rev_per_unit":6.45,"category_rev_per_unit":7.54,"brands_in_category":46},{"category":"FLOWER","brand_units_per_day":260.8,"category_avg_units_per_day":55.54,"velocity_index":469.6,"brand_rev_per_unit":24.41,"category_rev_per_unit":22.97,"brands_in_category":64}],"store_gaps":[],"product_mix":{"top":[{"product":"CHEMICAL COMPOUND EIGHTH - PISTOLA","units":98114,"revenue":2948152.1875,"cost":1058404.765625,"profit":1889747.34375,"stores":7,"transactions":58434,"margin":64.0999984741211},{"product":"GMO OTTER POPPZ EIGHTH - PISTOLA","units":70764,"revenue":2126354.53125,"cost":763366.640625,"profit":1362987.8125,"stores":7,"transactions":40402,"margin":64.0999984741211},{"product":"CHEMICAL COMPOUND BALAS - PISTOLA","units":173670,"revenue":1404892.96875,"cost":868350.0,"profit":536542.890625,"stores":7,"transactions":101378,"margin":38.20000076293945},{"product":"GMO OTTER POPPZ BALAS - PISTOLA","units":158102,"revenue":1266378.75,"cost":790510.0,"profit":475868.7109375,"stores":7,"transactions":87230,"margin":37.599998474121094},{"product":"ORANGE RAINBOW EIGHTH - PISTOLA","units":11434,"revenue":335484.921875,"cost":123344.27734375,"profit":212140.64453125,"stores":7,"transactions":7770,"margin":63.20000076293945},{"product":"CHERRY MIMOSA EIGHTH - PISTOLA","units":8770,"revenue":260212.16796875,"cost":94606.376953125,"profit":165605.80078125,"stores":7,"transactions":5956,"margin":63.599998474121094},{"product":"GRAND DADS OG BALAS - PISTOLA","units":24266,"revenue":192006.09375,"cost":121330.0,"profit":70676.0986328125,"stores":7,"transactions":18332,"margin":36.79999923706055},{"product":"ORANGE RAINBOW BALAS - PISTOLA","units":20164,"revenue":167003.28125,"cost":100820.0,"profit":66183.2763671875,"stores":7,"transactions":13806,"margin":39.599998474121094},{"product":"CHEMICAL COMPOUND HALF OUNCE - PISTOLA","units":908,"revenue":90348.125,"cost":9795.050048828125,"profit":80553.076171875,"stores":3,"transactions":790,"margin":89.19999694824219},{"product":"GRAPE BISCOTTI COOKIES EIGHTH - PISTOLA","units":3050,"revenue":89645.99609375,"cost":32901.875,"profit":56744.12109375,"stores":7,"transactions":2440,"margin":63.29999923706055},{"product":"CHEMICAL COMPOUND BAKERS BATCH - PISTOLA","units":1336,"revenue":81513.75,"cost":14412.099609375,"profit":67101.650390625,"stores":1,"transactions":1242,"margin":82.30000305175781},{"product":"CHERRY MIMOSA BALAS - PISTOLA","units":9544,"revenue":77833.125,"cost":47720.0,"profit":30113.125,"stores":7,"transactions":5806,"margin":38.70000076293945},{"product":"GRAND DADS OG EIGHTH - PISTOLA","units":1722,"revenue":41283.65234375,"cost":18576.075439453125,"profit":22707.57568359375,"stores":7,"transactions":1170,"margin":55.0},{"product":"APPLES & BANANAS EIGHTH - PISTOLA","units":1536,"revenue":36181.55029296875,"cost":16569.599609375,"profit":19611.949462890625,"stores":6,"transactions":1028,"margin":54.20000076293945},{"product":"GRAPE BISCOTTI COOKIES BALAS - PISTOLA","units":3046,"revenue":24737.64892578125,"cost":15230.0,"profit":9507.650146484375,"stores":6,"transactions":2032,"margin":38.400001525878906},{"product":"GMO OTTER POPPZ OUNCE - PISTOLA","units":118,"revenue":23616.25,"cost":1272.925033569336,"profit":22343.3251953125,"stores":1,"transactions":110,"margin":94.5999984741211},{"product":"SOUR DIESEL X OG KUSH EIGHTH - PISTOLA","units":344,"revenue":11150.94970703125,"cost":3710.8999633789062,"profit":7440.0494384765625,"stores":3,"transactions":252,"margin":66.69999694824219},{"product":"HEADLOCK BALAS - PISTOLA","units":1168,"revenue":9097.849731445312,"cost":5840.0,"profit":3257.8500366210938,"stores":5,"transactions":856,"margin":35.79999923706055},{"product":"BISCOTTI EIGHTH - PISTOLA","units":244,"revenue":8666.25,"cost":2632.1499633789062,"profit":6034.0997314453125,"stores":4,"transactions":162,"margin":69.5999984741211},{"product":"SUPER BUFF CHERRY EIGHTH - PISTOLA","units":204,"revenue":6577.2998046875,"cost":2200.6500244140625,"profit":4376.6497802734375,"stores":5,"transactions":144,"margin":66.5}],"bottom":[{"product":"GRAPE BISCOTTI COOKIES BALAS - PISTOLA","units":3046,"revenue":24737.64892578125,"cost":15230.0,"profit":9507.650146484375,"stores":6,"transactions":2032,"margin":38.400001525878906},{"product":"GMO OTTER POPPZ OUNCE - PISTOLA","units":118,"revenue":23616.25,"cost":1272.925033569336,"profit":22343.3251953125,"stores":1,"transactions":110,"margin":94.5999984741211},{"product":"SOUR DIESEL X OG KUSH EIGHTH - PISTOLA","units":344,"revenue":11150.94970703125,"cost":3710.8999633789062,"profit":7440.0494384765625,"stores":3,"transactions":252,"margin":66.69999694824219},{"product":"HEADLOCK BALAS - PISTOLA","units":1168,"revenue":9097.849731445312,"cost":5840.0,"profit":3257.8500366210938,"stores":5,"transactions":856,"margin":35.79999923706055},{"product":"BISCOTTI EIGHTH - PISTOLA","units":244,"revenue":8666.25,"cost":2632.1499633789062,"profit":6034.0997314453125,"stores":4,"transactions":162,"margin":69.5999984741211},{"product":"SUPER BUFF CHERRY EIGHTH - PISTOLA","units":204,"revenue":6577.2998046875,"cost":2200.6500244140625,"profit":4376.6497802734375,"stores":5,"transactions":144,"margin":66.5},{"product":"WEDDING CRASHER BALAS - PISTOLA","units":746,"revenue":6455.4998779296875,"cost":3730.0,"profit":2725.4998779296875,"stores":4,"transactions":526,"margin":42.20000076293945},{"product":"WEDDING CRASHER EIGHTH - PISTOLA","units":136,"revenue":4070.4998779296875,"cost":1467.1000671386719,"profit":2603.3999633789062,"stores":1,"transactions":120,"margin":64.0},{"product":"GRAND DADS OG BALAS 1G - PISTOLA","units":398,"revenue":3430.0,"cost":1990.0,"profit":1440.0,"stores":3,"transactions":272,"margin":42.0},{"product":"CHEMICAL COMPOUND GRAM - PISTOLA","units":48,"revenue":620.9999847412109,"cost":517.7999877929688,"profit":103.19997787475586,"stores":1,"transactions":48,"margin":16.600000381469727}],"expansion":[{"product":"CHEMICAL COMPOUND HALF OUNCE - PISTOLA","current_stores":3,"total_stores":7,"missing_stores":["Elevation Downtown","Elevation Midtown","Elevation Boulevard","Elevation Parkway"],"revenue":90348.125},{"product":"APPLES & BANANAS EIGHTH - PISTOLA","current_stores":6,"total_stores":7,"missing_stores":["Elevation Downtown"],"revenue":36181.55029296875},{"product":"GRAPE BISCOTTI COOKIES BALAS - PISTOLA","current_stores":6,"total_stores":7,"missing_stores":["Elevation Downtown"],"revenue":24737.64892578125},{"product":"SOUR DIESEL X OG KUSH EIGHTH - PISTOLA","current_stores":3,"total_stores":7,"missing_stores":["Elevation Downtown","Elevation Midtown","Elevation Boulevard","Elevation Parkway"],"revenue":11150.94970703125},{"product":"HEADLOCK BALAS - PISTOLA","current_stores":5,"total_stores":7,"missing_stores":["Elevation Downtown","Elevation Parkway"],"revenue":9097.849731445312},{"product":"BISCOTTI EIGHTH - PISTOLA","current_stores":4,"total_stores":7,"missing_stores":["Elevation Downtown","Elevation Boulevard","Elevation Parkway"],"revenue":8666.25},{"product":"SUPER BUFF CHERRY EIGHTH - PISTOLA","current_stores":5,"total_stores":7,"missing_stores":["Elevation Springs","Elevation Downtown"],"revenue":6577.2998046875},{"product":"WEDDING CRASHER BALAS - PISTOLA","current_stores":4,"total_stores":7,"missing_stores":["Elevation Downtown","Elevation Midtown","Elevation Parkway"],"revenue":6455.4998779296875},{"product":"GRAND DADS OG BALAS 1G - PISTOLA","current_stores":3,"total_stores":7,"missing_stores":["Elevation Springs","Elevation Mesa","Elevation Downtown","Elevation Boulevard"],"revenue":3430.0}]},"pricing_consistency":[{"product":"APPLES & BANANAS EIGHTH - PISTOLA","min_price":44.5,"max_price":57.23684210526316,"avg_price":48.41838615042229,"std_dev":1.8666956923381886,"store_count":12,"price_range":12.736842105263158,"range_pct":26.3},{"product":"GRAND DADS OG EIGHTH - PISTOLA","min_price":44.26326807642962,"max_price":55.28481012658227,"avg_price":50.57730664975018,"std_dev":1.9025716118194125,"store_count":14,"price_range":11.021542050152657,"range_pct":21.8},{"product":"BISCOTTI EIGHTH - PISTOLA","min_price":60.0,"max_price":73.8,"avg_price":68.22678571428571,"std_dev":2.3815185517322557,"store_count":8,"price_range":13.799999999999999,"range_pct":20.2},{"product":"SUPER BUFF CHERRY EIGHTH - PISTOLA","min_price":61.25,"max_price":72.23214285714286,"avg_price":65.21346529198702,"std_dev":1.758774139910409,"store_count":10,"price_range":10.982142857142856,"range_pct":16.8},{"product":"CHERRY MIMOSA BALAS - PISTOLA","min_price":14.640209357548121,"max_price":17.135527583030246,"avg_price":16.138476238242987,"std_dev":0.3439245256507542,"store_count":14,"price_range":2.495318225482124,"range_pct":15.5},{"product":"GMO OTTER POPPZ EIGHTH - PISTOLA","min_price":53.458029197080286,"max_price":62.52349087424531,"avg_price":59.83669434306297,"std_dev":1.2557036775217865,"store_count":14,"price_range":9.065461677165025,"range_pct":15.2},{"product":"GRAPE BISCOTTI COOKIES EIGHTH - PISTOLA","min_price":55.04480286738351,"max_price":63.526347867018885,"avg_price":58.92133147708414,"std_dev":1.4214713493279894,"store_count":14,"price_range":8.481544999635373,"range_pct":14.4},{"product":"WEDDING CRASHER BALAS - PISTOLA","min_price":16.46590839732777,"max_price":18.398058252427184,"avg_price":17.261082136727946,"std_dev":0.3305767570241565,"store_count":8,"price_range":1.9321498550994143,"range_pct":11.2},{"product":"CHEMICAL COMPOUND EIGHTH - PISTOLA","min_price":55.03702090592334,"max_price":61.19081837113257,"avg_price":59.35574689476368,"std_dev":0.8270113016921555,"store_count":14,"price_range":6.153797465209232,"range_pct":10.4},{"product":"ORANGE RAINBOW BALAS - PISTOLA","min_price":15.68891023334704,"max_price":17.292567447596745,"avg_price":16.543649126363057,"std_dev":0.20286158430813067,"store_count":14,"price_range":1.6036572142497052,"range_pct":9.7},{"product":"CHERRY MIMOSA EIGHTH - PISTOLA","min_price":58.04441826653587,"max_price":63.702229299363054,"avg_price":60.12766944069568,"std_dev":0.7538998288153331,"store_count":14,"price_range":5.657811032827187,"range_pct":9.4},{"product":"GRAND DADS OG BALAS - PISTOLA","min_price":14.839673249617867,"max_price":16.279517069475762,"avg_price":15.586574392081435,"std_dev":0.19321966537562418,"store_count":14,"price_range":1.4398438198578956,"range_pct":9.2},{"product":"ORANGE RAINBOW EIGHTH - PISTOLA","min_price":54.9254750997823,"max_price":59.966828532417196,"avg_price":57.86749580551017,"std_dev":0.7390638483417811,"store_count":14,"price_range":5.041353432634903,"range_pct":8.7},{"product":"GRAPE BISCOTTI COOKIES BALAS - PISTOLA","min_price":15.301820868687914,"max_price":16.660713922409784,"avg_price":16.160995328102533,"std_dev":0.2316352935088726,"store_count":12,"price_range":1.3588930537218702,"range_pct":8.4},{"product":"CHEMICAL COMPOUND BALAS - PISTOLA","min_price":15.449790656346806,"max_price":16.415627541495695,"avg_price":15.964434518816024,"std_dev":0.15108373835776695,"store_count":14,"price_range":0.9658368851488874,"range_pct":6.0},{"product":"SOUR DIESEL X OG KUSH EIGHTH - PISTOLA","min_price":63.76436781609195,"max_price":67.5,"avg_price":65.34288459316691,"std_dev":0.7735444896455173,"store_count":6,"price_range":3.7356321839080486,"range_pct":5.7},{"product":"CHEMICAL COMPOUND HALF OUNCE - PISTOLA","min_price":192.4193548387097,"max_price":203.30729166666669,"avg_price":199.10646281362008,"std_dev":2.341725175890879,"store_count":6,"price_range":10.887936827956999,"range_pct":5.5},{"product":"HEADLOCK BALAS - PISTOLA","min_price":15.113207259268131,"max_price":15.889999389648438,"avg_price":15.5572674339497,"std_dev":0.1292895480723446,"store_count":10,"price_range":0.776792130380306,"range_pct":5.0},{"product":"GRAND DADS OG BALAS 1G - PISTOLA","min_price":16.91358024691358,"max_price":17.641024467272636,"avg_price":17.307230978494232,"std_dev":0.1469590095613683,"store_count":6,"price_range":0.727444220359057,"range_pct":4.2},{"product":"GMO OTTER POPPZ BALAS - PISTOLA","min_price":15.630394061163715,"max_price":16.126188640636464,"avg_price":15.98201691678932,"std_dev":0.07545334928223212,"store_count":14,"price_range":0.4957945794727481,"range_pct":3.1}],"promotional_effectiveness":{"lift":{"fp_units_per_day":110.48,"disc_units_per_day":667.06,"lift_pct":503.7,"fp_avg_revenue_per_unit":27.799999999999997,"disc_avg_revenue_per_unit":31.8},"by_deal":[{"deal_name":"Stock & Save - PR - 5 for $30","uses":18625,"revenue":941129.9499678612,"discounts":417158.79997730255,"units":125423.0,"cost":627115.0,"margin":33.4,"discount_depth":61.4},{"deal_name":"50% Off Chemical Compound / Sour Banana Sherbet","uses":15851,"revenue":1517953.8499760628,"discounts":1523508.650021553,"units":48671.0,"cost":525038.4186172485,"margin":65.4,"discount_depth":100.2},{"deal_name":"Stock & Save - 1/4 for $50","uses":14046,"revenue":1967040.3625059128,"discounts":1216759.6375131607,"units":62966.0,"cost":679245.7332968712,"margin":65.5,"discount_depth":76.4},{"deal_name":"Industry - 30% Off","uses":13019,"revenue":353915.84013938904,"discounts":152886.66518449783,"units":39352.0,"cost":207814.1252374649,"margin":41.3,"discount_depth":60.4},{"deal_name":"Lit4Less - PR - 5 for $30","uses":12505,"revenue":605067.5500111282,"discounts":299252.4499940872,"units":80811.0,"cost":404055.0,"margin":33.2,"discount_depth":66.2},{"deal_name":"Lit4Less - 1/4 for $50","uses":3945,"revenue":501581.7374897003,"discounts":293774.51249599457,"units":16081.0,"cost":173473.78958940506,"margin":65.4,"discount_depth":73.8},{"deal_name":"1/4 for $40 - 1/2 For $70 CC / GMO Otterpopz","uses":3166,"revenue":433373.7625064949,"discounts":469124.1541655859,"units":18438.333333333332,"cost":198903.52329611778,"margin":54.1,"discount_depth":104.0},{"deal_name":"Industry 30% Off","uses":2562,"revenue":114358.27581375837,"discounts":49289.22534108162,"units":7412.0,"cost":49225.32529950142,"margin":57.0,"discount_depth":60.2},{"deal_name":"Senior - 10% Off","uses":1878,"revenue":72239.48874592781,"discounts":8925.512425601482,"units":5051.0,"cost":27975.12505531311,"margin":61.3,"discount_depth":22.0},{"deal_name":"420 2025 - 60% Off","uses":1762,"revenue":100770.62483549118,"discounts":152384.37545895576,"units":8570.0,"cost":66300.95044851303,"margin":34.2,"discount_depth":120.4},{"deal_name":"GW - 60% OFF Elevation House Flower","uses":1205,"revenue":64115.975249409676,"discounts":96291.52539372444,"units":7000.0,"cost":48079.75025653839,"margin":25.0,"discount_depth":120.0},{"deal_name":"G+G / Pistola - 1/4 for $35 - 1/2 for $60","uses":1185,"revenue":134287.8125,"discounts":194105.93749523163,"units":6748.0,"cost":72794.0509390831,"margin":45.8,"discount_depth":118.2},{"deal_name":"Veterans - 10% Off","uses":1150,"revenue":35514.22576069832,"discounts":4257.024957388639,"units":3029.0,"cost":16007.337516943615,"margin":54.9,"discount_depth":21.4},{"deal_name":"Senior / Veterans - 20% Off","uses":1039,"revenue":35143.46213698387,"discounts":9597.787417173386,"units":3041.0,"cost":16512.975026369095,"margin":53.0,"discount_depth":43.0},{"deal_name":"Spark the Summer Sale","uses":1019,"revenue":61079.500324726105,"discounts":40805.49983084202,"units":4200.0,"cost":29264.55017566681,"margin":52.1,"discount_depth":80.2},{"deal_name":"G+G / Pistola / HAUS 1/4 for $50","uses":866,"revenue":118654.62499976158,"discounts":114857.8750038147,"units":3797.0,"cost":40960.13801574707,"margin":65.5,"discount_depth":98.4},{"deal_name":"60% Off Internal - G2B","uses":843,"revenue":37242.57489442825,"discounts":55917.42533445358,"units":4196.0,"cost":27635.62514066696,"margin":25.8,"discount_depth":120.0},{"deal_name":"Jackpot - Locals 30% Off","uses":703,"revenue":24611.02512359619,"discounts":10685.225129723549,"units":2361.0,"cost":12893.05002450943,"margin":47.6,"discount_depth":60.6},{"deal_name":"35% Off G+G / Haus / Pistola","uses":685,"revenue":27911.74972295761,"discounts":14925.750129818916,"units":2358.0,"cost":13827.20004081726,"margin":50.5,"discount_depth":69.6},{"deal_name":"30% Off Special","uses":658,"revenue":43673.07495832443,"discounts":18961.925019025803,"units":1569.0,"cost":15328.237681388855,"margin":64.9,"discount_depth":60.6}]},"growth_opportunities":[{"type":"sku_expansion","title":"Add 'APPLES & BANANAS EIGHTH - PISTOLA' to 1 more store(s)","detail":"Carried in 6 stores. Missing from: Elevation Downtown","priority":"medium"},{"type":"sku_expansion","title":"Add 'BISCOTTI EIGHTH - PISTOLA' to 3 more store(s)","detail":"Carried in 4 stores. Missing from: Elevation Downtown, Elevation Boulevard, Elevation Parkway","priority":"medium"},{"type":"sku_expansion","title":"Add 'CHEMICAL COMPOUND HALF OUNCE - PISTOLA' to 4 more store(s)","detail":"Carried in 3 stores. Missing from: Elevation Downtown, Elevation Midtown, Elevation Boulevard, Elevation Parkway","priority":"medium"},{"type":"sku_expansion","title":"Add 'GRAND DADS OG BALAS 1G - PISTOLA' to 4 more store(s)","detail":"Carried in 3 stores. Missing from: Elevation Springs, Elevation Mesa, Elevation Downtown, Elevation Boulevard","priority":"medium"},{"type":"sku_expansion","title":"Add 'GRAPE BISCOTTI COOKIES BALAS - PISTOLA' to 1 more store(s)","detail":"Carried in 6 stores. Missing from: Elevation Downtown","priority":"medium"}],"trend":[{"period":"2024-01","revenue":400379.1796875,"cost":149126.50390625,"margin":62.8,"units":17278,"transactions":10540,"profit":251252.65625,"revenue_change_pct":null,"units_change_pct":null,"margin_change_pts":null},{"period":"2024-02","revenue":359075.9375,"cost":136900.927734375,"margin":61.9,"units":16502,"transactions":9790,"profit":222175.01953125,"revenue_change_pct":-10.3,"units_change_pct":-4.5,"margin_change_pts":-0.9},{"period":"2024-03","revenue":353180.390625,"cost":131734.00390625,"margin":62.7,"units":15420,"transactions":9686,"profit":221446.3671875,"revenue_change_pct":-1.6,"units_change_pct":-6.6,"margin_change_pts":0.8},{"period":"2024-04","revenue":364607.8125,"cost":145566.42578125,"margin":60.1,"units":17448,"transactions":10212,"profit":219041.3671875,"revenue_change_pct":3.2,"units_change_pct":13.2,"margin_change_pts":-2.6},{"period":"2024-05","revenue":345951.0546875,"cost":129111.298828125,"margin":62.7,"units":15164,"transactions":9670,"profit":216839.74609375,"revenue_change_pct":-5.1,"units_change_pct":-13.1,"margin_change_pts":2.6},{"period":"2024-06","revenue":290642.578125,"cost":110975.09765625,"margin":61.8,"units":14074,"transactions":9180,"profit":179667.4609375,"revenue_change_pct":-16.0,"units_change_pct":-7.2,"margin_change_pts":-0.9},{"period":"2024-07","revenue":430467.734375,"cost":144796.298828125,"margin":66.4,"units":17838,"transactions":10914,"profit":285671.4453125,"revenue_change_pct":48.1,"units_change_pct":26.7,"margin_change_pts":4.5},{"period":"2024-08","revenue":380486.40625,"cost":170641.1328125,"margin":55.2,"units":25528,"transactions":12112,"profit":209845.2734375,"revenue_change_pct":-11.6,"units_change_pct":43.1,"margin_change_pts":-11.2},{"period":"2024-09","revenue":314011.58203125,"cost":148620.52734375,"margin":52.7,"units":23550,"transactions":11266,"profit":165391.03515625,"revenue_change_pct":-17.5,"units_change_pct":-7.7,"margin_change_pts":-2.5},{"period":"2024-10","revenue":374786.015625,"cost":172118.3203125,"margin":54.1,"units":26342,"transactions":12160,"profit":202667.67578125,"revenue_change_pct":19.4,"units_change_pct":11.9,"margin_change_pts":1.4},{"period":"2024-11","revenue":391446.40625,"cost":205318.90625,"margin":47.5,"units":31776,"transactions":14002,"profit":186127.5,"revenue_change_pct":4.4,"units_change_pct":20.6,"margin_change_pts":-6.5},{"period":"2024-12","revenue":378406.7578125,"cost":175373.671875,"margin":53.7,"units":27044,"transactions":12664,"profit":203033.06640625,"revenue_change_pct":-3.3,"units_change_pct":-14.9,"margin_change_pts":6.1},{"period":"2025-01","revenue":510238.7890625,"cost":217123.7109375,"margin":57.4,"units":30470,"transactions":13924,"profit":293115.05859375,"revenue_change_pct":34.8,"units_change_pct":12.7,"margin_change_pts":3.8},{"period":"2025-02","revenue":366074.375,"cost":167360.8984375,"margin":54.3,"units":25666,"transactions":11764,"profit":198713.4765625,"revenue_change_pct":-28.3,"units_change_pct":-15.8,"margin_change_pts":-3.2},{"period":"2025-03","revenue":372203.8671875,"cost":176130.44921875,"margin":52.7,"units":28082,"transactions":12686,"profit":196073.3984375,"revenue_change_pct":1.7,"units_change_pct":9.4,"margin_change_pts":-1.6},{"period":"2025-04","revenue":377119.2578125,"cost":196976.77734375,"margin":47.8,"units":29170,"transactions":13262,"profit":180142.4609375,"revenue_change_pct":1.3,"units_change_pct":3.9,"margin_change_pts":-4.9},{"period":"2025-05","revenue":351618.6328125,"cost":164511.81640625,"margin":53.2,"units":26256,"transactions":12162,"profit":187106.81640625,"revenue_change_pct":-6.8,"units_change_pct":-10.0,"margin_change_pts":5.4},{"period":"2025-06","revenue":367203.4375,"cost":168480.68359375,"margin":54.1,"units":25758,"transactions":12238,"profit":198722.7734375,"revenue_change_pct":4.4,"units_change_pct":-1.9,"margin_change_pts":0.9},{"period":"2025-07","revenue":386619.0234375,"cost":181365.17578125,"margin":53.1,"units":29122,"transactions":12948,"profit":205253.84765625,"revenue_change_pct":5.3,"units_change_pct":13.1,"margin_change_pts":-1.0},{"period":"2025-08","revenue":306981.50390625,"cost":141217.373046875,"margin":54.0,"units":22074,"transactions":10744,"profit":165764.12109375,"revenue_change_pct":-20.6,"units_change_pct":-24.2,"margin_change_pts":0.9},{"period":"2025-09","revenue":263552.6953125,"cost":121853.271484375,"margin":53.8,"units":20118,"transactions":10014,"profit":141699.423828125,"revenue_change_pct":-14.1,"units_change_pct":-8.9,"margin_change_pts":-0.2},{"period":"2025-10","revenue":424758.5546875,"cost":205790.15625,"margin":51.6,"units":30134,"transactions":13298,"profit":218968.3984375,"revenue_change_pct":61.2,"units_change_pct":49.8,"margin_change_pts":-2.2},{"period":"2025-11","revenue":317763.2421875,"cost":157126.50390625,"margin":50.6,"units":22582,"transactions":10596,"profit":160636.748046875,"revenue_change_pct":-25.2,"units_change_pct":-25.1,"margin_change_pts":-1.0},{"period":"2025-12","revenue":378571.8359375,"cost":184334.453125,"margin":51.3,"units":25278,"transactions":12240,"profit":194237.36328125,"revenue_change_pct":19.1,"units_change_pct":11.9,"margin_change_pts":0.8},{"period":"2026-01","revenue":409567.34375,"cost":196743.9453125,"margin":52.0,"units":27158,"transactions":11882,"profit":212823.3984375,"revenue_change_pct":8.2,"units_change_pct":7.4,"margin_change_pts":0.7}]}