{"brand":"PISTOLA","date_range":"2024-01-01 00:00:00 to 2026-01-31 00:00:00","period_label":"All Time","summary":{"total_units":589832,"total_revenue":9215714.375,"total_cost":4099298.125,"total_discounts":5910895.625,"total_profit":5116415.625,"overall_margin":55.5,"fp_margin":61.29999923706055,"disc_margin":54.70000076293945,"pct_full_price":12.399999618530273,"avg_discount_rate":39.099998474121094,"fp_revenue":1142650.0,"disc_revenue":8073064.375,"unique_customers":100428,"brand":"PISTOLA","date_range":"2024-01-01 00:00:00 to 2026-01-31 00:00:00","months_count":50,"avg_monthly_cost":163971.92500000002,"cost_per_unit":13.899999999999999,"primary_category":"FLOWER","primary_cat_margin":54.099998474121094,"category_rank":3,"category_total":64,"margin_vs_category":1.399999976158142,"velocity_rank":4},"category_breakdown":[{"category_clean":"FLOWER","units":198728,"revenue":6063879.375,"cost":2143778.28125,"profit":3920100.625,"discounts":4790715.625,"margin":64.5999984741211,"category_avg_margin":54.099998474121094,"vs_category":10.5,"rank":3.0,"total_brands":64.0},{"category_clean":"PRE ROLL","units":391104,"revenue":3151835.0,"cost":1955520.0,"profit":1196315.15625,"discounts":1120179.84375,"margin":38.0,"category_avg_margin":48.29999923706055,"vs_category":-10.3,"rank":1.0,"total_brands":46.0}],"trend":[{"period":"2024-01","revenue":400379.1796875,"cost":149126.50390625,"margin":62.8,"units":17278,"transactions":10540,"profit":251252.65625,"revenue_change_pct":null,"units_change_pct":null,"margin_change_pts":null},{"period":"2024-02","revenue":359075.9375,"cost":136900.927734375,"margin":61.9,"units":16502,"transactions":9790,"profit":222175.01953125,"revenue_change_pct":-10.3,"units_change_pct":-4.5,"margin_change_pts":-0.9},{"period":"2024-03","revenue":353180.390625,"cost":131734.00390625,"margin":62.7,"units":15420,"transactions":9686,"profit":221446.3671875,"revenue_change_pct":-1.6,"units_change_pct":-6.6,"margin_change_pts":0.8},{"period":"2024-04","revenue":364607.8125,"cost":145566.42578125,"margin":60.1,"units":17448,"transactions":10212,"profit":219041.3671875,"revenue_change_pct":3.2,"units_change_pct":13.2,"margin_change_pts":-2.6},{"period":"2024-05","revenue":345951.0546875,"cost":129111.298828125,"margin":62.7,"units":15164,"transactions":9670,"profit":216839.74609375,"revenue_change_pct":-5.1,"units_change_pct":-13.1,"margin_change_pts":2.6},{"period":"2024-06","revenue":290642.578125,"cost":110975.09765625,"margin":61.8,"units":14074,"transactions":9180,"profit":179667.4609375,"revenue_change_pct":-16.0,"units_change_pct":-7.2,"margin_change_pts":-0.9},{"period":"2024-07","revenue":430467.734375,"cost":144796.298828125,"margin":66.4,"units":17838,"transactions":10914,"profit":285671.4453125,"revenue_change_pct":48.1,"units_change_pct":26.7,"margin_change_pts":4.5},{"period":"2024-08","revenue":380486.40625,"cost":170641.1328125,"margin":55.2,"units":25528,"transactions":12112,"profit":209845.2734375,"revenue_change_pct":-11.6,"units_change_pct":43.1,"margin_change_pts":-11.2},{"period":"2024-09","revenue":314011.58203125,"cost":148620.52734375,"margin":52.7,"units":23550,"transactions":11266,"profit":165391.03515625,"revenue_change_pct":-17.5,"units_change_pct":-7.7,"margin_change_pts":-2.5},{"period":"2024-10","revenue":374786.015625,"cost":172118.3203125,"margin":54.1,"units":26342,"transactions":12160,"profit":202667.67578125,"revenue_change_pct":19.4,"units_change_pct":11.9,"margin_change_pts":1.4},{"period":"2024-11","revenue":391446.40625,"cost":205318.90625,"margin":47.5,"units":31776,"transactions":14002,"profit":186127.5,"revenue_change_pct":4.4,"units_change_pct":20.6,"margin_change_pts":-6.5},{"period":"2024-12","revenue":378406.7578125,"cost":175373.671875,"margin":53.7,"units":27044,"transactions":12664,"profit":203033.06640625,"revenue_change_pct":-3.3,"units_change_pct":-14.9,"margin_change_pts":6.1},{"period":"2025-01","revenue":510238.7890625,"cost":217123.7109375,"margin":57.4,"units":30470,"transactions":13924,"profit":293115.05859375,"revenue_change_pct":34.8,"units_change_pct":12.7,"margin_change_pts":3.8},{"period":"2025-02","revenue":366074.375,"cost":167360.8984375,"margin":54.3,"units":25666,"transactions":11764,"profit":198713.4765625,"revenue_change_pct":-28.3,"units_change_pct":-15.8,"margin_change_pts":-3.2},{"period":"2025-03","revenue":372203.8671875,"cost":176130.44921875,"margin":52.7,"units":28082,"transactions":12686,"profit":196073.3984375,"revenue_change_pct":1.7,"units_change_pct":9.4,"margin_change_pts":-1.6},{"period":"2025-04","revenue":377119.2578125,"cost":196976.77734375,"margin":47.8,"units":29170,"transactions":13262,"profit":180142.4609375,"revenue_change_pct":1.3,"units_change_pct":3.9,"margin_change_pts":-4.9},{"period":"2025-05","revenue":351618.6328125,"cost":164511.81640625,"margin":53.2,"units":26256,"transactions":12162,"profit":187106.81640625,"revenue_change_pct":-6.8,"units_change_pct":-10.0,"margin_change_pts":5.4},{"period":"2025-06","revenue":367203.4375,"cost":168480.68359375,"margin":54.1,"units":25758,"transactions":12238,"profit":198722.7734375,"revenue_change_pct":4.4,"units_change_pct":-1.9,"margin_change_pts":0.9},{"period":"2025-07","revenue":386619.0234375,"cost":181365.17578125,"margin":53.1,"units":29122,"transactions":12948,"profit":205253.84765625,"revenue_change_pct":5.3,"units_change_pct":13.1,"margin_change_pts":-1.0},{"period":"2025-08","revenue":306981.50390625,"cost":141217.373046875,"margin":54.0,"units":22074,"transactions":10744,"profit":165764.12109375,"revenue_change_pct":-20.6,"units_change_pct":-24.2,"margin_change_pts":0.9},{"period":"2025-09","revenue":263552.6953125,"cost":121853.271484375,"margin":53.8,"units":20118,"transactions":10014,"profit":141699.423828125,"revenue_change_pct":-14.1,"units_change_pct":-8.9,"margin_change_pts":-0.2},{"period":"2025-10","revenue":424758.5546875,"cost":205790.15625,"margin":51.6,"units":30134,"transactions":13298,"profit":218968.3984375,"revenue_change_pct":61.2,"units_change_pct":49.8,"margin_change_pts":-2.2},{"period":"2025-11","revenue":317763.2421875,"cost":157126.50390625,"margin":50.6,"units":22582,"transactions":10596,"profit":160636.748046875,"revenue_change_pct":-25.2,"units_change_pct":-25.1,"margin_change_pts":-1.0},{"period":"2025-12","revenue":378571.8359375,"cost":184334.453125,"margin":51.3,"units":25278,"transactions":12240,"profit":194237.36328125,"revenue_change_pct":19.1,"units_change_pct":11.9,"margin_change_pts":0.8},{"period":"2026-01","revenue":409567.34375,"cost":196743.9453125,"margin":52.0,"units":27158,"transactions":11882,"profit":212823.3984375,"revenue_change_pct":8.2,"units_change_pct":7.4,"margin_change_pts":0.7}],"share_of_category":[{"category":"FLOWER","brand_revenue":6063878.75,"category_revenue":77755450.0,"revenue_share_pct":7.800000190734863,"brand_units":198728,"category_units":2708446,"units_share_pct":7.3},{"category":"PRE ROLL","brand_revenue":3151835.0,"category_revenue":14009791.25,"revenue_share_pct":22.5,"brand_units":391104,"category_units":1485736,"units_share_pct":26.3}],"share_of_category_trend":{"FLOWER":[{"period":"2024-01","brand_revenue":346342.734375,"category_revenue":3552357.8125,"share_pct":9.699999809265137},{"period":"2024-02","brand_revenue":298186.328125,"category_revenue":3535245.625,"share_pct":8.399999618530273},{"period":"2024-03","brand_revenue":298045.01953125,"category_revenue":3693805.625,"share_pct":8.100000381469727},{"period":"2024-04","brand_revenue":308046.953125,"category_revenue":3541899.6875,"share_pct":8.699999809265137},{"period":"2024-05","brand_revenue":291034.27734375,"category_revenue":3537479.375,"share_pct":8.199999809265137},{"period":"2024-06","brand_revenue":227291.07421875,"category_revenue":3403269.6875,"share_pct":6.699999809265137},{"period":"2024-07","brand_revenue":356376.09375,"category_revenue":3457705.9375,"share_pct":10.300000190734863},{"period":"2024-08","brand_revenue":233141.4453125,"category_revenue":3453819.375,"share_pct":6.800000190734863},{"period":"2024-09","brand_revenue":167881.77734375,"category_revenue":3316441.5625,"share_pct":5.099999904632568},{"period":"2024-10","brand_revenue":219707.3046875,"category_revenue":3585775.0,"share_pct":6.099999904632568},{"period":"2024-11","brand_revenue":224773.84765625,"category_revenue":3454855.3125,"share_pct":6.5},{"period":"2024-12","brand_revenue":220434.765625,"category_revenue":3226567.8125,"share_pct":6.800000190734863},{"period":"2025-01","brand_revenue":355594.8828125,"category_revenue":2984938.125,"share_pct":11.899999618530273},{"period":"2025-02","brand_revenue":213320.7421875,"category_revenue":2816220.0,"share_pct":7.599999904632568},{"period":"2025-03","brand_revenue":195651.484375,"category_revenue":2911379.6875,"share_pct":6.699999809265137},{"period":"2025-04","brand_revenue":230441.23046875,"category_revenue":3118895.3125,"share_pct":7.400000095367432},{"period":"2025-05","brand_revenue":182770.91796875,"category_revenue":2887345.0,"share_pct":6.300000190734863},{"period":"2025-06","brand_revenue":216432.6953125,"category_revenue":2773698.125,"share_pct":7.800000190734863},{"period":"2025-07","brand_revenue":198297.59765625,"category_revenue":2782763.125,"share_pct":7.099999904632568},{"period":"2025-08","brand_revenue":168026.81640625,"category_revenue":2733122.8125,"share_pct":6.099999904632568},{"period":"2025-09","brand_revenue":126242.373046875,"category_revenue":2603501.5625,"share_pct":4.800000190734863},{"period":"2025-10","brand_revenue":253965.1953125,"category_revenue":2663705.0,"share_pct":9.5},{"period":"2025-11","brand_revenue":207410.99609375,"category_revenue":2700189.0625,"share_pct":7.699999809265137},{"period":"2025-12","brand_revenue":252353.69140625,"category_revenue":2515209.53125,"share_pct":10.0},{"period":"2026-01","brand_revenue":272108.92578125,"category_revenue":2505261.875,"share_pct":10.899999618530273}],"PRE ROLL":[{"period":"2024-01","brand_revenue":54036.42578125,"category_revenue":508338.515625,"share_pct":10.600000381469727},{"period":"2024-02","brand_revenue":60889.6240234375,"category_revenue":489393.671875,"share_pct":12.399999618530273},{"period":"2024-03","brand_revenue":55135.3515625,"category_revenue":520052.3828125,"share_pct":10.600000381469727},{"period":"2024-04","brand_revenue":56560.849609375,"category_revenue":491300.6640625,"share_pct":11.5},{"period":"2024-05","brand_revenue":54916.77734375,"category_revenue":542202.890625,"share_pct":10.100000381469727},{"period":"2024-06","brand_revenue":63351.4990234375,"category_revenue":507288.8671875,"share_pct":12.5},{"period":"2024-07","brand_revenue":74091.6748046875,"category_revenue":524250.9765625,"share_pct":14.100000381469727},{"period":"2024-08","brand_revenue":147344.951171875,"category_revenue":612518.7109375,"share_pct":24.100000381469727},{"period":"2024-09","brand_revenue":146129.8046875,"category_revenue":586543.0078125,"share_pct":24.899999618530273},{"period":"2024-10","brand_revenue":155078.701171875,"category_revenue":641449.1796875,"share_pct":24.200000762939453},{"period":"2024-11","brand_revenue":166672.55859375,"category_revenue":579866.71875,"share_pct":28.700000762939453},{"period":"2024-12","brand_revenue":157971.97265625,"category_revenue":582999.5703125,"share_pct":27.100000381469727},{"period":"2025-01","brand_revenue":154643.876953125,"category_revenue":544095.3125,"share_pct":28.399999618530273},{"period":"2025-02","brand_revenue":152753.623046875,"category_revenue":500875.5859375,"share_pct":30.5},{"period":"2025-03","brand_revenue":176552.3828125,"category_revenue":551422.0703125,"share_pct":32.0},{"period":"2025-04","brand_revenue":146678.02734375,"category_revenue":568189.375,"share_pct":25.799999237060547},{"period":"2025-05","brand_revenue":168847.734375,"category_revenue":565516.875,"share_pct":29.899999618530273},{"period":"2025-06","brand_revenue":150770.751953125,"category_revenue":560506.71875,"share_pct":26.899999618530273},{"period":"2025-07","brand_revenue":188321.42578125,"category_revenue":600916.09375,"share_pct":31.299999237060547},{"period":"2025-08","brand_revenue":138954.677734375,"category_revenue":620247.5,"share_pct":22.399999618530273},{"period":"2025-09","brand_revenue":137310.322265625,"category_revenue":608971.09375,"share_pct":22.5},{"period":"2025-10","brand_revenue":170793.359375,"category_revenue":645293.1640625,"share_pct":26.5},{"period":"2025-11","brand_revenue":110352.24609375,"category_revenue":581113.4765625,"share_pct":19.0},{"period":"2025-12","brand_revenue":126218.125,"category_revenue":553088.5546875,"share_pct":22.799999237060547},{"period":"2026-01","brand_revenue":137458.427734375,"category_revenue":523350.9375,"share_pct":26.299999237060547}]},"discount_depth":[{"tier":"0% (Full Price)","transactions":70834,"pct_of_transactions":20.2,"revenue":1142515.0,"avg_discount":0.0},{"tier":"1-10%","transactions":7894,"pct_of_transactions":2.3,"revenue":139366.376953125,"avg_discount":20.0},{"tier":"11-20%","transactions":3680,"pct_of_transactions":1.1,"revenue":77333.798828125,"avg_discount":38.0},{"tier":"21-30%","transactions":27094,"pct_of_transactions":7.7,"revenue":475837.1875,"avg_discount":50.400001525878906},{"tier":"31%+","transactions":198860,"pct_of_transactions":56.8,"revenue":6779251.25,"avg_discount":83.0}],"velocity":{"units_per_day":774.06,"revenue_per_day":12094.124755859375,"avg_units_per_txn":4.06,"days_of_data":762,"total_units":589832,"total_transactions":289954},"velocity_by_category":[{"category":"PRE ROLL","brand_units_per_day":513.26,"category_avg_units_per_day":42.38,"velocity_index":1210.9,"brand_rev_per_unit":6.45,"category_rev_per_unit":7.54,"brands_in_category":46},{"category":"FLOWER","brand_units_per_day":260.8,"category_avg_units_per_day":55.54,"velocity_index":469.6,"brand_rev_per_unit":24.41,"category_rev_per_unit":22.97,"brands_in_category":64}],"deals":[{"deal_name":"Stock & Save - PR - 5 for $30","times_used":37250,"units":125423.0,"revenue":941129.9499678612,"discounts":417158.79997730255,"cost":627115.0,"profit":314014.9499678612,"pre_discount_revenue":1358288.75,"margin":33.4,"avg_discount":61.4},{"deal_name":"50% Off Chemical Compound / Sour Banana Sherbet","times_used":31702,"units":48671.0,"revenue":1517953.8499760628,"discounts":1523508.650021553,"cost":525038.4186172485,"profit":992915.37784338,"pre_discount_revenue":3041462.5,"margin":65.4,"avg_discount":100.2},{"deal_name":"Stock & Save - 1/4 for $50","times_used":28092,"units":62966.0,"revenue":1967040.3625059128,"discounts":1216759.6375131607,"cost":679245.7332968712,"profit":1287794.5582842827,"pre_discount_revenue":3183800.0,"margin":65.5,"avg_discount":76.4},{"deal_name":"Industry - 30% Off","times_used":26038,"units":39352.0,"revenue":353915.84013938904,"discounts":152886.66518449783,"cost":207814.1252374649,"profit":146101.71300172806,"pre_discount_revenue":506802.5,"margin":41.3,"avg_discount":60.4},{"deal_name":"Lit4Less - PR - 5 for $30","times_used":25010,"units":80811.0,"revenue":605067.5500111282,"discounts":299252.4499940872,"cost":404055.0,"profit":201012.55001038313,"pre_discount_revenue":904320.0,"margin":33.2,"avg_discount":66.2},{"deal_name":"Lit4Less - 1/4 for $50","times_used":7890,"units":16081.0,"revenue":501581.7374897003,"discounts":293774.51249599457,"cost":173473.78958940506,"profit":328107.92996644974,"pre_discount_revenue":795356.25,"margin":65.4,"avg_discount":73.8},{"deal_name":"1/4 for $40 - 1/2 For $70 CC / GMO Otterpopz","times_used":6332,"units":18438.333333333332,"revenue":433373.7625064949,"discounts":469124.1541655859,"cost":198903.52329611778,"profit":234470.2391723792,"pre_discount_revenue":902497.9166666667,"margin":54.1,"avg_discount":104.0},{"deal_name":"Industry 30% Off","times_used":5124,"units":7412.0,"revenue":114358.27581375837,"discounts":49289.22534108162,"cost":49225.32529950142,"profit":65132.94829457998,"pre_discount_revenue":163647.5,"margin":57.0,"avg_discount":60.2},{"deal_name":"Senior - 10% Off","times_used":3756,"units":5051.0,"revenue":72239.48874592781,"discounts":8925.512425601482,"cost":27975.12505531311,"profit":44264.363120794296,"pre_discount_revenue":81165.0,"margin":61.3,"avg_discount":22.0},{"deal_name":"420 2025 - 60% Off","times_used":3524,"units":8570.0,"revenue":100770.62483549118,"discounts":152384.37545895576,"cost":66300.95044851303,"profit":34469.67438697815,"pre_discount_revenue":253155.0,"margin":34.2,"avg_discount":120.4},{"deal_name":"GW - 60% OFF Elevation House Flower","times_used":2410,"units":7000.0,"revenue":64115.975249409676,"discounts":96291.52539372444,"cost":48079.75025653839,"profit":16036.224992871284,"pre_discount_revenue":160407.5,"margin":25.0,"avg_discount":120.0},{"deal_name":"G+G / Pistola - 1/4 for $35 - 1/2 for $60","times_used":2370,"units":6748.0,"revenue":134287.8125,"discounts":194105.93749523163,"cost":72794.0509390831,"profit":61493.761546611786,"pre_discount_revenue":328393.75,"margin":45.8,"avg_discount":118.2},{"deal_name":"Veterans - 10% Off","times_used":2300,"units":3029.0,"revenue":35514.22576069832,"discounts":4257.024957388639,"cost":16007.337516943615,"profit":19506.88809831937,"pre_discount_revenue":39771.25,"margin":54.9,"avg_discount":21.4},{"deal_name":"Senior / Veterans - 20% Off","times_used":2078,"units":3041.0,"revenue":35143.46213698387,"discounts":9597.787417173386,"cost":16512.975026369095,"profit":18630.486878156662,"pre_discount_revenue":44741.25,"margin":53.0,"avg_discount":43.0},{"deal_name":"Spark the Summer Sale","times_used":2038,"units":4200.0,"revenue":61079.500324726105,"discounts":40805.49983084202,"cost":29264.55017566681,"profit":31814.950139522552,"pre_discount_revenue":101885.0,"margin":52.1,"avg_discount":80.2},{"deal_name":"G+G / Pistola / HAUS 1/4 for $50","times_used":1732,"units":3797.0,"revenue":118654.62499976158,"discounts":114857.8750038147,"cost":40960.13801574707,"profit":77694.48268175125,"pre_discount_revenue":233512.5,"margin":65.5,"avg_discount":98.4},{"deal_name":"60% Off Internal - G2B","times_used":1686,"units":4196.0,"revenue":37242.57489442825,"discounts":55917.42533445358,"cost":27635.62514066696,"profit":9606.949737071991,"pre_discount_revenue":93160.0,"margin":25.8,"avg_discount":120.0},{"deal_name":"Jackpot - Locals 30% Off","times_used":1406,"units":2361.0,"revenue":24611.02512359619,"discounts":10685.225129723549,"cost":12893.05002450943,"profit":11717.974944114685,"pre_discount_revenue":35296.25,"margin":47.6,"avg_discount":60.6},{"deal_name":"35% Off G+G / Haus / Pistola","times_used":1370,"units":2358.0,"revenue":27911.74972295761,"discounts":14925.750129818916,"cost":13827.20004081726,"profit":14084.549360275269,"pre_discount_revenue":42837.5,"margin":50.5,"avg_discount":69.6},{"deal_name":"30% Off Special","times_used":1316,"units":1569.0,"revenue":43673.07495832443,"discounts":18961.925019025803,"cost":15328.237681388855,"profit":28344.836608171463,"pre_discount_revenue":62635.0,"margin":64.9,"avg_discount":60.6},{"deal_name":"4/20! 60% Off!!!","times_used":1296,"units":2886.0,"revenue":41359.74994182587,"discounts":61992.75014042854,"cost":22590.37517309189,"profit":18769.374759197235,"pre_discount_revenue":103352.5,"margin":45.4,"avg_discount":120.0},{"deal_name":"G+G / Pistola 1/4 for $50","times_used":1192,"units":2508.0,"revenue":78437.52499580383,"discounts":78012.47499465942,"cost":27055.05033016205,"profit":51382.47190475464,"pre_discount_revenue":156450.0,"margin":65.5,"avg_discount":99.8},{"deal_name":"Internal Last Chance - 40% Off","times_used":1006,"units":1759.0,"revenue":26272.65013575554,"discounts":17629.849959611893,"cost":12516.362589597702,"profit":13756.287546157837,"pre_discount_revenue":43902.5,"margin":52.4,"avg_discount":80.4},{"deal_name":"50% Off Elevation House Brands","times_used":932,"units":1763.0,"revenue":23757.249999046326,"discounts":23700.250000953674,"cost":11934.462571144104,"profit":11822.786803245544,"pre_discount_revenue":47457.5,"margin":49.8,"avg_discount":99.8},{"deal_name":"Lit4Less - 1/4 for $40","times_used":888,"units":1020.0,"revenue":25438.27499985695,"discounts":24449.224996566772,"cost":11003.250136375427,"profit":14435.024863481522,"pre_discount_revenue":49887.5,"margin":56.7,"avg_discount":98.0},{"deal_name":"Chemical Compound 1/2 Ounces for $75","times_used":564,"units":650.0,"revenue":60890.625,"discounts":40671.875,"cost":7011.87509059906,"profit":53878.752126693726,"pre_discount_revenue":101562.5,"margin":88.5,"avg_discount":80.0},{"deal_name":"LVAC - 25% Off","times_used":540,"units":690.0,"revenue":7325.625,"discounts":2464.375,"cost":3785.6750082969666,"profit":3539.9499225616455,"pre_discount_revenue":9790.0,"margin":48.3,"avg_discount":50.4},{"deal_name":"40% Off Elevation House Brands","times_used":508,"units":970.0,"revenue":20718.000073432922,"discounts":13812.00003027916,"cost":7755.32506942749,"profit":12962.674520015717,"pre_discount_revenue":34530.0,"margin":62.6,"avg_discount":80.0},{"deal_name":"Employee 30% - NOT FRIDAYS","times_used":250,"units":358.0,"revenue":4210.500044822693,"discounts":1804.500018954277,"cost":2114.1000080108643,"profit":2096.3999915122986,"pre_discount_revenue":6015.0,"margin":49.8,"avg_discount":60.0},{"deal_name":"G+G / Pistola 1/4 for $45","times_used":172,"units":352.0,"revenue":9900.0,"discounts":7700.0,"cost":3797.200050354004,"profit":6102.799949645996,"pre_discount_revenue":17600.0,"margin":61.6,"avg_discount":87.6},{"deal_name":"Jackpot Exclusive - 1/2 oz / Full Oz Deal","times_used":172,"units":536.0,"revenue":12889.0625,"discounts":13110.9375,"cost":5782.100076675415,"profit":7106.962423324585,"pre_discount_revenue":26000.0,"margin":55.1,"avg_discount":100.8},{"deal_name":"Employee - 40% OFF","times_used":112,"units":190.0,"revenue":2620.500018596649,"discounts":1746.9999927282333,"cost":1216.225004196167,"profit":1404.2750000953674,"pre_discount_revenue":4367.5,"margin":53.6,"avg_discount":80.0},{"deal_name":"G+G / Pistola Mix n Match 1/2 for $85","times_used":108,"units":505.0,"revenue":13441.875,"discounts":11808.125,"cost":5447.68758058548,"profit":7994.187414646149,"pre_discount_revenue":25250.0,"margin":59.5,"avg_discount":93.6},{"deal_name":"40% Off Special","times_used":98,"units":108.0,"revenue":2887.5,"discounts":1925.0,"cost":1165.050015449524,"profit":1722.449984550476,"pre_discount_revenue":4812.5,"margin":59.7,"avg_discount":80.0},{"deal_name":"40% Off Internal Brands","times_used":66,"units":158.0,"revenue":3619.500011205673,"discounts":2412.9999965429306,"cost":1310.8750128746033,"profit":2308.6250126361847,"pre_discount_revenue":6032.5,"margin":63.8,"avg_discount":80.0},{"deal_name":"Store Credit - $25","times_used":60,"units":100.0,"revenue":1625.800012499094,"discounts":1634.199992120266,"cost":824.1000072161357,"profit":801.6999902327857,"pre_discount_revenue":3260.0,"margin":49.3,"avg_discount":100.2},{"deal_name":"Store Credit - $15","times_used":60,"units":63.333333333333336,"revenue":799.6624986330669,"discounts":910.7541712125142,"cost":469.0708359082539,"profit":330.59166272481286,"pre_discount_revenue":1710.416666666667,"margin":41.3,"avg_discount":106.4},{"deal_name":"Internal Brands - 25% Off","times_used":58,"units":70.0,"revenue":579.375,"discounts":193.125,"cost":350.0,"profit":229.375,"pre_discount_revenue":772.5,"margin":39.6,"avg_discount":50.0},{"deal_name":"Sammy - Blowout Flower","times_used":40,"units":44.0,"revenue":1251.25,"discounts":673.75,"cost":474.6500062942505,"profit":776.5999937057495,"pre_discount_revenue":1925.0,"margin":62.1,"avg_discount":70.0},{"deal_name":"FAde / Retreat/ G+G / Pistola - 30% Off","times_used":28,"units":38.0,"revenue":526.7500066757202,"discounts":225.75000166893005,"cost":247.87500143051147,"profit":278.87500047683716,"pre_discount_revenue":752.5,"margin":52.9,"avg_discount":60.0},{"deal_name":"Sammy Davis Early Bird - 15% Off","times_used":28,"units":30.0,"revenue":352.7500033378601,"discounts":62.25000083446503,"cost":161.5750002861023,"profit":191.17500066757202,"pre_discount_revenue":415.0,"margin":54.2,"avg_discount":30.0},{"deal_name":"Main St Happy Hour - 25% Off","times_used":26,"units":28.0,"revenue":236.25,"discounts":78.75,"cost":140.0,"profit":96.25,"pre_discount_revenue":315.0,"margin":40.7,"avg_discount":50.0},{"deal_name":"Store Credit - $50","times_used":24,"units":66.33333333333333,"revenue":937.187501589457,"discounts":944.4791682561238,"cost":518.7958379586537,"profit":418.39166363080346,"pre_discount_revenue":1881.666666666667,"margin":44.6,"avg_discount":100.4},{"deal_name":"35% Off Special","times_used":20,"units":22.0,"revenue":641.875,"discounts":345.625,"cost":237.32500314712524,"profit":404.5499920845032,"pre_discount_revenue":987.5,"margin":63.0,"avg_discount":70.0},{"deal_name":"Medical - 10%","times_used":18,"units":20.0,"revenue":188.00000548362732,"discounts":31.99999988079071,"cost":100.0,"profit":88.00000548362732,"pre_discount_revenue":220.0,"margin":46.8,"avg_discount":29.0},{"deal_name":"Veterans Day - 30% Off For Veterans!","times_used":16,"units":30.0,"revenue":258.4999966621399,"discounts":121.50000333786011,"cost":161.5750002861023,"profit":96.9249939918518,"pre_discount_revenue":380.0,"margin":37.5,"avg_discount":64.0},{"deal_name":"G+G / Pistola 1/4 for $40","times_used":12,"units":18.0,"revenue":506.25,"discounts":331.25,"cost":194.17500257492065,"profit":312.07499742507935,"pre_discount_revenue":837.5,"margin":61.6,"avg_discount":79.2},{"deal_name":"Senior Sunday - SAHARA ONLY - 20% Off","times_used":6,"units":8.0,"revenue":71.99999809265137,"discounts":17.999999523162842,"cost":40.0,"profit":31.999998092651367,"pre_discount_revenue":90.0,"margin":44.4,"avg_discount":40.0},{"deal_name":"Reno - Early Bird - Senior / Veterans - 20%","times_used":4,"units":4.0,"revenue":148.75,"discounts":76.25,"cost":43.15000057220459,"profit":105.59999704360962,"pre_discount_revenue":225.0,"margin":71.0,"avg_discount":67.8},{"deal_name":"Store Credit - $75","times_used":4,"units":4.0,"revenue":67.07499980926514,"discounts":120.42500019073486,"cost":43.15000057220459,"profit":23.924999237060547,"pre_discount_revenue":187.5,"margin":35.7,"avg_discount":128.4}],"top_products":[{"product":"CHEMICAL COMPOUND EIGHTH - PISTOLA","units":98114,"revenue":2948152.1875,"cost":1058404.765625,"profit":1889747.34375,"transactions":58434,"margin":64.0999984741211},{"product":"GMO OTTER POPPZ EIGHTH - PISTOLA","units":70764,"revenue":2126354.53125,"cost":763366.640625,"profit":1362987.8125,"transactions":40402,"margin":64.0999984741211},{"product":"CHEMICAL COMPOUND BALAS - PISTOLA","units":173670,"revenue":1404892.96875,"cost":868350.0,"profit":536542.890625,"transactions":101378,"margin":38.20000076293945},{"product":"GMO OTTER POPPZ BALAS - PISTOLA","units":158102,"revenue":1266378.75,"cost":790510.0,"profit":475868.7109375,"transactions":87230,"margin":37.599998474121094},{"product":"ORANGE RAINBOW EIGHTH - PISTOLA","units":11434,"revenue":335484.921875,"cost":123344.27734375,"profit":212140.64453125,"transactions":7770,"margin":63.20000076293945},{"product":"CHERRY MIMOSA EIGHTH - PISTOLA","units":8770,"revenue":260212.16796875,"cost":94606.376953125,"profit":165605.80078125,"transactions":5956,"margin":63.599998474121094},{"product":"GRAND DADS OG BALAS - PISTOLA","units":24266,"revenue":192006.09375,"cost":121330.0,"profit":70676.0986328125,"transactions":18332,"margin":36.79999923706055},{"product":"ORANGE RAINBOW BALAS - PISTOLA","units":20164,"revenue":167003.28125,"cost":100820.0,"profit":66183.2763671875,"transactions":13806,"margin":39.599998474121094},{"product":"CHEMICAL COMPOUND HALF OUNCE - PISTOLA","units":908,"revenue":90348.125,"cost":9795.050048828125,"profit":80553.076171875,"transactions":790,"margin":89.19999694824219},{"product":"GRAPE BISCOTTI COOKIES EIGHTH - PISTOLA","units":3050,"revenue":89645.99609375,"cost":32901.875,"profit":56744.12109375,"transactions":2440,"margin":63.29999923706055},{"product":"CHEMICAL COMPOUND BAKERS BATCH - PISTOLA","units":1336,"revenue":81513.75,"cost":14412.099609375,"profit":67101.650390625,"transactions":1242,"margin":82.30000305175781},{"product":"CHERRY MIMOSA BALAS - PISTOLA","units":9544,"revenue":77833.125,"cost":47720.0,"profit":30113.125,"transactions":5806,"margin":38.70000076293945},{"product":"GRAND DADS OG EIGHTH - PISTOLA","units":1722,"revenue":41283.65234375,"cost":18576.075439453125,"profit":22707.57568359375,"transactions":1170,"margin":55.0},{"product":"APPLES & BANANAS EIGHTH - PISTOLA","units":1536,"revenue":36181.55029296875,"cost":16569.599609375,"profit":19611.949462890625,"transactions":1028,"margin":54.20000076293945},{"product":"GRAPE BISCOTTI COOKIES BALAS - PISTOLA","units":3046,"revenue":24737.64892578125,"cost":15230.0,"profit":9507.650146484375,"transactions":2032,"margin":38.400001525878906},{"product":"GMO OTTER POPPZ OUNCE - PISTOLA","units":118,"revenue":23616.25,"cost":1272.925033569336,"profit":22343.3251953125,"transactions":110,"margin":94.5999984741211},{"product":"SOUR DIESEL X OG KUSH EIGHTH - PISTOLA","units":344,"revenue":11150.94970703125,"cost":3710.8999633789062,"profit":7440.0494384765625,"transactions":252,"margin":66.69999694824219},{"product":"HEADLOCK BALAS - PISTOLA","units":1168,"revenue":9097.849731445312,"cost":5840.0,"profit":3257.8500366210938,"transactions":856,"margin":35.79999923706055},{"product":"BISCOTTI EIGHTH - PISTOLA","units":244,"revenue":8666.25,"cost":2632.1499633789062,"profit":6034.0997314453125,"transactions":162,"margin":69.5999984741211},{"product":"SUPER BUFF CHERRY EIGHTH - PISTOLA","units":204,"revenue":6577.2998046875,"cost":2200.6500244140625,"profit":4376.6497802734375,"transactions":144,"margin":66.5},{"product":"WEDDING CRASHER BALAS - PISTOLA","units":746,"revenue":6455.4998779296875,"cost":3730.0,"profit":2725.4998779296875,"transactions":526,"margin":42.20000076293945},{"product":"WEDDING CRASHER EIGHTH - PISTOLA","units":136,"revenue":4070.4998779296875,"cost":1467.1000671386719,"profit":2603.3999633789062,"transactions":120,"margin":64.0},{"product":"GRAND DADS OG BALAS 1G - PISTOLA","units":398,"revenue":3430.0,"cost":1990.0,"profit":1440.0,"transactions":272,"margin":42.0},{"product":"CHEMICAL COMPOUND GRAM - PISTOLA","units":48,"revenue":620.9999847412109,"cost":517.7999877929688,"profit":103.19997787475586,"transactions":48,"margin":16.600000381469727}],"products_by_store":{"Elevation Springs":[{"product":"CHEMICAL COMPOUND EIGHTH - PISTOLA","units":20564,"revenue":616029.609375,"cost":221834.16015625,"profit":394195.46875,"transactions":13558,"margin":64.0},{"product":"GMO OTTER POPPZ EIGHTH - PISTOLA","units":13960,"revenue":418350.6640625,"cost":150593.505859375,"profit":267757.12890625,"transactions":8858,"margin":64.0},{"product":"CHEMICAL COMPOUND BALAS - PISTOLA","units":44602,"revenue":361755.9375,"cost":223010.0,"profit":138745.947265625,"transactions":24784,"margin":38.400001525878906},{"product":"GMO OTTER POPPZ BALAS - PISTOLA","units":39400,"revenue":317208.984375,"cost":197000.0,"profit":120208.974609375,"transactions":20758,"margin":37.900001525878906},{"product":"ORANGE RAINBOW EIGHTH - PISTOLA","units":2432,"revenue":72035.673828125,"cost":26235.2001953125,"profit":45800.4736328125,"transactions":1752,"margin":63.599998474121094},{"product":"CHERRY MIMOSA EIGHTH - PISTOLA","units":2230,"revenue":64719.5263671875,"cost":24056.12548828125,"profit":40663.3984375,"transactions":1584,"margin":62.79999923706055},{"product":"ORANGE RAINBOW BALAS - PISTOLA","units":5040,"revenue":42015.44921875,"cost":25200.0,"profit":16815.450439453125,"transactions":3184,"margin":40.0},{"product":"GRAND DADS OG BALAS - PISTOLA","units":4322,"revenue":33915.54931640625,"cost":21610.0,"profit":12305.54931640625,"transactions":3132,"margin":36.29999923706055},{"product":"CHEMICAL COMPOUND HALF OUNCE - PISTOLA","units":310,"revenue":29825.0,"cost":3344.1250610351562,"profit":26480.87646484375,"transactions":298,"margin":88.80000305175781},{"product":"GRAPE BISCOTTI COOKIES EIGHTH - PISTOLA","units":556,"revenue":17660.32470703125,"cost":5997.850341796875,"profit":11662.474365234375,"transactions":508,"margin":66.0},{"product":"CHERRY MIMOSA BALAS - PISTOLA","units":2060,"revenue":17320.94970703125,"cost":10300.0,"profit":7020.9503173828125,"transactions":1292,"margin":40.5},{"product":"APPLES & BANANAS EIGHTH - PISTOLA","units":350,"revenue":8007.17529296875,"cost":3775.625,"profit":4231.549987792969,"transactions":224,"margin":52.79999923706055},{"product":"GRAPE BISCOTTI COOKIES BALAS - PISTOLA","units":950,"revenue":7760.374755859375,"cost":4750.0,"profit":3010.3750610351562,"transactions":602,"margin":38.79999923706055},{"product":"GRAND DADS OG EIGHTH - PISTOLA","units":182,"revenue":4537.5,"cost":1963.3250427246094,"profit":2574.1748046875,"transactions":122,"margin":56.70000076293945},{"product":"SOUR DIESEL X OG KUSH EIGHTH - PISTOLA","units":72,"revenue":2430.0,"cost":776.6999816894531,"profit":1653.2998657226562,"transactions":62,"margin":68.0}],"Elevation Mesa":[{"product":"CHEMICAL COMPOUND EIGHTH - PISTOLA","units":26046,"revenue":779610.78125,"cost":280971.23046875,"profit":498639.53125,"transactions":16496,"margin":64.0},{"product":"GMO OTTER POPPZ EIGHTH - PISTOLA","units":15930,"revenue":474102.1875,"cost":171844.8828125,"profit":302257.3046875,"transactions":9748,"margin":63.79999923706055},{"product":"CHEMICAL COMPOUND BALAS - PISTOLA","units":54102,"revenue":444059.140625,"cost":270510.0,"profit":173549.12109375,"transactions":30256,"margin":39.099998474121094},{"product":"GMO OTTER POPPZ BALAS - PISTOLA","units":46540,"revenue":373384.765625,"cost":232700.0,"profit":140684.775390625,"transactions":25060,"margin":37.70000076293945},{"product":"ORANGE RAINBOW EIGHTH - PISTOLA","units":2838,"revenue":85092.9296875,"cost":30614.92431640625,"profit":54477.998046875,"transactions":2046,"margin":64.0},{"product":"GRAND DADS OG BALAS - PISTOLA","units":7096,"revenue":57759.7265625,"cost":35480.0,"profit":22279.72412109375,"transactions":5358,"margin":38.599998474121094},{"product":"CHERRY MIMOSA EIGHTH - PISTOLA","units":1606,"revenue":47281.34765625,"cost":17324.725341796875,"profit":29956.62353515625,"transactions":1166,"margin":63.400001525878906},{"product":"ORANGE RAINBOW BALAS - PISTOLA","units":5558,"revenue":45832.8271484375,"cost":27790.0,"profit":18042.82470703125,"transactions":3744,"margin":39.400001525878906},{"product":"CHEMICAL COMPOUND HALF OUNCE - PISTOLA","units":310,"revenue":31246.875,"cost":3344.1250610351562,"profit":27902.75146484375,"transactions":280,"margin":89.30000305175781},{"product":"CHERRY MIMOSA BALAS - PISTOLA","units":3280,"revenue":26525.0,"cost":16400.0,"profit":10125.0,"transactions":1758,"margin":38.20000076293945},{"product":"GRAPE BISCOTTI COOKIES EIGHTH - PISTOLA","units":558,"revenue":15357.5,"cost":6019.425048828125,"profit":9338.074340820312,"transactions":422,"margin":60.79999923706055},{"product":"APPLES & BANANAS EIGHTH - PISTOLA","units":416,"revenue":9613.775024414062,"cost":4487.60009765625,"profit":5126.1749267578125,"transactions":282,"margin":53.29999923706055},{"product":"GRAPE BISCOTTI COOKIES BALAS - PISTOLA","units":776,"revenue":6455.2752685546875,"cost":3880.0,"profit":2575.2749633789062,"transactions":574,"margin":39.900001525878906},{"product":"GRAND DADS OG EIGHTH - PISTOLA","units":262,"revenue":5800.0,"cost":2826.3250732421875,"profit":2973.6749267578125,"transactions":178,"margin":51.29999923706055},{"product":"SOUR DIESEL X OG KUSH EIGHTH - PISTOLA","units":98,"revenue":3173.4500122070312,"cost":1057.1749877929688,"profit":2116.274871826172,"transactions":78,"margin":66.69999694824219}],"Elevation Oasis":[{"product":"CHEMICAL COMPOUND EIGHTH - PISTOLA","units":24294,"revenue":725979.921875,"cost":262071.5234375,"profit":463908.359375,"transactions":10016,"margin":63.900001525878906},{"product":"GMO OTTER POPPZ EIGHTH - PISTOLA","units":22854,"revenue":675889.453125,"cost":246537.51953125,"profit":429351.875,"transactions":10084,"margin":63.5},{"product":"GMO OTTER POPPZ BALAS - PISTOLA","units":16370,"revenue":127934.775390625,"cost":81850.0,"profit":46084.775390625,"transactions":7808,"margin":36.0},{"product":"CHEMICAL COMPOUND BALAS - PISTOLA","units":13896,"revenue":108858.828125,"cost":69480.0,"profit":39378.82568359375,"transactions":6530,"margin":36.20000076293945},{"product":"ORANGE RAINBOW EIGHTH - PISTOLA","units":2694,"revenue":79931.5234375,"cost":29061.52587890625,"profit":50869.9951171875,"transactions":1492,"margin":63.599998474121094},{"product":"CHERRY MIMOSA EIGHTH - PISTOLA","units":2084,"revenue":62718.974609375,"cost":22481.14990234375,"profit":40237.822265625,"transactions":1118,"margin":64.19999694824219},{"product":"CHEMICAL COMPOUND HALF OUNCE - PISTOLA","units":288,"revenue":29276.25,"cost":3106.7999267578125,"profit":26169.45068359375,"transactions":212,"margin":89.4000015258789},{"product":"GRAND DADS OG BALAS - PISTOLA","units":3552,"revenue":28251.12548828125,"cost":17760.0,"profit":10491.12548828125,"transactions":2258,"margin":37.099998474121094},{"product":"GRAPE BISCOTTI COOKIES EIGHTH - PISTOLA","units":838,"revenue":24209.82421875,"cost":9039.924926757812,"profit":15169.898681640625,"transactions":550,"margin":62.70000076293945},{"product":"GMO OTTER POPPZ OUNCE - PISTOLA","units":118,"revenue":23616.25,"cost":1272.925033569336,"profit":22343.3251953125,"transactions":110,"margin":94.5999984741211},{"product":"ORANGE RAINBOW BALAS - PISTOLA","units":2128,"revenue":16693.00048828125,"cost":10640.0,"profit":6052.9998779296875,"transactions":1472,"margin":36.29999923706055},{"product":"GRAND DADS OG EIGHTH - PISTOLA","units":682,"revenue":15093.7744140625,"cost":7357.0751953125,"profit":7736.6998291015625,"transactions":388,"margin":51.29999923706055},{"product":"CHERRY MIMOSA BALAS - PISTOLA","units":1266,"revenue":10340.12451171875,"cost":6330.0,"profit":4010.1251220703125,"transactions":758,"margin":38.79999923706055},{"product":"APPLES & BANANAS EIGHTH - PISTOLA","units":292,"revenue":6863.75,"cost":3149.949951171875,"profit":3713.7997436523438,"transactions":190,"margin":54.099998474121094},{"product":"SOUR DIESEL X OG KUSH EIGHTH - PISTOLA","units":174,"revenue":5547.5,"cost":1877.0249938964844,"profit":3670.474853515625,"transactions":112,"margin":66.19999694824219}],"Elevation Downtown":[{"product":"GMO OTTER POPPZ BALAS - PISTOLA","units":3456,"revenue":27328.3251953125,"cost":17280.0,"profit":10048.3251953125,"transactions":2426,"margin":36.79999923706055},{"product":"CHEMICAL COMPOUND BALAS - PISTOLA","units":2242,"revenue":17551.400146484375,"cost":11210.0,"profit":6341.400146484375,"transactions":1648,"margin":36.099998474121094},{"product":"CHEMICAL COMPOUND EIGHTH - PISTOLA","units":574,"revenue":15795.625,"cost":6192.025146484375,"profit":9603.599853515625,"transactions":442,"margin":60.79999923706055},{"product":"GMO OTTER POPPZ EIGHTH - PISTOLA","units":548,"revenue":14647.5,"cost":5911.55029296875,"profit":8735.94970703125,"transactions":398,"margin":59.599998474121094},{"product":"ORANGE RAINBOW BALAS - PISTOLA","units":728,"revenue":5889.6502685546875,"cost":3640.0,"profit":2249.6499633789062,"transactions":528,"margin":38.20000076293945},{"product":"CHERRY MIMOSA EIGHTH - PISTOLA","units":184,"revenue":5642.5,"cost":1984.9000549316406,"profit":3657.5997924804688,"transactions":170,"margin":64.80000305175781},{"product":"ORANGE RAINBOW EIGHTH - PISTOLA","units":182,"revenue":5130.0,"cost":1963.3250427246094,"profit":3166.6748046875,"transactions":148,"margin":61.70000076293945},{"product":"GRAPE BISCOTTI COOKIES EIGHTH - PISTOLA","units":140,"revenue":3868.75,"cost":1510.2500915527344,"profit":2358.4999084472656,"transactions":126,"margin":61.0},{"product":"GRAND DADS OG BALAS - PISTOLA","units":368,"revenue":2730.4998779296875,"cost":1840.0,"profit":890.5000305175781,"transactions":312,"margin":32.599998474121094},{"product":"CHERRY MIMOSA BALAS - PISTOLA","units":184,"revenue":1516.9000244140625,"cost":920.0,"profit":596.8999862670898,"transactions":118,"margin":39.29999923706055},{"product":"GRAND DADS OG EIGHTH - PISTOLA","units":28,"revenue":772.5,"cost":302.04999923706055,"profit":470.4499816894531,"transactions":28,"margin":60.900001525878906}],"Elevation Midtown":[{"product":"CHEMICAL COMPOUND EIGHTH - PISTOLA","units":9856,"revenue":300367.1484375,"cost":106321.6015625,"profit":194045.546875,"transactions":6366,"margin":64.5999984741211},{"product":"GMO OTTER POPPZ EIGHTH - PISTOLA","units":6294,"revenue":196761.42578125,"cost":67896.5234375,"profit":128864.892578125,"transactions":4046,"margin":65.5},{"product":"CHEMICAL COMPOUND BALAS - PISTOLA","units":13558,"revenue":104734.12109375,"cost":67790.0,"profit":36944.1259765625,"transactions":9562,"margin":35.29999923706055},{"product":"GMO OTTER POPPZ BALAS - PISTOLA","units":11102,"revenue":89509.775390625,"cost":55510.0,"profit":33999.775390625,"transactions":7000,"margin":38.0},{"product":"CHEMICAL COMPOUND BAKERS BATCH - PISTOLA","units":1336,"revenue":81513.75,"cost":14412.099609375,"profit":67101.650390625,"transactions":1242,"margin":82.30000305175781},{"product":"ORANGE RAINBOW EIGHTH - PISTOLA","units":1562,"revenue":45549.90234375,"cost":16850.07568359375,"profit":28699.82421875,"transactions":1086,"margin":63.0},{"product":"CHERRY MIMOSA EIGHTH - PISTOLA","units":996,"revenue":29491.6748046875,"cost":10744.3505859375,"profit":18747.32421875,"transactions":704,"margin":63.599998474121094},{"product":"ORANGE RAINBOW BALAS - PISTOLA","units":2194,"revenue":18483.150634765625,"cost":10970.0,"profit":7513.1500244140625,"transactions":1514,"margin":40.599998474121094},{"product":"GRAND DADS OG BALAS - PISTOLA","units":2358,"revenue":17818.824462890625,"cost":11790.0,"profit":6028.8250732421875,"transactions":1910,"margin":33.79999923706055},{"product":"GRAPE BISCOTTI COOKIES EIGHTH - PISTOLA","units":400,"revenue":12377.0751953125,"cost":4315.0,"profit":8062.0745849609375,"transactions":328,"margin":65.0999984741211},{"product":"CHERRY MIMOSA BALAS - PISTOLA","units":922,"revenue":7090.2752685546875,"cost":4610.0,"profit":2480.2749633789062,"transactions":574,"margin":35.0},{"product":"GRAND DADS OG EIGHTH - PISTOLA","units":158,"revenue":4367.5,"cost":1704.425048828125,"profit":2663.074951171875,"transactions":124,"margin":61.0},{"product":"GRAPE BISCOTTI COOKIES BALAS - PISTOLA","units":392,"revenue":3052.5,"cost":1960.0,"profit":1092.5,"transactions":206,"margin":35.79999923706055},{"product":"BISCOTTI EIGHTH - PISTOLA","units":84,"revenue":2981.25,"cost":906.1500549316406,"profit":2075.0999450683594,"transactions":56,"margin":69.5999984741211},{"product":"APPLES & BANANAS EIGHTH - PISTOLA","units":130,"revenue":2892.5,"cost":1402.3750305175781,"profit":1490.1249694824219,"transactions":74,"margin":51.5}],"Elevation Boulevard":[{"product":"CHEMICAL COMPOUND EIGHTH - PISTOLA","units":14286,"revenue":437086.015625,"cost":154110.224609375,"profit":282975.76171875,"transactions":9738,"margin":64.69999694824219},{"product":"CHEMICAL COMPOUND BALAS - PISTOLA","units":34332,"revenue":280403.65234375,"cost":171660.0,"profit":108743.65234375,"transactions":21326,"margin":38.79999923706055},{"product":"GMO OTTER POPPZ EIGHTH - PISTOLA","units":8788,"revenue":272105.2734375,"cost":94800.546875,"profit":177304.70703125,"transactions":5544,"margin":65.19999694824219},{"product":"GMO OTTER POPPZ BALAS - PISTOLA","units":30330,"revenue":243092.12890625,"cost":151650.0,"profit":91442.12890625,"transactions":17698,"margin":37.599998474121094},{"product":"CHERRY MIMOSA EIGHTH - PISTOLA","units":1356,"revenue":40356.8994140625,"cost":14627.850341796875,"profit":25729.0478515625,"transactions":948,"margin":63.79999923706055},{"product":"GRAND DADS OG BALAS - PISTOLA","units":4996,"revenue":39301.4990234375,"cost":24980.0,"profit":14321.500244140625,"transactions":4086,"margin":36.400001525878906},{"product":"ORANGE RAINBOW EIGHTH - PISTOLA","units":1378,"revenue":37843.64990234375,"cost":14865.17578125,"profit":22978.47412109375,"transactions":1008,"margin":60.70000076293945},{"product":"ORANGE RAINBOW BALAS - PISTOLA","units":2888,"revenue":24013.04931640625,"cost":14440.0,"profit":9573.049926757812,"transactions":2132,"margin":39.900001525878906},{"product":"GRAPE BISCOTTI COOKIES EIGHTH - PISTOLA","units":430,"revenue":12188.1494140625,"cost":4638.625183105469,"profit":7549.5245361328125,"transactions":388,"margin":61.900001525878906},{"product":"CHERRY MIMOSA BALAS - PISTOLA","units":1306,"revenue":11189.49951171875,"cost":6530.0,"profit":4659.5001220703125,"transactions":962,"margin":41.599998474121094},{"product":"APPLES & BANANAS EIGHTH - PISTOLA","units":310,"revenue":7716.8499755859375,"cost":3344.1250610351562,"profit":4372.724914550781,"transactions":222,"margin":56.70000076293945},{"product":"GRAPE BISCOTTI COOKIES BALAS - PISTOLA","units":542,"revenue":4459.175109863281,"cost":2710.0,"profit":1749.1749572753906,"transactions":388,"margin":39.20000076293945},{"product":"GRAND DADS OG EIGHTH - PISTOLA","units":158,"revenue":4269.2498779296875,"cost":1704.425048828125,"profit":2564.8248291015625,"transactions":138,"margin":60.099998474121094},{"product":"WEDDING CRASHER EIGHTH - PISTOLA","units":136,"revenue":4070.4998779296875,"cost":1467.1000671386719,"profit":2603.3999633789062,"transactions":120,"margin":64.0},{"product":"HEADLOCK BALAS - PISTOLA","units":200,"revenue":1588.9999389648438,"cost":1000.0,"profit":588.9999771118164,"transactions":160,"margin":37.099998474121094}],"Elevation Parkway":[{"product":"GMO OTTER POPPZ BALAS - PISTOLA","units":10904,"revenue":87919.970703125,"cost":54520.0,"profit":33399.9755859375,"transactions":6480,"margin":38.0},{"product":"CHEMICAL COMPOUND BALAS - PISTOLA","units":10938,"revenue":87529.82421875,"cost":54690.0,"profit":32839.82421875,"transactions":7272,"margin":37.5},{"product":"GMO OTTER POPPZ EIGHTH - PISTOLA","units":2390,"revenue":74498.125,"cost":25782.12646484375,"profit":48715.99609375,"transactions":1724,"margin":65.4000015258789},{"product":"CHEMICAL COMPOUND EIGHTH - PISTOLA","units":2494,"revenue":73283.1005859375,"cost":26904.02587890625,"profit":46379.072265625,"transactions":1818,"margin":63.29999923706055},{"product":"ORANGE RAINBOW BALAS - PISTOLA","units":1628,"revenue":14076.14990234375,"cost":8140.0,"profit":5936.14990234375,"transactions":1232,"margin":42.20000076293945},{"product":"GRAND DADS OG BALAS - PISTOLA","units":1574,"revenue":12228.87451171875,"cost":7870.0,"profit":4358.874816894531,"transactions":1276,"margin":35.599998474121094},{"product":"CHERRY MIMOSA EIGHTH - PISTOLA","units":314,"revenue":10001.25,"cost":3387.2750854492188,"profit":6613.974609375,"transactions":266,"margin":66.0999984741211},{"product":"ORANGE RAINBOW EIGHTH - PISTOLA","units":348,"revenue":9901.25,"cost":3754.0499877929688,"profit":6147.19970703125,"transactions":238,"margin":62.099998474121094},{"product":"GRAND DADS OG EIGHTH - PISTOLA","units":252,"revenue":6443.125,"cost":2718.4500122070312,"profit":3724.6749877929688,"transactions":192,"margin":57.79999923706055},{"product":"GRAPE BISCOTTI COOKIES EIGHTH - PISTOLA","units":128,"revenue":3984.375,"cost":1380.8000183105469,"profit":2603.5748291015625,"transactions":118,"margin":65.30000305175781},{"product":"CHERRY MIMOSA BALAS - PISTOLA","units":526,"revenue":3850.3750610351562,"cost":2630.0,"profit":1220.374984741211,"transactions":344,"margin":31.700000762939453},{"product":"GRAND DADS OG BALAS 1G - PISTOLA","units":162,"revenue":1370.0,"cost":810.0,"profit":560.0,"transactions":140,"margin":40.900001525878906},{"product":"APPLES & BANANAS EIGHTH - PISTOLA","units":38,"revenue":1087.5,"cost":409.9250030517578,"profit":677.5749969482422,"transactions":36,"margin":62.29999923706055},{"product":"GRAPE BISCOTTI COOKIES BALAS - PISTOLA","units":84,"revenue":699.7499847412109,"cost":420.0,"profit":279.75000381469727,"transactions":68,"margin":40.0},{"product":"CHEMICAL COMPOUND GRAM - PISTOLA","units":48,"revenue":620.9999847412109,"cost":517.7999877929688,"profit":103.19997787475586,"transactions":48,"margin":16.600000381469727}]},"store_summary":[{"store_clean":"Elevation Mesa","units":165994,"revenue":2411512.34375,"cost":1108522.34375,"profit":1302989.84375,"discounts":1524027.65625,"margin":54.0,"discount_rate":38.70000076293945},{"store_clean":"Elevation Springs","units":137476,"revenue":2018430.78125,"cost":922954.375,"profit":1095476.25,"discounts":1271171.796875,"margin":54.29999923706055,"discount_rate":38.599998474121094},{"store_clean":"Elevation Oasis","units":92616,"revenue":1955550.9375,"cost":778649.21875,"profit":1176901.5625,"discounts":1412369.0625,"margin":60.20000076293945,"discount_rate":41.900001525878906},{"store_clean":"Elevation Boulevard","units":101626,"revenue":1421639.21875,"cost":663559.140625,"profit":758080.078125,"discounts":874948.28125,"margin":53.29999923706055,"discount_rate":38.099998474121094},{"store_clean":"Elevation Midtown","units":51656,"revenue":920151.71875,"cost":378903.0859375,"profit":541248.59375,"discounts":558713.28125,"margin":58.79999923706055,"discount_rate":37.79999923706055},{"store_clean":"Elevation Parkway","units":31830,"revenue":387555.9375,"cost":193956.03515625,"profit":193599.90234375,"discounts":214571.58203125,"margin":50.0,"discount_rate":35.599998474121094},{"store_clean":"Elevation Downtown","units":8634,"revenue":100873.65234375,"cost":52754.1015625,"profit":48119.55078125,"discounts":55093.84765625,"margin":47.70000076293945,"discount_rate":35.29999923706055}],"recommendations":[{"severity":"red","title":"PRE ROLL: BELOW CATEGORY AVERAGE","detail":"Margin (38.0%) is 10 pts below PRE ROLL average. Ranked #1 of 46. Strong case for cost negotiation.","action":"Request 5% cost reduction or evaluate alternative PRE ROLL brands."},{"severity":"red","title":"HIGH PROMOTION DEPENDENCY","detail":"Only 12% sells at full price. Heavy discounting required.","action":"Test reducing deal frequency \u2014 track velocity without promos."},{"severity":"info","title":"VOLUME LEVERAGE","detail":"$3,686,286 revenue provides negotiating leverage.","action":"Use volume as leverage in next vendor meeting."}],"comparison":null}