{"brand":"ZOMBIE","date_range":"2024-01-01 00:00:00 to 2026-01-31 00:00:00","period_label":"All Time","summary":{"total_units":32,"total_revenue":270.0,"total_cost":80.0,"total_discounts":50.0,"total_profit":190.0,"overall_margin":70.4000015258789,"fp_margin":75.0,"disc_margin":65.4000015258789,"pct_full_price":51.900001525878906,"avg_discount_rate":15.600000381469727,"fp_revenue":140.0,"disc_revenue":130.0,"unique_customers":26,"brand":"ZOMBIE","date_range":"2024-01-01 00:00:00 to 2026-01-31 00:00:00","months_count":16,"avg_monthly_cost":10.0,"cost_per_unit":5.0,"primary_category":"ACCESSORY","primary_cat_margin":61.099998474121094,"category_rank":95,"category_total":136,"margin_vs_category":9.300000190734863,"velocity_rank":66},"category_breakdown":[{"category_clean":"ACCESSORY","units":32,"revenue":270.0,"cost":80.0,"profit":190.0,"discounts":50.0,"margin":70.4000015258789,"category_avg_margin":61.099998474121094,"vs_category":9.3,"rank":95.0,"total_brands":136.0}],"trend":[{"period":"2024-07","revenue":40.0,"cost":10.0,"margin":75.0,"units":4,"transactions":4,"profit":30.0,"revenue_change_pct":null,"units_change_pct":null,"margin_change_pts":null},{"period":"2024-08","revenue":16.00000023841858,"cost":10.0,"margin":37.5,"units":4,"transactions":2,"profit":6.000000238418579,"revenue_change_pct":-60.0,"units_change_pct":0,"margin_change_pts":-37.5},{"period":"2024-09","revenue":78.00000190734863,"cost":25.0,"margin":67.9,"units":10,"transactions":8,"profit":53.00000190734863,"revenue_change_pct":387.5,"units_change_pct":150.0,"margin_change_pts":30.4},{"period":"2024-10","revenue":37.99999952316284,"cost":10.0,"margin":73.7,"units":4,"transactions":4,"profit":27.999999523162842,"revenue_change_pct":-51.3,"units_change_pct":-60.0,"margin_change_pts":5.7},{"period":"2024-11","revenue":20.0,"cost":5.0,"margin":75.0,"units":2,"transactions":2,"profit":15.0,"revenue_change_pct":-47.4,"units_change_pct":-50.0,"margin_change_pts":1.3},{"period":"2025-04","revenue":37.99999952316284,"cost":10.0,"margin":73.7,"units":4,"transactions":4,"profit":27.999999523162842,"revenue_change_pct":90.0,"units_change_pct":100.0,"margin_change_pts":-1.3},{"period":"2025-08","revenue":20.0,"cost":5.0,"margin":75.0,"units":2,"transactions":2,"profit":15.0,"revenue_change_pct":-47.4,"units_change_pct":-50.0,"margin_change_pts":1.3},{"period":"2025-09","revenue":20.0,"cost":5.0,"margin":75.0,"units":2,"transactions":2,"profit":15.0,"revenue_change_pct":0,"units_change_pct":0,"margin_change_pts":0.0}],"share_of_category":[{"category":"ACCESSORY","brand_revenue":270.0,"category_revenue":4128754.0625,"revenue_share_pct":0.0,"brand_units":32,"category_units":2130096,"units_share_pct":0.0}],"share_of_category_trend":{"ACCESSORY":[{"period":"2024-01","brand_revenue":0.0,"category_revenue":153543.9453125,"share_pct":0.0},{"period":"2024-02","brand_revenue":0.0,"category_revenue":152399.47265625,"share_pct":0.0},{"period":"2024-03","brand_revenue":0.0,"category_revenue":154678.876953125,"share_pct":0.0},{"period":"2024-04","brand_revenue":0.0,"category_revenue":163353.65234375,"share_pct":0.0},{"period":"2024-05","brand_revenue":0.0,"category_revenue":179676.4453125,"share_pct":0.0},{"period":"2024-06","brand_revenue":0.0,"category_revenue":185008.828125,"share_pct":0.0},{"period":"2024-07","brand_revenue":40.0,"category_revenue":186675.46875,"share_pct":0.0},{"period":"2024-08","brand_revenue":16.00000023841858,"category_revenue":180226.328125,"share_pct":0.0},{"period":"2024-09","brand_revenue":78.00000190734863,"category_revenue":162386.298828125,"share_pct":0.0},{"period":"2024-10","brand_revenue":37.99999952316284,"category_revenue":166088.73046875,"share_pct":0.0},{"period":"2024-11","brand_revenue":20.0,"category_revenue":171706.09375,"share_pct":0.0},{"period":"2024-12","brand_revenue":0.0,"category_revenue":176502.03125,"share_pct":0.0},{"period":"2025-01","brand_revenue":0.0,"category_revenue":167261.34765625,"share_pct":0.0},{"period":"2025-02","brand_revenue":0.0,"category_revenue":155260.927734375,"share_pct":0.0},{"period":"2025-03","brand_revenue":0.0,"category_revenue":176420.390625,"share_pct":0.0},{"period":"2025-04","brand_revenue":37.99999952316284,"category_revenue":182694.82421875,"share_pct":0.0},{"period":"2025-05","brand_revenue":0.0,"category_revenue":179904.4921875,"share_pct":0.0},{"period":"2025-06","brand_revenue":0.0,"category_revenue":161148.75,"share_pct":0.0},{"period":"2025-07","brand_revenue":0.0,"category_revenue":165549.8046875,"share_pct":0.0},{"period":"2025-08","brand_revenue":20.0,"category_revenue":171752.05078125,"share_pct":0.0},{"period":"2025-09","brand_revenue":20.0,"category_revenue":168198.9453125,"share_pct":0.0},{"period":"2025-10","brand_revenue":0.0,"category_revenue":171844.55078125,"share_pct":0.0},{"period":"2025-11","brand_revenue":0.0,"category_revenue":172839.74609375,"share_pct":0.0},{"period":"2025-12","brand_revenue":0.0,"category_revenue":141954.873046875,"share_pct":0.0},{"period":"2026-01","brand_revenue":0.0,"category_revenue":81677.1484375,"share_pct":0.0}]},"discount_depth":[{"tier":"0% (Full Price)","transactions":14,"pct_of_transactions":50.0,"revenue":140.0,"avg_discount":0.0},{"tier":"1-10%","transactions":6,"pct_of_transactions":21.4,"revenue":53.999996185302734,"avg_discount":20.0},{"tier":"11-20%","transactions":2,"pct_of_transactions":7.1,"revenue":16.00000023841858,"avg_discount":40.0},{"tier":"21-30%","transactions":2,"pct_of_transactions":7.1,"revenue":30.0,"avg_discount":50.0},{"tier":"31%+","transactions":2,"pct_of_transactions":7.1,"revenue":16.00000023841858,"avg_discount":120.0}],"velocity":{"units_per_day":0.08,"revenue_per_day":0.6499999761581421,"avg_units_per_txn":2.28,"days_of_data":413,"total_units":32,"total_transactions":28},"velocity_by_category":[{"category":"ACCESSORY","brand_units_per_day":0.04,"category_avg_units_per_day":20.56,"velocity_index":0.2,"brand_rev_per_unit":6.75,"category_rev_per_unit":1.55,"brands_in_category":136}],"deals":[{"deal_name":"Industry - 30% Off","times_used":2,"units":2.0,"revenue":13.999999761581421,"discounts":6.000000238418579,"cost":5.0,"profit":8.999999761581421,"pre_discount_revenue":20.0,"margin":64.3,"avg_discount":60.0},{"deal_name":"Senior - 10% Off","times_used":2,"units":2.0,"revenue":17.999999523162842,"discounts":2.0000000298023224,"cost":5.0,"profit":12.999999523162842,"pre_discount_revenue":20.0,"margin":72.2,"avg_discount":20.0},{"deal_name":"Veterans - 10% Off","times_used":2,"units":2.0,"revenue":17.999999523162842,"discounts":2.0000000298023224,"cost":5.0,"profit":12.999999523162842,"pre_discount_revenue":20.0,"margin":72.2,"avg_discount":20.0}],"top_products":[{"product":"$8 BOWL","units":32,"revenue":270.0,"cost":80.0,"profit":190.0,"transactions":28,"margin":70.4000015258789}],"products_by_store":{"Elevation Mesa":[{"product":"$8 BOWL","units":8,"revenue":78.00000190734863,"cost":20.0,"profit":58.00000190734863,"transactions":8,"margin":74.4000015258789}],"Elevation Midtown":[{"product":"$8 BOWL","units":24,"revenue":192.00000762939453,"cost":60.0,"profit":131.99999809265137,"transactions":20,"margin":68.80000305175781}]},"store_summary":[{"store_clean":"Elevation Midtown","units":24,"revenue":192.00000762939453,"cost":60.0,"profit":131.99999809265137,"discounts":48.00000190734863,"margin":68.80000305175781,"discount_rate":20.0},{"store_clean":"Elevation Mesa","units":8,"revenue":78.00000190734863,"cost":20.0,"profit":58.00000190734863,"discounts":2.0000000298023224,"margin":74.4000015258789,"discount_rate":2.5}],"recommendations":[],"comparison":null}