{"brand":"Zengaz","date_range":"2024-01-01 00:00:00 to 2026-01-31 00:00:00","period_label":"All Time","summary":{"total_units":784,"total_revenue":5996.875,"total_cost":2130.550079345703,"total_discounts":1403.125,"total_profit":3866.3250732421875,"overall_margin":64.5,"fp_margin":71.5,"disc_margin":56.70000076293945,"pct_full_price":52.599998474121094,"avg_discount_rate":19.0,"fp_revenue":3155.0,"disc_revenue":2841.8753051757812,"brand":"Zengaz","date_range":"2024-01-01 00:00:00 to 2026-01-31 00:00:00","primary_category":"ACCESSORY","store_coverage":"4/7","stores_present":["Elevation Springs","Elevation Oasis","Elevation Boulevard","Elevation Parkway"],"stores_missing":["Elevation Mesa","Elevation Downtown","Elevation Midtown"],"velocity_rank":99,"velocity_total":136},"distribution":[{"store":"Elevation Springs","carries_brand":true,"sku_count":2,"revenue":300.1249885559082,"units":40,"store_total_revenue":51138750.0,"brand_share_pct":0.0},{"store":"Elevation Mesa","carries_brand":false,"sku_count":0,"revenue":0.0,"units":0,"store_total_revenue":47532240.0,"brand_share_pct":0},{"store":"Elevation Oasis","carries_brand":true,"sku_count":2,"revenue":684.2500305175781,"units":82,"store_total_revenue":56050145.0,"brand_share_pct":0.0},{"store":"Elevation Downtown","carries_brand":false,"sku_count":0,"revenue":0.0,"units":0,"store_total_revenue":1945237.1875,"brand_share_pct":0},{"store":"Elevation Midtown","carries_brand":false,"sku_count":0,"revenue":0.0,"units":0,"store_total_revenue":30850185.0,"brand_share_pct":0},{"store":"Elevation Boulevard","carries_brand":true,"sku_count":4,"revenue":4586.250305175781,"units":624,"store_total_revenue":28757865.0,"brand_share_pct":0.0},{"store":"Elevation Parkway","carries_brand":true,"sku_count":2,"revenue":426.25,"units":38,"store_total_revenue":21987007.5,"brand_share_pct":0.0}],"share_of_category":[{"category":"ACCESSORY","brand_revenue":5996.875,"category_revenue":4128754.0625,"revenue_share_pct":0.10000000149011612,"brand_units":784,"category_units":2130096,"units_share_pct":0.0}],"share_of_category_trend":{"ACCESSORY":[{"period":"2024-01","brand_revenue":318.50000381469727,"category_revenue":153543.9453125,"share_pct":0.20000000298023224},{"period":"2024-02","brand_revenue":840.0,"category_revenue":152399.47265625,"share_pct":0.6000000238418579},{"period":"2024-03","brand_revenue":1114.749984741211,"category_revenue":154678.876953125,"share_pct":0.699999988079071},{"period":"2024-04","brand_revenue":549.5000076293945,"category_revenue":163353.65234375,"share_pct":0.30000001192092896},{"period":"2024-05","brand_revenue":427.5,"category_revenue":179676.4453125,"share_pct":0.20000000298023224},{"period":"2024-06","brand_revenue":267.74999618530273,"category_revenue":185008.828125,"share_pct":0.10000000149011612},{"period":"2024-07","brand_revenue":252.74999618530273,"category_revenue":186675.46875,"share_pct":0.10000000149011612},{"period":"2024-08","brand_revenue":531.7499923706055,"category_revenue":180226.328125,"share_pct":0.30000001192092896},{"period":"2024-09","brand_revenue":115.50000190734863,"category_revenue":162386.298828125,"share_pct":0.10000000149011612},{"period":"2024-10","brand_revenue":152.25000381469727,"category_revenue":166088.73046875,"share_pct":0.10000000149011612},{"period":"2024-11","brand_revenue":133.00000190734863,"category_revenue":171706.09375,"share_pct":0.10000000149011612},{"period":"2024-12","brand_revenue":0.0,"category_revenue":176502.03125,"share_pct":0.0},{"period":"2025-01","brand_revenue":140.0,"category_revenue":167261.34765625,"share_pct":0.10000000149011612},{"period":"2025-02","brand_revenue":340.0,"category_revenue":155260.927734375,"share_pct":0.20000000298023224},{"period":"2025-03","brand_revenue":175.0,"category_revenue":176420.390625,"share_pct":0.10000000149011612},{"period":"2025-04","brand_revenue":131.25,"category_revenue":182694.82421875,"share_pct":0.10000000149011612},{"period":"2025-05","brand_revenue":90.0,"category_revenue":179904.4921875,"share_pct":0.10000000149011612},{"period":"2025-06","brand_revenue":247.62500762939453,"category_revenue":161148.75,"share_pct":0.20000000298023224},{"period":"2025-07","brand_revenue":105.0,"category_revenue":165549.8046875,"share_pct":0.10000000149011612},{"period":"2025-08","brand_revenue":0.0,"category_revenue":171752.05078125,"share_pct":0.0},{"period":"2025-09","brand_revenue":0.0,"category_revenue":168198.9453125,"share_pct":0.0},{"period":"2025-10","brand_revenue":17.5,"category_revenue":171844.55078125,"share_pct":0.0},{"period":"2025-11","brand_revenue":0.0,"category_revenue":172839.74609375,"share_pct":0.0},{"period":"2025-12","brand_revenue":0.0,"category_revenue":141954.873046875,"share_pct":0.0},{"period":"2026-01","brand_revenue":47.249999046325684,"category_revenue":81677.1484375,"share_pct":0.10000000149011612}]},"velocity_by_category":[{"category":"ACCESSORY","brand_units_per_day":1.02,"category_avg_units_per_day":20.56,"velocity_index":5.0,"brand_rev_per_unit":6.12,"category_rev_per_unit":1.55,"brands_in_category":136}],"store_gaps":[{"store":"Elevation Midtown","category":"ACCESSORY","category_revenue_at_store":796566.25,"opportunity":"Brand not carried"},{"store":"Elevation Mesa","category":"ACCESSORY","category_revenue_at_store":552719.140625,"opportunity":"Brand not carried"},{"store":"Elevation Downtown","category":"ACCESSORY","category_revenue_at_store":61539.7021484375,"opportunity":"Brand not carried"}],"product_mix":{"top":[{"product":"$7 Torch Lighter","units":640,"revenue":4624.375,"cost":1718.3500671386719,"profit":2906.0250854492188,"stores":3,"transactions":556,"margin":62.79999923706055},{"product":"$10 ZENGAZ TOURCH","units":144,"revenue":1372.5,"cost":412.20001220703125,"profit":960.2999877929688,"stores":2,"transactions":126,"margin":70.0}],"bottom":[],"expansion":[{"product":"$7 Torch Lighter","current_stores":3,"total_stores":4,"missing_stores":["Elevation Parkway"],"revenue":4624.375},{"product":"$10 ZENGAZ TOURCH","current_stores":2,"total_stores":4,"missing_stores":["Elevation Springs","Elevation Oasis"],"revenue":1372.5}]},"pricing_consistency":[{"product":"$10 ZENGAZ TOURCH","min_price":17.85377358490566,"max_price":22.434210526315788,"avg_price":20.143992055610724,"std_dev":1.2955432088273884,"store_count":4,"price_range":4.5804369414101265,"range_pct":22.7},{"product":"$7 Torch Lighter","min_price":14.054055232338925,"max_price":16.689025134575076,"avg_price":15.24977659823647,"std_dev":0.5337033945524233,"store_count":6,"price_range":2.634969902236153,"range_pct":17.3}],"promotional_effectiveness":{"lift":{"fp_units_per_day":2.84,"disc_units_per_day":3.28,"lift_pct":16.1,"fp_avg_revenue_per_unit":18.55,"disc_avg_revenue_per_unit":12.8},"by_deal":[{"deal_name":"Industry - 30% Off","uses":78,"revenue":1163.750014603138,"discounts":536.2499845027924,"units":178.0,"cost":500.62499821186066,"margin":57.0,"discount_depth":63.0},{"deal_name":"Senior - 10% Off","uses":7,"revenue":126.00000381469727,"discounts":13.999999761581421,"units":16.0,"cost":39.300000071525574,"margin":68.8,"discount_depth":20.0},{"deal_name":"Veterans - 10% Off","uses":7,"revenue":132.7500033378601,"discounts":14.749999791383743,"units":16.0,"cost":41.299999952316284,"margin":68.9,"discount_depth":20.0},{"deal_name":"Industry 30% Off","uses":4,"revenue":73.50000143051147,"discounts":31.499998569488525,"units":12.0,"cost":33.75,"margin":54.1,"discount_depth":60.0},{"deal_name":"Jackpot - Locals 30% Off","uses":2,"revenue":24.500000476837158,"discounts":10.499999523162842,"units":4.0,"cost":6.200000047683716,"margin":74.7,"discount_depth":60.0},{"deal_name":"Senior / Veterans - 20% Off","uses":2,"revenue":27.999999523162842,"discounts":6.9999998807907104,"units":4.0,"cost":7.450000047683716,"margin":73.4,"discount_depth":40.0}]},"growth_opportunities":[{"type":"distribution","title":"Expand to Elevation Mesa","detail":"Store has $221,088 in ACCESSORY \u2014 categories where Zengaz competes.","priority":"high"},{"type":"distribution","title":"Expand to Elevation Downtown","detail":"Store has $24,616 in ACCESSORY \u2014 categories where Zengaz competes.","priority":"high"},{"type":"distribution","title":"Expand to Elevation Midtown","detail":"Store has $318,626 in ACCESSORY \u2014 categories where Zengaz competes.","priority":"high"},{"type":"sku_expansion","title":"Add '$10 ZENGAZ TOURCH' to 2 more store(s)","detail":"Carried in 2 stores. Missing from: Elevation Springs, Elevation Oasis","priority":"medium"},{"type":"sku_expansion","title":"Add '$7 Torch Lighter' to 1 more store(s)","detail":"Carried in 3 stores. Missing from: Elevation Parkway","priority":"medium"},{"type":"velocity","title":"Improve velocity in ACCESSORY","detail":"Velocity index 5 (below category average). 0.5 units/day vs 10.3 avg.","priority":"medium"}],"trend":[{"period":"2024-01","revenue":318.50000381469727,"cost":142.44999885559082,"margin":55.3,"units":52,"transactions":40,"profit":176.04999542236328,"revenue_change_pct":null,"units_change_pct":null,"margin_change_pts":null},{"period":"2024-02","revenue":840.0,"cost":303.52500915527344,"margin":63.9,"units":114,"transactions":104,"profit":536.4749908447266,"revenue_change_pct":163.7,"units_change_pct":119.2,"margin_change_pts":8.6},{"period":"2024-03","revenue":1114.749984741211,"cost":429.1749954223633,"margin":61.5,"units":158,"transactions":130,"profit":685.5750274658203,"revenue_change_pct":32.7,"units_change_pct":38.6,"margin_change_pts":-2.4},{"period":"2024-04","revenue":549.5000076293945,"cost":185.40000915527344,"margin":66.3,"units":72,"transactions":68,"profit":364.0999984741211,"revenue_change_pct":-50.7,"units_change_pct":-54.4,"margin_change_pts":4.8},{"period":"2024-05","revenue":427.5,"cost":155.59999465942383,"margin":63.6,"units":56,"transactions":50,"profit":271.9000053405762,"revenue_change_pct":-22.2,"units_change_pct":-22.2,"margin_change_pts":-2.7},{"period":"2024-06","revenue":267.74999618530273,"cost":97.44999885559082,"margin":63.6,"units":36,"transactions":34,"profit":170.30000686645508,"revenue_change_pct":-37.4,"units_change_pct":-35.7,"margin_change_pts":0.0},{"period":"2024-07","revenue":252.74999618530273,"cost":77.34999656677246,"margin":69.4,"units":28,"transactions":26,"profit":175.40000915527344,"revenue_change_pct":-5.6,"units_change_pct":-22.2,"margin_change_pts":5.8},{"period":"2024-08","revenue":531.7499923706055,"cost":153.125,"margin":71.2,"units":58,"transactions":48,"profit":378.62499237060547,"revenue_change_pct":110.4,"units_change_pct":107.1,"margin_change_pts":1.8},{"period":"2024-09","revenue":115.50000190734863,"cost":56.25,"margin":51.3,"units":20,"transactions":10,"profit":59.25000190734863,"revenue_change_pct":-78.3,"units_change_pct":-65.5,"margin_change_pts":-19.9},{"period":"2024-10","revenue":152.25000381469727,"cost":61.875,"margin":59.4,"units":22,"transactions":22,"profit":90.37500381469727,"revenue_change_pct":31.8,"units_change_pct":10.0,"margin_change_pts":8.1},{"period":"2024-11","revenue":133.00000190734863,"cost":45.0,"margin":66.2,"units":16,"transactions":16,"profit":88.00000190734863,"revenue_change_pct":-12.6,"units_change_pct":-27.3,"margin_change_pts":6.8},{"period":"2025-01","revenue":140.0,"cost":51.525001525878906,"margin":63.2,"units":18,"transactions":16,"profit":88.4749984741211,"revenue_change_pct":5.3,"units_change_pct":12.5,"margin_change_pts":-3.0},{"period":"2025-02","revenue":340.0,"cost":108.77499580383301,"margin":68.0,"units":38,"transactions":30,"profit":231.22499465942383,"revenue_change_pct":142.9,"units_change_pct":111.1,"margin_change_pts":4.8},{"period":"2025-03","revenue":175.0,"cost":51.525001525878906,"margin":70.6,"units":18,"transactions":18,"profit":123.4749984741211,"revenue_change_pct":-48.5,"units_change_pct":-52.6,"margin_change_pts":2.5},{"period":"2025-04","revenue":131.25,"cost":40.07499694824219,"margin":69.5,"units":14,"transactions":14,"profit":91.17500305175781,"revenue_change_pct":-25.0,"units_change_pct":-22.2,"margin_change_pts":-1.1},{"period":"2025-05","revenue":90.0,"cost":28.524999618530273,"margin":68.3,"units":10,"transactions":10,"profit":61.47500038146973,"revenue_change_pct":-31.4,"units_change_pct":-28.6,"margin_change_pts":-1.2},{"period":"2025-06","revenue":247.62500762939453,"cost":95.625,"margin":61.4,"units":34,"transactions":30,"profit":151.99999809265137,"revenue_change_pct":175.1,"units_change_pct":240.0,"margin_change_pts":-6.9},{"period":"2025-07","revenue":105.0,"cost":34.24999952316284,"margin":67.4,"units":12,"transactions":8,"profit":70.74999809265137,"revenue_change_pct":-57.6,"units_change_pct":-64.7,"margin_change_pts":6.0},{"period":"2025-10","revenue":17.5,"cost":5.625,"margin":67.9,"units":2,"transactions":2,"profit":11.875,"revenue_change_pct":-83.3,"units_change_pct":-83.3,"margin_change_pts":0.5},{"period":"2026-01","revenue":47.249999046325684,"cost":7.425000071525574,"margin":84.3,"units":6,"transactions":6,"profit":39.82500076293945,"revenue_change_pct":170.0,"units_change_pct":200.0,"margin_change_pts":16.4}]}