{"brand":"SKY","date_range":"2024-01-01 00:00:00 to 2026-01-31 00:00:00","period_label":"All Time","summary":{"total_units":60,"total_revenue":715.1999664306641,"total_cost":150.75000762939453,"total_discounts":34.80000019073486,"total_profit":564.4499588012695,"overall_margin":78.9000015258789,"fp_margin":80.0,"disc_margin":68.69999694824219,"pct_full_price":90.9000015258789,"avg_discount_rate":4.599999904632568,"fp_revenue":650.0,"disc_revenue":65.19999980926514,"unique_customers":56,"brand":"SKY","date_range":"2024-01-01 00:00:00 to 2026-01-31 00:00:00","months_count":20,"avg_monthly_cost":15.075000000000001,"cost_per_unit":5.0249999999999995,"primary_category":"ACCESSORY","primary_cat_margin":61.099998474121094,"category_rank":56,"category_total":136,"margin_vs_category":17.799999237060547,"velocity_rank":49},"category_breakdown":[{"category_clean":"ACCESSORY","units":60,"revenue":715.1999664306641,"cost":150.74999809265137,"profit":564.4499969482422,"discounts":34.80000019073486,"margin":78.9000015258789,"category_avg_margin":61.099998474121094,"vs_category":17.8,"rank":56.0,"total_brands":136.0}],"trend":[{"period":"2024-07","revenue":5.199999809265137,"cost":5.199999809265137,"margin":0.0,"units":2,"transactions":2,"profit":0.0,"revenue_change_pct":null,"units_change_pct":null,"margin_change_pts":null},{"period":"2024-08","revenue":117.5,"cost":25.999999046325684,"margin":77.9,"units":10,"transactions":10,"profit":91.49999618530273,"revenue_change_pct":2159.6,"units_change_pct":400.0,"margin_change_pts":77.9},{"period":"2024-09","revenue":50.0,"cost":10.399999618530273,"margin":79.2,"units":4,"transactions":4,"profit":39.60000038146973,"revenue_change_pct":-57.4,"units_change_pct":-60.0,"margin_change_pts":1.3},{"period":"2024-10","revenue":100.0,"cost":20.799999237060547,"margin":79.2,"units":8,"transactions":8,"profit":79.20000076293945,"revenue_change_pct":100.0,"units_change_pct":100.0,"margin_change_pts":0.0},{"period":"2024-11","revenue":70.0,"cost":15.59999942779541,"margin":77.7,"units":6,"transactions":6,"profit":54.40000057220459,"revenue_change_pct":-30.0,"units_change_pct":-25.0,"margin_change_pts":-1.5},{"period":"2025-03","revenue":22.5,"cost":4.8249998688697815,"margin":78.6,"units":2,"transactions":2,"profit":17.675000429153442,"revenue_change_pct":-67.9,"units_change_pct":-66.7,"margin_change_pts":0.8},{"period":"2025-04","revenue":25.0,"cost":4.8249998688697815,"margin":80.7,"units":2,"transactions":2,"profit":20.174999237060547,"revenue_change_pct":11.1,"units_change_pct":0,"margin_change_pts":2.1},{"period":"2025-05","revenue":100.0,"cost":19.299999475479126,"margin":80.7,"units":8,"transactions":8,"profit":80.69999694824219,"revenue_change_pct":300.0,"units_change_pct":300.0,"margin_change_pts":0.0},{"period":"2025-06","revenue":200.0,"cost":38.974997997283936,"margin":80.5,"units":16,"transactions":14,"profit":161.0249900817871,"revenue_change_pct":100.0,"units_change_pct":100.0,"margin_change_pts":-0.2},{"period":"2025-07","revenue":25.0,"cost":4.8249998688697815,"margin":80.7,"units":2,"transactions":2,"profit":20.174999237060547,"revenue_change_pct":-87.5,"units_change_pct":-87.5,"margin_change_pts":0.2}],"share_of_category":[{"category":"ACCESSORY","brand_revenue":715.1999664306641,"category_revenue":4128754.0625,"revenue_share_pct":0.0,"brand_units":60,"category_units":2130096,"units_share_pct":0.0}],"share_of_category_trend":{"ACCESSORY":[{"period":"2024-01","brand_revenue":0.0,"category_revenue":153543.9453125,"share_pct":0.0},{"period":"2024-02","brand_revenue":0.0,"category_revenue":152399.47265625,"share_pct":0.0},{"period":"2024-03","brand_revenue":0.0,"category_revenue":154678.876953125,"share_pct":0.0},{"period":"2024-04","brand_revenue":0.0,"category_revenue":163353.65234375,"share_pct":0.0},{"period":"2024-05","brand_revenue":0.0,"category_revenue":179676.4453125,"share_pct":0.0},{"period":"2024-06","brand_revenue":0.0,"category_revenue":185008.828125,"share_pct":0.0},{"period":"2024-07","brand_revenue":5.199999809265137,"category_revenue":186675.46875,"share_pct":0.0},{"period":"2024-08","brand_revenue":117.5,"category_revenue":180226.328125,"share_pct":0.10000000149011612},{"period":"2024-09","brand_revenue":50.0,"category_revenue":162386.298828125,"share_pct":0.0},{"period":"2024-10","brand_revenue":100.0,"category_revenue":166088.73046875,"share_pct":0.10000000149011612},{"period":"2024-11","brand_revenue":70.0,"category_revenue":171706.09375,"share_pct":0.0},{"period":"2024-12","brand_revenue":0.0,"category_revenue":176502.03125,"share_pct":0.0},{"period":"2025-01","brand_revenue":0.0,"category_revenue":167261.34765625,"share_pct":0.0},{"period":"2025-02","brand_revenue":0.0,"category_revenue":155260.927734375,"share_pct":0.0},{"period":"2025-03","brand_revenue":22.5,"category_revenue":176420.390625,"share_pct":0.0},{"period":"2025-04","brand_revenue":25.0,"category_revenue":182694.82421875,"share_pct":0.0},{"period":"2025-05","brand_revenue":100.0,"category_revenue":179904.4921875,"share_pct":0.10000000149011612},{"period":"2025-06","brand_revenue":200.0,"category_revenue":161148.75,"share_pct":0.10000000149011612},{"period":"2025-07","brand_revenue":25.0,"category_revenue":165549.8046875,"share_pct":0.0},{"period":"2025-08","brand_revenue":0.0,"category_revenue":171752.05078125,"share_pct":0.0},{"period":"2025-09","brand_revenue":0.0,"category_revenue":168198.9453125,"share_pct":0.0},{"period":"2025-10","brand_revenue":0.0,"category_revenue":171844.55078125,"share_pct":0.0},{"period":"2025-11","brand_revenue":0.0,"category_revenue":172839.74609375,"share_pct":0.0},{"period":"2025-12","brand_revenue":0.0,"category_revenue":141954.873046875,"share_pct":0.0},{"period":"2026-01","brand_revenue":0.0,"category_revenue":81677.1484375,"share_pct":0.0}]},"discount_depth":[{"tier":"0% (Full Price)","transactions":50,"pct_of_transactions":86.2,"revenue":650.0,"avg_discount":0.0},{"tier":"1-10%","transactions":2,"pct_of_transactions":3.4,"revenue":22.5,"avg_discount":20.0},{"tier":"11-20%","transactions":2,"pct_of_transactions":3.4,"revenue":20.0,"avg_discount":40.0},{"tier":"21-30%","transactions":0,"pct_of_transactions":0.0,"revenue":0.0,"avg_discount":0},{"tier":"31%+","transactions":2,"pct_of_transactions":3.4,"revenue":5.199999809265137,"avg_discount":158.39999389648438}],"velocity":{"units_per_day":0.18,"revenue_per_day":2.0749999582767487,"avg_units_per_txn":2.06,"days_of_data":346,"total_units":60,"total_transactions":58},"velocity_by_category":[{"category":"ACCESSORY","brand_units_per_day":0.08,"category_avg_units_per_day":20.56,"velocity_index":0.4,"brand_rev_per_unit":9.54,"category_rev_per_unit":1.55,"brands_in_category":136}],"deals":[],"top_products":[{"product":"SWIVEL TORCH","units":32,"revenue":367.7000045776367,"cost":83.19999694824219,"profit":284.50000762939453,"transactions":32,"margin":77.4000015258789},{"product":"Sky torch","units":28,"revenue":347.5,"cost":67.5499963760376,"profit":279.94998931884766,"transactions":26,"margin":80.5999984741211}],"products_by_store":{"Elevation Midtown":[{"product":"SWIVEL TORCH","units":32,"revenue":367.7000045776367,"cost":83.19999694824219,"profit":284.50000762939453,"transactions":32,"margin":77.4000015258789},{"product":"Sky torch","units":28,"revenue":347.5,"cost":67.5499963760376,"profit":279.94998931884766,"transactions":26,"margin":80.5999984741211}]},"store_summary":[{"store_clean":"Elevation Midtown","units":60,"revenue":715.1999664306641,"cost":150.74999809265137,"profit":564.4499969482422,"discounts":34.80000019073486,"margin":78.9000015258789,"discount_rate":4.599999904632568}],"recommendations":[],"comparison":null}