{"brand":"WHITE RHINO","date_range":"2024-01-01 00:00:00 to 2026-01-31 00:00:00","period_label":"All Time","summary":{"total_units":228,"total_revenue":3175.7498168945312,"total_cost":1191.4999389648438,"total_discounts":556.7500305175781,"total_profit":1984.2500305175781,"overall_margin":62.5,"fp_margin":69.9000015258789,"disc_margin":47.5,"pct_full_price":66.80000305175781,"avg_discount_rate":14.899999618530273,"fp_revenue":2120.0,"disc_revenue":1055.7501220703125,"brand":"WHITE RHINO","date_range":"2024-01-01 00:00:00 to 2026-01-31 00:00:00","primary_category":"ACCESSORY","store_coverage":"1/7","stores_present":["Elevation Oasis"],"stores_missing":["Elevation Springs","Elevation Mesa","Elevation Downtown","Elevation Midtown","Elevation Boulevard","Elevation Parkway"],"velocity_rank":24,"velocity_total":136},"distribution":[{"store":"Elevation Springs","carries_brand":false,"sku_count":0,"revenue":0.0,"units":0,"store_total_revenue":51138750.0,"brand_share_pct":0},{"store":"Elevation Mesa","carries_brand":false,"sku_count":0,"revenue":0.0,"units":0,"store_total_revenue":47532240.0,"brand_share_pct":0},{"store":"Elevation Oasis","carries_brand":true,"sku_count":8,"revenue":3175.7498168945312,"units":228,"store_total_revenue":56050145.0,"brand_share_pct":0.0},{"store":"Elevation Downtown","carries_brand":false,"sku_count":0,"revenue":0.0,"units":0,"store_total_revenue":1945237.1875,"brand_share_pct":0},{"store":"Elevation Midtown","carries_brand":false,"sku_count":0,"revenue":0.0,"units":0,"store_total_revenue":30850185.0,"brand_share_pct":0},{"store":"Elevation Boulevard","carries_brand":false,"sku_count":0,"revenue":0.0,"units":0,"store_total_revenue":28757865.0,"brand_share_pct":0},{"store":"Elevation Parkway","carries_brand":false,"sku_count":0,"revenue":0.0,"units":0,"store_total_revenue":21987007.5,"brand_share_pct":0}],"share_of_category":[{"category":"ACCESSORY","brand_revenue":3175.7498168945312,"category_revenue":4128754.0625,"revenue_share_pct":0.10000000149011612,"brand_units":228,"category_units":2130096,"units_share_pct":0.0}],"share_of_category_trend":{"ACCESSORY":[{"period":"2024-01","brand_revenue":0.0,"category_revenue":153543.9453125,"share_pct":0.0},{"period":"2024-02","brand_revenue":0.0,"category_revenue":152399.47265625,"share_pct":0.0},{"period":"2024-03","brand_revenue":0.0,"category_revenue":154678.876953125,"share_pct":0.0},{"period":"2024-04","brand_revenue":0.0,"category_revenue":163353.65234375,"share_pct":0.0},{"period":"2024-05","brand_revenue":0.0,"category_revenue":179676.4453125,"share_pct":0.0},{"period":"2024-06","brand_revenue":0.0,"category_revenue":185008.828125,"share_pct":0.0},{"period":"2024-07","brand_revenue":0.0,"category_revenue":186675.46875,"share_pct":0.0},{"period":"2024-08","brand_revenue":0.0,"category_revenue":180226.328125,"share_pct":0.0},{"period":"2024-09","brand_revenue":0.0,"category_revenue":162386.298828125,"share_pct":0.0},{"period":"2024-10","brand_revenue":0.0,"category_revenue":166088.73046875,"share_pct":0.0},{"period":"2024-11","brand_revenue":172.00000762939453,"category_revenue":171706.09375,"share_pct":0.10000000149011612},{"period":"2024-12","brand_revenue":35.999999046325684,"category_revenue":176502.03125,"share_pct":0.0},{"period":"2025-01","brand_revenue":206.00000381469727,"category_revenue":167261.34765625,"share_pct":0.10000000149011612},{"period":"2025-02","brand_revenue":389.24999237060547,"category_revenue":155260.927734375,"share_pct":0.30000001192092896},{"period":"2025-03","brand_revenue":507.5,"category_revenue":176420.390625,"share_pct":0.30000001192092896},{"period":"2025-04","brand_revenue":443.125,"category_revenue":182694.82421875,"share_pct":0.20000000298023224},{"period":"2025-05","brand_revenue":458.125,"category_revenue":179904.4921875,"share_pct":0.30000001192092896},{"period":"2025-06","brand_revenue":105.0,"category_revenue":161148.75,"share_pct":0.10000000149011612},{"period":"2025-07","brand_revenue":255.75000762939453,"category_revenue":165549.8046875,"share_pct":0.20000000298023224},{"period":"2025-08","brand_revenue":193.50000381469727,"category_revenue":171752.05078125,"share_pct":0.10000000149011612},{"period":"2025-09","brand_revenue":67.5,"category_revenue":168198.9453125,"share_pct":0.0},{"period":"2025-10","brand_revenue":67.5,"category_revenue":171844.55078125,"share_pct":0.0},{"period":"2025-11","brand_revenue":126.00000381469727,"category_revenue":172839.74609375,"share_pct":0.10000000149011612},{"period":"2025-12","brand_revenue":45.0,"category_revenue":141954.873046875,"share_pct":0.0},{"period":"2026-01","brand_revenue":103.50000381469727,"category_revenue":81677.1484375,"share_pct":0.10000000149011612}]},"velocity_by_category":[{"category":"ACCESSORY","brand_units_per_day":0.3,"category_avg_units_per_day":20.56,"velocity_index":1.5,"brand_rev_per_unit":11.14,"category_rev_per_unit":1.55,"brands_in_category":136}],"store_gaps":[{"store":"Elevation Springs","category":"ACCESSORY","category_revenue_at_store":898382.421875,"opportunity":"Brand not carried"},{"store":"Elevation Midtown","category":"ACCESSORY","category_revenue_at_store":796566.25,"opportunity":"Brand not carried"},{"store":"Elevation Mesa","category":"ACCESSORY","category_revenue_at_store":552719.140625,"opportunity":"Brand not carried"},{"store":"Elevation Boulevard","category":"ACCESSORY","category_revenue_at_store":466482.890625,"opportunity":"Brand not carried"},{"store":"Elevation Parkway","category":"ACCESSORY","category_revenue_at_store":435759.453125,"opportunity":"Brand not carried"},{"store":"Elevation Downtown","category":"ACCESSORY","category_revenue_at_store":61539.7021484375,"opportunity":"Brand not carried"}],"product_mix":{"top":[{"product":"GLASS BLUNT SLIDER - WHITE RHINO","units":82,"revenue":1378.75,"cost":499.00001525878906,"profit":879.7499847412109,"stores":1,"transactions":78,"margin":63.79999923706055},{"product":"XL CHILLUM - WHITE RHINO","units":90,"revenue":940.5000305175781,"cost":202.5,"profit":737.9999542236328,"stores":1,"transactions":86,"margin":78.5},{"product":"GLOW IN THE DARK DOWNSTEM - WHITE RHINO","units":30,"revenue":469.50000762939453,"cost":262.5,"profit":206.9999885559082,"stores":1,"transactions":30,"margin":44.099998474121094},{"product":"CERAMIC DAB STRAW - WHITE RHINO","units":26,"revenue":387.00000762939453,"cost":227.5,"profit":159.49999809265137,"stores":1,"transactions":26,"margin":41.20000076293945}],"bottom":[],"expansion":[]},"pricing_consistency":[],"promotional_effectiveness":{"lift":{"fp_units_per_day":2.34,"disc_units_per_day":2.24,"lift_pct":-4.3,"fp_avg_revenue_per_unit":31.175,"disc_avg_revenue_per_unit":22.95},"by_deal":[{"deal_name":"Industry - 30% Off","uses":7,"revenue":180.24999856948853,"discounts":77.25000202655792,"units":14.0,"cost":99.00000035762787,"margin":45.1,"discount_depth":60.0},{"deal_name":"Senior - 10% Off","uses":7,"revenue":162.00000524520874,"discounts":32.99999922513962,"units":14.0,"cost":51.99999988079071,"margin":67.9,"discount_depth":33.8},{"deal_name":"Jackpot - Locals 30% Off","uses":5,"revenue":101.50000095367432,"discounts":43.50000083446503,"units":10.0,"cost":43.00000011920929,"margin":57.6,"discount_depth":60.0},{"deal_name":"Veterans - 10% Off","uses":3,"revenue":83.24999928474426,"discounts":16.749999821186066,"units":6.0,"cost":34.00000035762787,"margin":59.2,"discount_depth":33.4},{"deal_name":"Employee 30% - NOT FRIDAYS","uses":1,"revenue":8.00000011920929,"discounts":32.00000047683716,"units":2.0,"cost":17.5,"margin":-118.7,"discount_depth":160.0}]},"growth_opportunities":[{"type":"distribution","title":"Expand to Elevation Springs","detail":"Store has $359,353 in ACCESSORY \u2014 categories where WHITE RHINO competes.","priority":"high"},{"type":"distribution","title":"Expand to Elevation Mesa","detail":"Store has $221,088 in ACCESSORY \u2014 categories where WHITE RHINO competes.","priority":"high"},{"type":"distribution","title":"Expand to Elevation Downtown","detail":"Store has $24,616 in ACCESSORY \u2014 categories where WHITE RHINO competes.","priority":"high"},{"type":"distribution","title":"Expand to Elevation Midtown","detail":"Store has $318,626 in ACCESSORY \u2014 categories where WHITE RHINO competes.","priority":"high"},{"type":"distribution","title":"Expand to Elevation Boulevard","detail":"Store has $186,593 in ACCESSORY \u2014 categories where WHITE RHINO competes.","priority":"high"},{"type":"distribution","title":"Expand to Elevation Parkway","detail":"Store has $174,304 in ACCESSORY \u2014 categories where WHITE RHINO competes.","priority":"high"},{"type":"velocity","title":"Improve velocity in ACCESSORY","detail":"Velocity index 2 (below category average). 0.1 units/day vs 10.3 avg.","priority":"medium"}],"trend":[{"period":"2024-11","revenue":172.00000762939453,"cost":87.5,"margin":49.1,"units":10,"transactions":10,"profit":84.49999809265137,"revenue_change_pct":null,"units_change_pct":null,"margin_change_pts":null},{"period":"2024-12","revenue":35.999999046325684,"cost":35.0,"margin":2.8,"units":4,"transactions":4,"profit":0.9999996423721313,"revenue_change_pct":-79.1,"units_change_pct":-60.0,"margin_change_pts":-46.4},{"period":"2025-01","revenue":206.00000381469727,"cost":110.0,"margin":46.6,"units":16,"transactions":14,"profit":96.00000381469727,"revenue_change_pct":472.2,"units_change_pct":300.0,"margin_change_pts":43.8},{"period":"2025-02","revenue":389.24999237060547,"cost":125.50000190734863,"margin":67.8,"units":24,"transactions":24,"profit":263.75,"revenue_change_pct":89.0,"units_change_pct":50.0,"margin_change_pts":21.2},{"period":"2025-03","revenue":507.5,"cost":177.5,"margin":65.0,"units":34,"transactions":34,"profit":330.0,"revenue_change_pct":30.4,"units_change_pct":41.7,"margin_change_pts":-2.7},{"period":"2025-04","revenue":443.125,"cost":156.00000381469727,"margin":64.8,"units":32,"transactions":32,"profit":287.12499618530273,"revenue_change_pct":-12.7,"units_change_pct":-5.9,"margin_change_pts":-0.2},{"period":"2025-05","revenue":458.125,"cost":140.5000114440918,"margin":69.3,"units":30,"transactions":28,"profit":317.6249885559082,"revenue_change_pct":3.4,"units_change_pct":-6.2,"margin_change_pts":4.5},{"period":"2025-06","revenue":105.0,"cost":25.499999523162842,"margin":75.7,"units":8,"transactions":8,"profit":79.49999809265137,"revenue_change_pct":-77.1,"units_change_pct":-73.3,"margin_change_pts":6.4},{"period":"2025-07","revenue":255.75000762939453,"cost":86.99999809265137,"margin":66.0,"units":18,"transactions":18,"profit":168.75,"revenue_change_pct":143.6,"units_change_pct":125.0,"margin_change_pts":-9.7},{"period":"2025-08","revenue":193.50000381469727,"cost":40.49999713897705,"margin":79.1,"units":18,"transactions":16,"profit":152.99999237060547,"revenue_change_pct":-24.3,"units_change_pct":0,"margin_change_pts":13.1},{"period":"2025-09","revenue":67.5,"cost":13.499999046325684,"margin":80.0,"units":6,"transactions":6,"profit":53.999996185302734,"revenue_change_pct":-65.1,"units_change_pct":-66.7,"margin_change_pts":0.9},{"period":"2025-10","revenue":67.5,"cost":30.999999046325684,"margin":54.1,"units":8,"transactions":6,"profit":36.500000953674316,"revenue_change_pct":0,"units_change_pct":33.3,"margin_change_pts":-25.9},{"period":"2025-11","revenue":126.00000381469727,"cost":74.49999809265137,"margin":40.9,"units":10,"transactions":10,"profit":51.500000953674316,"revenue_change_pct":86.7,"units_change_pct":25.0,"margin_change_pts":-13.2},{"period":"2025-12","revenue":45.0,"cost":35.0,"margin":22.2,"units":4,"transactions":4,"profit":10.0,"revenue_change_pct":-64.3,"units_change_pct":-60.0,"margin_change_pts":-18.7},{"period":"2026-01","revenue":103.50000381469727,"cost":52.5,"margin":49.3,"units":6,"transactions":6,"profit":50.999999046325684,"revenue_change_pct":130.0,"units_change_pct":50.0,"margin_change_pts":27.1}]}