{"brand":"AROMA RETAIL","date_range":"2024-01-01 00:00:00 to 2026-01-31 00:00:00","period_label":"All Time","summary":{"total_units":24,"total_revenue":192.1999740600586,"total_cost":150.0,"total_discounts":107.5,"total_profit":42.199997901916504,"overall_margin":22.0,"fp_margin":49.900001525878906,"disc_margin":17.799999237060547,"pct_full_price":13.0,"avg_discount_rate":35.900001525878906,"fp_revenue":24.97499942779541,"disc_revenue":167.2249984741211,"brand":"AROMA RETAIL","date_range":"2024-01-01 00:00:00 to 2026-01-31 00:00:00","primary_category":"ACCESSORY","store_coverage":"1/7","stores_present":["Elevation Mesa"],"stores_missing":["Elevation Springs","Elevation Oasis","Elevation Downtown","Elevation Midtown","Elevation Boulevard","Elevation Parkway"],"velocity_rank":80,"velocity_total":136},"distribution":[{"store":"Elevation Springs","carries_brand":false,"sku_count":0,"revenue":0.0,"units":0,"store_total_revenue":51138750.0,"brand_share_pct":0},{"store":"Elevation Mesa","carries_brand":true,"sku_count":2,"revenue":192.1999740600586,"units":24,"store_total_revenue":47532240.0,"brand_share_pct":0.0},{"store":"Elevation Oasis","carries_brand":false,"sku_count":0,"revenue":0.0,"units":0,"store_total_revenue":56050145.0,"brand_share_pct":0},{"store":"Elevation Downtown","carries_brand":false,"sku_count":0,"revenue":0.0,"units":0,"store_total_revenue":1945237.1875,"brand_share_pct":0},{"store":"Elevation Midtown","carries_brand":false,"sku_count":0,"revenue":0.0,"units":0,"store_total_revenue":30850185.0,"brand_share_pct":0},{"store":"Elevation Boulevard","carries_brand":false,"sku_count":0,"revenue":0.0,"units":0,"store_total_revenue":28757865.0,"brand_share_pct":0},{"store":"Elevation Parkway","carries_brand":false,"sku_count":0,"revenue":0.0,"units":0,"store_total_revenue":21987007.5,"brand_share_pct":0}],"share_of_category":[{"category":"ACCESSORY","brand_revenue":192.1999740600586,"category_revenue":4128754.0625,"revenue_share_pct":0.0,"brand_units":24,"category_units":2130096,"units_share_pct":0.0}],"share_of_category_trend":{"ACCESSORY":[{"period":"2024-01","brand_revenue":0.0,"category_revenue":153543.9453125,"share_pct":0.0},{"period":"2024-02","brand_revenue":0.0,"category_revenue":152399.47265625,"share_pct":0.0},{"period":"2024-03","brand_revenue":0.0,"category_revenue":154678.876953125,"share_pct":0.0},{"period":"2024-04","brand_revenue":0.0,"category_revenue":163353.65234375,"share_pct":0.0},{"period":"2024-05","brand_revenue":0.0,"category_revenue":179676.4453125,"share_pct":0.0},{"period":"2024-06","brand_revenue":0.0,"category_revenue":185008.828125,"share_pct":0.0},{"period":"2024-07","brand_revenue":0.0,"category_revenue":186675.46875,"share_pct":0.0},{"period":"2024-08","brand_revenue":0.0,"category_revenue":180226.328125,"share_pct":0.0},{"period":"2024-09","brand_revenue":0.0,"category_revenue":162386.298828125,"share_pct":0.0},{"period":"2024-10","brand_revenue":0.0,"category_revenue":166088.73046875,"share_pct":0.0},{"period":"2024-11","brand_revenue":44.94999885559082,"category_revenue":171706.09375,"share_pct":0.0},{"period":"2024-12","brand_revenue":47.42499828338623,"category_revenue":176502.03125,"share_pct":0.0},{"period":"2025-01","brand_revenue":99.82500076293945,"category_revenue":167261.34765625,"share_pct":0.10000000149011612},{"period":"2025-02","brand_revenue":0.0,"category_revenue":155260.927734375,"share_pct":0.0},{"period":"2025-03","brand_revenue":0.0,"category_revenue":176420.390625,"share_pct":0.0},{"period":"2025-04","brand_revenue":0.0,"category_revenue":182694.82421875,"share_pct":0.0},{"period":"2025-05","brand_revenue":0.0,"category_revenue":179904.4921875,"share_pct":0.0},{"period":"2025-06","brand_revenue":0.0,"category_revenue":161148.75,"share_pct":0.0},{"period":"2025-07","brand_revenue":0.0,"category_revenue":165549.8046875,"share_pct":0.0},{"period":"2025-08","brand_revenue":0.0,"category_revenue":171752.05078125,"share_pct":0.0},{"period":"2025-09","brand_revenue":0.0,"category_revenue":168198.9453125,"share_pct":0.0},{"period":"2025-10","brand_revenue":0.0,"category_revenue":171844.55078125,"share_pct":0.0},{"period":"2025-11","brand_revenue":0.0,"category_revenue":172839.74609375,"share_pct":0.0},{"period":"2025-12","brand_revenue":0.0,"category_revenue":141954.873046875,"share_pct":0.0},{"period":"2026-01","brand_revenue":0.0,"category_revenue":81677.1484375,"share_pct":0.0}]},"velocity_by_category":[{"category":"ACCESSORY","brand_units_per_day":0.04,"category_avg_units_per_day":20.56,"velocity_index":0.2,"brand_rev_per_unit":6.41,"category_rev_per_unit":1.55,"brands_in_category":136}],"store_gaps":[{"store":"Elevation Oasis","category":"ACCESSORY","category_revenue_at_store":917304.21875,"opportunity":"Brand not carried"},{"store":"Elevation Springs","category":"ACCESSORY","category_revenue_at_store":898382.421875,"opportunity":"Brand not carried"},{"store":"Elevation Midtown","category":"ACCESSORY","category_revenue_at_store":796566.25,"opportunity":"Brand not carried"},{"store":"Elevation Boulevard","category":"ACCESSORY","category_revenue_at_store":466482.890625,"opportunity":"Brand not carried"},{"store":"Elevation Parkway","category":"ACCESSORY","category_revenue_at_store":435759.453125,"opportunity":"Brand not carried"},{"store":"Elevation Downtown","category":"ACCESSORY","category_revenue_at_store":61539.7021484375,"opportunity":"Brand not carried"}],"product_mix":{"top":[{"product":"CANNA LESS FRAGRANCE - AROMA RETAIL","units":24,"revenue":192.19999313354492,"cost":150.0,"profit":42.199997901916504,"stores":1,"transactions":22,"margin":22.0}],"bottom":[],"expansion":[]},"pricing_consistency":[],"promotional_effectiveness":{"lift":{"fp_units_per_day":2.0,"disc_units_per_day":2.44,"lift_pct":22.2,"fp_avg_revenue_per_unit":24.975,"disc_avg_revenue_per_unit":15.2},"by_deal":[{"deal_name":"Industry - 30% Off","uses":2,"revenue":34.94999885559082,"discounts":15.0,"units":4.0,"cost":25.0,"margin":28.5,"discount_depth":60.0}]},"growth_opportunities":[{"type":"distribution","title":"Expand to Elevation Springs","detail":"Store has $359,353 in ACCESSORY \u2014 categories where AROMA RETAIL competes.","priority":"high"},{"type":"distribution","title":"Expand to Elevation Oasis","detail":"Store has $366,922 in ACCESSORY \u2014 categories where AROMA RETAIL competes.","priority":"high"},{"type":"distribution","title":"Expand to Elevation Downtown","detail":"Store has $24,616 in ACCESSORY \u2014 categories where AROMA RETAIL competes.","priority":"high"},{"type":"distribution","title":"Expand to Elevation Midtown","detail":"Store has $318,626 in ACCESSORY \u2014 categories where AROMA RETAIL competes.","priority":"high"},{"type":"distribution","title":"Expand to Elevation Boulevard","detail":"Store has $186,593 in ACCESSORY \u2014 categories where AROMA RETAIL competes.","priority":"high"},{"type":"distribution","title":"Expand to Elevation Parkway","detail":"Store has $174,304 in ACCESSORY \u2014 categories where AROMA RETAIL competes.","priority":"high"},{"type":"velocity","title":"Improve velocity in ACCESSORY","detail":"Velocity index 0 (below category average). 0.0 units/day vs 10.3 avg.","priority":"medium"}],"trend":[{"period":"2024-11","revenue":44.94999885559082,"cost":25.0,"margin":44.4,"units":4,"transactions":2,"profit":19.950000047683716,"revenue_change_pct":null,"units_change_pct":null,"margin_change_pts":null},{"period":"2024-12","revenue":47.42499828338623,"cost":37.5,"margin":20.9,"units":6,"transactions":6,"profit":9.925000071525574,"revenue_change_pct":5.5,"units_change_pct":50.0,"margin_change_pts":-23.5},{"period":"2025-01","revenue":99.82500076293945,"cost":87.5,"margin":12.3,"units":14,"transactions":14,"profit":12.324999570846558,"revenue_change_pct":110.5,"units_change_pct":133.3,"margin_change_pts":-8.6}]}