{"brand":"AROMA RETAIL","date_range":"2024-01-01 00:00:00 to 2026-01-31 00:00:00","period_label":"All Time","summary":{"total_units":24,"total_revenue":192.1999740600586,"total_cost":150.0,"total_discounts":107.5,"total_profit":42.199997901916504,"overall_margin":22.0,"fp_margin":49.900001525878906,"disc_margin":17.799999237060547,"pct_full_price":13.0,"avg_discount_rate":35.900001525878906,"fp_revenue":24.97499942779541,"disc_revenue":167.2249984741211,"unique_customers":20,"brand":"AROMA RETAIL","date_range":"2024-01-01 00:00:00 to 2026-01-31 00:00:00","months_count":6,"avg_monthly_cost":50.0,"cost_per_unit":12.5,"primary_category":"ACCESSORY","primary_cat_margin":61.099998474121094,"category_rank":101,"category_total":136,"margin_vs_category":-39.099998474121094,"velocity_rank":80},"category_breakdown":[{"category_clean":"ACCESSORY","units":24,"revenue":192.19999313354492,"cost":150.0,"profit":42.199997901916504,"discounts":107.5,"margin":22.0,"category_avg_margin":61.099998474121094,"vs_category":-39.1,"rank":101.0,"total_brands":136.0}],"trend":[{"period":"2024-11","revenue":44.94999885559082,"cost":25.0,"margin":44.4,"units":4,"transactions":2,"profit":19.950000047683716,"revenue_change_pct":null,"units_change_pct":null,"margin_change_pts":null},{"period":"2024-12","revenue":47.42499828338623,"cost":37.5,"margin":20.9,"units":6,"transactions":6,"profit":9.925000071525574,"revenue_change_pct":5.5,"units_change_pct":50.0,"margin_change_pts":-23.5},{"period":"2025-01","revenue":99.82500076293945,"cost":87.5,"margin":12.3,"units":14,"transactions":14,"profit":12.324999570846558,"revenue_change_pct":110.5,"units_change_pct":133.3,"margin_change_pts":-8.6}],"share_of_category":[{"category":"ACCESSORY","brand_revenue":192.1999740600586,"category_revenue":4128754.0625,"revenue_share_pct":0.0,"brand_units":24,"category_units":2130096,"units_share_pct":0.0}],"share_of_category_trend":{"ACCESSORY":[{"period":"2024-01","brand_revenue":0.0,"category_revenue":153543.9453125,"share_pct":0.0},{"period":"2024-02","brand_revenue":0.0,"category_revenue":152399.47265625,"share_pct":0.0},{"period":"2024-03","brand_revenue":0.0,"category_revenue":154678.876953125,"share_pct":0.0},{"period":"2024-04","brand_revenue":0.0,"category_revenue":163353.65234375,"share_pct":0.0},{"period":"2024-05","brand_revenue":0.0,"category_revenue":179676.4453125,"share_pct":0.0},{"period":"2024-06","brand_revenue":0.0,"category_revenue":185008.828125,"share_pct":0.0},{"period":"2024-07","brand_revenue":0.0,"category_revenue":186675.46875,"share_pct":0.0},{"period":"2024-08","brand_revenue":0.0,"category_revenue":180226.328125,"share_pct":0.0},{"period":"2024-09","brand_revenue":0.0,"category_revenue":162386.298828125,"share_pct":0.0},{"period":"2024-10","brand_revenue":0.0,"category_revenue":166088.73046875,"share_pct":0.0},{"period":"2024-11","brand_revenue":44.94999885559082,"category_revenue":171706.09375,"share_pct":0.0},{"period":"2024-12","brand_revenue":47.42499828338623,"category_revenue":176502.03125,"share_pct":0.0},{"period":"2025-01","brand_revenue":99.82500076293945,"category_revenue":167261.34765625,"share_pct":0.10000000149011612},{"period":"2025-02","brand_revenue":0.0,"category_revenue":155260.927734375,"share_pct":0.0},{"period":"2025-03","brand_revenue":0.0,"category_revenue":176420.390625,"share_pct":0.0},{"period":"2025-04","brand_revenue":0.0,"category_revenue":182694.82421875,"share_pct":0.0},{"period":"2025-05","brand_revenue":0.0,"category_revenue":179904.4921875,"share_pct":0.0},{"period":"2025-06","brand_revenue":0.0,"category_revenue":161148.75,"share_pct":0.0},{"period":"2025-07","brand_revenue":0.0,"category_revenue":165549.8046875,"share_pct":0.0},{"period":"2025-08","brand_revenue":0.0,"category_revenue":171752.05078125,"share_pct":0.0},{"period":"2025-09","brand_revenue":0.0,"category_revenue":168198.9453125,"share_pct":0.0},{"period":"2025-10","brand_revenue":0.0,"category_revenue":171844.55078125,"share_pct":0.0},{"period":"2025-11","brand_revenue":0.0,"category_revenue":172839.74609375,"share_pct":0.0},{"period":"2025-12","brand_revenue":0.0,"category_revenue":141954.873046875,"share_pct":0.0},{"period":"2026-01","brand_revenue":0.0,"category_revenue":81677.1484375,"share_pct":0.0}]},"discount_depth":[{"tier":"0% (Full Price)","transactions":2,"pct_of_transactions":9.1,"revenue":24.97499942779541,"avg_discount":0.0},{"tier":"1-10%","transactions":0,"pct_of_transactions":0.0,"revenue":0.0,"avg_discount":0},{"tier":"11-20%","transactions":2,"pct_of_transactions":9.1,"revenue":44.94999885559082,"avg_discount":20.0},{"tier":"21-30%","transactions":0,"pct_of_transactions":0.0,"revenue":0.0,"avg_discount":0},{"tier":"31%+","transactions":18,"pct_of_transactions":81.8,"revenue":122.27499008178711,"avg_discount":91.19999694824219}],"velocity":{"units_per_day":0.4,"revenue_per_day":3.1999999284744263,"avg_units_per_txn":2.18,"days_of_data":60,"total_units":24,"total_transactions":22},"velocity_by_category":[{"category":"ACCESSORY","brand_units_per_day":0.04,"category_avg_units_per_day":20.56,"velocity_index":0.2,"brand_rev_per_unit":6.41,"category_rev_per_unit":1.55,"brands_in_category":136}],"deals":[{"deal_name":"Industry - 30% Off","times_used":4,"units":4.0,"revenue":34.94999885559082,"discounts":15.0,"cost":25.0,"profit":9.950000047683716,"pre_discount_revenue":49.94999885559082,"margin":28.5,"avg_discount":60.0}],"top_products":[{"product":"CANNA LESS FRAGRANCE - AROMA RETAIL","units":24,"revenue":192.19999313354492,"cost":150.0,"profit":42.199997901916504,"transactions":22,"margin":22.0}],"products_by_store":{"Elevation Mesa":[{"product":"CANNA LESS FRAGRANCE - AROMA RETAIL","units":24,"revenue":192.19999313354492,"cost":150.0,"profit":42.199997901916504,"transactions":22,"margin":22.0}]},"store_summary":[{"store_clean":"Elevation Mesa","units":24,"revenue":192.19999313354492,"cost":150.0,"profit":42.199997901916504,"discounts":107.5,"margin":22.0,"discount_rate":35.900001525878906}],"recommendations":[{"severity":"red","title":"ACCESSORY: BELOW CATEGORY AVERAGE","detail":"Margin (22.0%) is 39 pts below ACCESSORY average. Ranked #101 of 136. Strong case for cost negotiation.","action":"Request 20% cost reduction or evaluate alternative ACCESSORY brands."},{"severity":"yellow","title":"CATEGORY BENCHMARK GAP","detail":"Overall margin (22.0%) trails ACCESSORY average (61.1%) by 39.1 pts.","action":"Negotiate cost reduction or increase retail price."},{"severity":"red","title":"HIGH PROMOTION DEPENDENCY","detail":"Only 13% sells at full price. Heavy discounting required.","action":"Test reducing deal frequency \u2014 track velocity without promos."},{"severity":"red","title":"LOW DISCOUNTED MARGIN","detail":"Margin drops to 17.8% when discounted.","action":"Cap discount depth at 20% or negotiate lower wholesale cost."}],"comparison":null}