{"brand":"TOBACCO ISLAND","date_range":"2024-01-01 00:00:00 to 2026-01-31 00:00:00","period_label":"All Time","summary":{"total_units":3458,"total_revenue":30794.7998046875,"total_cost":11993.62548828125,"total_discounts":3835.1998901367188,"total_profit":18801.175537109375,"overall_margin":61.099998474121094,"fp_margin":66.0999984741211,"disc_margin":46.599998474121094,"pct_full_price":74.0,"avg_discount_rate":11.100000381469727,"fp_revenue":22776.25,"disc_revenue":8018.5498046875,"unique_customers":2368,"brand":"TOBACCO ISLAND","date_range":"2024-01-01 00:00:00 to 2026-01-31 00:00:00","months_count":50,"avg_monthly_cost":479.75,"cost_per_unit":6.925,"primary_category":"ACCESSORY","primary_cat_margin":61.099998474121094,"category_rank":9,"category_total":136,"margin_vs_category":0.0,"velocity_rank":6},"category_breakdown":[{"category_clean":"ACCESSORY","units":3426,"revenue":29234.29931640625,"cost":11284.024658203125,"profit":17950.274658203125,"discounts":3395.7000732421875,"margin":61.400001525878906,"category_avg_margin":61.099998474121094,"vs_category":0.3,"rank":9.0,"total_brands":136.0}],"trend":[{"period":"2024-01","revenue":1188.375015258789,"cost":651.0749816894531,"margin":45.2,"units":158,"transactions":136,"profit":537.2999954223633,"revenue_change_pct":null,"units_change_pct":null,"margin_change_pts":null},{"period":"2024-02","revenue":1410.5999755859375,"cost":673.1999969482422,"margin":52.3,"units":148,"transactions":128,"profit":737.3999786376953,"revenue_change_pct":18.7,"units_change_pct":-6.3,"margin_change_pts":7.1},{"period":"2024-03","revenue":1994.8750305175781,"cost":912.5,"margin":54.3,"units":214,"transactions":174,"profit":1082.3750305175781,"revenue_change_pct":41.4,"units_change_pct":44.6,"margin_change_pts":2.0},{"period":"2024-04","revenue":1602.449951171875,"cost":616.4500045776367,"margin":61.5,"units":152,"transactions":138,"profit":985.9999847412109,"revenue_change_pct":-19.7,"units_change_pct":-29.0,"margin_change_pts":7.3},{"period":"2024-05","revenue":1138.6000061035156,"cost":519.1999816894531,"margin":54.4,"units":146,"transactions":128,"profit":619.3999862670898,"revenue_change_pct":-28.9,"units_change_pct":-3.9,"margin_change_pts":-7.1},{"period":"2024-06","revenue":1293.5499572753906,"cost":539.6250152587891,"margin":58.3,"units":156,"transactions":122,"profit":753.9250183105469,"revenue_change_pct":13.6,"units_change_pct":6.8,"margin_change_pts":3.9},{"period":"2024-07","revenue":1550.0,"cost":782.9750061035156,"margin":49.5,"units":168,"transactions":154,"profit":767.0249938964844,"revenue_change_pct":19.8,"units_change_pct":7.7,"margin_change_pts":-8.8},{"period":"2024-08","revenue":1906.9749450683594,"cost":647.4500274658203,"margin":66.0,"units":254,"transactions":218,"profit":1259.5249938964844,"revenue_change_pct":23.0,"units_change_pct":51.2,"margin_change_pts":16.6},{"period":"2024-09","revenue":1565.5000305175781,"cost":615.2500152587891,"margin":60.7,"units":202,"transactions":176,"profit":950.2500152587891,"revenue_change_pct":-17.9,"units_change_pct":-20.5,"margin_change_pts":-5.3},{"period":"2024-10","revenue":1685.1249694824219,"cost":566.0499954223633,"margin":66.4,"units":254,"transactions":200,"profit":1119.0750122070312,"revenue_change_pct":7.6,"units_change_pct":25.7,"margin_change_pts":5.7},{"period":"2024-11","revenue":797.7500152587891,"cost":295.87499618530273,"margin":62.9,"units":126,"transactions":110,"profit":501.875,"revenue_change_pct":-52.7,"units_change_pct":-50.4,"margin_change_pts":-3.5},{"period":"2024-12","revenue":1062.6249694824219,"cost":383.84998321533203,"margin":63.9,"units":140,"transactions":114,"profit":678.7750244140625,"revenue_change_pct":33.2,"units_change_pct":11.1,"margin_change_pts":1.0},{"period":"2025-01","revenue":1754.8500061035156,"cost":657.5,"margin":62.5,"units":122,"transactions":118,"profit":1097.3500061035156,"revenue_change_pct":65.1,"units_change_pct":-12.9,"margin_change_pts":-1.3},{"period":"2025-02","revenue":2055.675048828125,"cost":740.4250335693359,"margin":64.0,"units":164,"transactions":146,"profit":1315.2499389648438,"revenue_change_pct":17.1,"units_change_pct":34.4,"margin_change_pts":1.4},{"period":"2025-03","revenue":1754.8249816894531,"cost":612.4750137329102,"margin":65.1,"units":136,"transactions":130,"profit":1142.3499298095703,"revenue_change_pct":-14.6,"units_change_pct":-17.1,"margin_change_pts":1.1},{"period":"2025-04","revenue":2236.6250610351562,"cost":784.7750091552734,"margin":64.9,"units":142,"transactions":128,"profit":1451.8499755859375,"revenue_change_pct":27.5,"units_change_pct":4.4,"margin_change_pts":-0.2},{"period":"2025-05","revenue":716.875,"cost":214.4499969482422,"margin":70.1,"units":62,"transactions":58,"profit":502.4250030517578,"revenue_change_pct":-67.9,"units_change_pct":-56.3,"margin_change_pts":5.2},{"period":"2025-06","revenue":459.375,"cost":145.37500381469727,"margin":68.4,"units":74,"transactions":66,"profit":314.00001525878906,"revenue_change_pct":-35.9,"units_change_pct":19.4,"margin_change_pts":-1.7},{"period":"2025-07","revenue":669.375,"cost":218.87500762939453,"margin":67.3,"units":68,"transactions":62,"profit":450.49999237060547,"revenue_change_pct":45.7,"units_change_pct":-8.1,"margin_change_pts":-1.1},{"period":"2025-08","revenue":614.6250152587891,"cost":154.57499504089355,"margin":74.9,"units":70,"transactions":64,"profit":460.05001068115234,"revenue_change_pct":-8.2,"units_change_pct":2.9,"margin_change_pts":7.5},{"period":"2025-09","revenue":645.5000305175781,"cost":249.79999542236328,"margin":61.3,"units":86,"transactions":72,"profit":395.6999969482422,"revenue_change_pct":5.0,"units_change_pct":22.9,"margin_change_pts":-13.5},{"period":"2025-10","revenue":885.3500366210938,"cost":352.8499984741211,"margin":60.1,"units":96,"transactions":90,"profit":532.5,"revenue_change_pct":37.2,"units_change_pct":11.6,"margin_change_pts":-1.2},{"period":"2025-11","revenue":522.2499847412109,"cost":163.34999084472656,"margin":68.7,"units":82,"transactions":68,"profit":358.8999938964844,"revenue_change_pct":-41.0,"units_change_pct":-14.6,"margin_change_pts":8.6},{"period":"2025-12","revenue":344.7999954223633,"cost":116.70000076293945,"margin":66.2,"units":86,"transactions":74,"profit":228.09999465942383,"revenue_change_pct":-34.0,"units_change_pct":4.9,"margin_change_pts":-2.6},{"period":"2026-01","revenue":938.2499694824219,"cost":378.97499084472656,"margin":59.6,"units":152,"transactions":124,"profit":559.275016784668,"revenue_change_pct":172.1,"units_change_pct":76.7,"margin_change_pts":-6.5}],"share_of_category":[{"category":"ACCESSORY","brand_revenue":29234.3017578125,"category_revenue":4128754.0625,"revenue_share_pct":0.699999988079071,"brand_units":3426,"category_units":2130096,"units_share_pct":0.2},{"category":0.0,"brand_revenue":0.0,"category_revenue":0.0,"revenue_share_pct":0.0,"brand_units":0,"category_units":0,"units_share_pct":0.0}],"share_of_category_trend":{"ACCESSORY":[{"period":"2024-01","brand_revenue":1188.375015258789,"category_revenue":153543.9453125,"share_pct":0.800000011920929},{"period":"2024-02","brand_revenue":1410.5999755859375,"category_revenue":152399.47265625,"share_pct":0.8999999761581421},{"period":"2024-03","brand_revenue":1994.8750305175781,"category_revenue":154678.876953125,"share_pct":1.2999999523162842},{"period":"2024-04","brand_revenue":1602.449951171875,"category_revenue":163353.65234375,"share_pct":1.0},{"period":"2024-05","brand_revenue":1138.6000061035156,"category_revenue":179676.4453125,"share_pct":0.6000000238418579},{"period":"2024-06","brand_revenue":1293.5499572753906,"category_revenue":185008.828125,"share_pct":0.699999988079071},{"period":"2024-07","brand_revenue":1550.0,"category_revenue":186675.46875,"share_pct":0.800000011920929},{"period":"2024-08","brand_revenue":1906.9749450683594,"category_revenue":180226.328125,"share_pct":1.100000023841858},{"period":"2024-09","brand_revenue":1386.7500305175781,"category_revenue":162386.298828125,"share_pct":0.8999999761581421},{"period":"2024-10","brand_revenue":1437.6249694824219,"category_revenue":166088.73046875,"share_pct":0.8999999761581421},{"period":"2024-11","brand_revenue":715.2500152587891,"category_revenue":171706.09375,"share_pct":0.4000000059604645},{"period":"2024-12","brand_revenue":912.6249694824219,"category_revenue":176502.03125,"share_pct":0.5},{"period":"2025-01","brand_revenue":1754.8500061035156,"category_revenue":167261.34765625,"share_pct":1.0},{"period":"2025-02","brand_revenue":2055.675048828125,"category_revenue":155260.927734375,"share_pct":1.2999999523162842},{"period":"2025-03","brand_revenue":1617.3249816894531,"category_revenue":176420.390625,"share_pct":0.8999999761581421},{"period":"2025-04","brand_revenue":1719.8750305175781,"category_revenue":182694.82421875,"share_pct":0.8999999761581421},{"period":"2025-05","brand_revenue":716.875,"category_revenue":179904.4921875,"share_pct":0.4000000059604645},{"period":"2025-06","brand_revenue":403.125,"category_revenue":161148.75,"share_pct":0.30000001192092896},{"period":"2025-07","brand_revenue":478.125,"category_revenue":165549.8046875,"share_pct":0.30000001192092896},{"period":"2025-08","brand_revenue":614.6250152587891,"category_revenue":171752.05078125,"share_pct":0.4000000059604645},{"period":"2025-09","brand_revenue":645.5000305175781,"category_revenue":168198.9453125,"share_pct":0.4000000059604645},{"period":"2025-10","brand_revenue":885.3500366210938,"category_revenue":171844.55078125,"share_pct":0.5},{"period":"2025-11","brand_revenue":522.2499847412109,"category_revenue":172839.74609375,"share_pct":0.30000001192092896},{"period":"2025-12","brand_revenue":344.7999954223633,"category_revenue":141954.873046875,"share_pct":0.20000000298023224},{"period":"2026-01","brand_revenue":938.2499694824219,"category_revenue":81677.1484375,"share_pct":1.100000023841858}]},"discount_depth":[{"tier":"0% (Full Price)","transactions":2222,"pct_of_transactions":72.7,"revenue":22776.25,"avg_discount":0.0},{"tier":"1-10%","transactions":318,"pct_of_transactions":10.4,"revenue":2660.6256103515625,"avg_discount":20.0},{"tier":"11-20%","transactions":128,"pct_of_transactions":4.2,"revenue":938.4999847412109,"avg_discount":39.79999923706055},{"tier":"21-30%","transactions":102,"pct_of_transactions":3.3,"revenue":818.2749938964844,"avg_discount":57.400001525878906},{"tier":"31%+","transactions":130,"pct_of_transactions":4.3,"revenue":1548.3999633789062,"avg_discount":115.19999694824219}],"velocity":{"units_per_day":4.54,"revenue_per_day":40.42500019073486,"avg_units_per_txn":2.3,"days_of_data":762,"total_units":3458,"total_transactions":2998},"velocity_by_category":[{"category":"ACCESSORY","brand_units_per_day":4.5,"category_avg_units_per_day":20.56,"velocity_index":21.9,"brand_rev_per_unit":6.83,"category_rev_per_unit":1.55,"brands_in_category":136},{"category":0.0,"brand_units_per_day":0.0,"category_avg_units_per_day":0,"velocity_index":0,"brand_rev_per_unit":0.0,"category_rev_per_unit":0.0,"brands_in_category":0}],"deals":[{"deal_name":"Senior - 10% Off","times_used":120,"units":158.0,"revenue":1155.3750017285347,"discounts":128.3750008046627,"cost":533.1999985128641,"profit":622.1750037372112,"pre_discount_revenue":1283.75,"margin":53.9,"avg_discount":20.0},{"deal_name":"Industry - 30% Off","times_used":76,"units":86.0,"revenue":683.3749958872795,"discounts":292.8749994933605,"cost":341.0749951004982,"profit":342.3000055551529,"pre_discount_revenue":976.25,"margin":50.1,"avg_discount":60.0},{"deal_name":"Veterans - 10% Off","times_used":60,"units":63.0,"revenue":538.9375030994415,"discounts":68.56250029057264,"cost":185.19999861717224,"profit":353.737496137619,"pre_discount_revenue":607.5,"margin":65.6,"avg_discount":22.6},{"deal_name":"Industry 30% Off","times_used":44,"units":43.0,"revenue":362.71249786019325,"discounts":161.03749930858612,"cost":195.09999886155128,"profit":167.61250153183937,"pre_discount_revenue":523.75,"margin":46.2,"avg_discount":61.4},{"deal_name":"Senior / Veterans - 20% Off","times_used":20,"units":24.0,"revenue":70.0,"discounts":17.5,"cost":29.02499943971634,"profit":40.97499966621399,"pre_discount_revenue":87.5,"margin":58.5,"avg_discount":40.0},{"deal_name":"Employee 30% - NOT FRIDAYS","times_used":14,"units":14.0,"revenue":137.37499982118607,"discounts":58.875000178813934,"cost":72.2749986499548,"profit":65.10000124573708,"pre_discount_revenue":196.25,"margin":47.4,"avg_discount":60.0},{"deal_name":"30% Off Special","times_used":8,"units":8.0,"revenue":20.999999046325684,"discounts":8.999999761581421,"cost":8.600000143051147,"profit":12.400000095367432,"pre_discount_revenue":30.0,"margin":59.0,"avg_discount":60.0},{"deal_name":"Employee - 40% OFF","times_used":6,"units":6.0,"revenue":163.50000023841858,"discounts":109.00000005960464,"cost":92.64999866485596,"profit":70.85000112652779,"pre_discount_revenue":272.5,"margin":43.3,"avg_discount":80.0},{"deal_name":"Store Credit - $25","times_used":6,"units":4.0,"revenue":50.40000006556511,"discounts":32.09999978542328,"cost":26.84999942779541,"profit":23.5500006377697,"pre_discount_revenue":82.5,"margin":46.7,"avg_discount":77.8},{"deal_name":"Medical - 10%","times_used":4,"units":4.0,"revenue":23.624999523162842,"discounts":2.6250000298023224,"cost":8.449999988079071,"profit":15.175000131130219,"pre_discount_revenue":26.25,"margin":64.2,"avg_discount":20.0},{"deal_name":"Jackpot - Locals 30% Off","times_used":2,"units":2.0,"revenue":5.249999761581421,"discounts":2.2499999403953552,"cost":2.3250000178813934,"profit":2.9249998927116394,"pre_discount_revenue":7.5,"margin":55.7,"avg_discount":60.0},{"deal_name":"Reno - Early Bird - Senior & Veteran - 25%","times_used":2,"units":2.0,"revenue":4.675000011920929,"discounts":1.574999988079071,"cost":0.9749999642372131,"profit":3.700000047683716,"pre_discount_revenue":6.25,"margin":79.1,"avg_discount":50.4},{"deal_name":"Reno - Early Bird - Senior / Veterans - 20%","times_used":2,"units":2.0,"revenue":5.0,"discounts":1.25,"cost":0.9749999642372131,"profit":4.025000035762787,"pre_discount_revenue":6.25,"margin":80.5,"avg_discount":40.0}],"top_products":[{"product":"VALUE CHILLUM","units":752,"revenue":2254.6499633789062,"cost":515.8499908447266,"profit":1738.7998962402344,"transactions":654,"margin":77.0999984741211},{"product":"$20 Bangers","units":96,"revenue":1890.675048828125,"cost":478.80001068115234,"profit":1411.875,"transactions":88,"margin":74.69999694824219},{"product":"Plastic Grinder","units":260,"revenue":1397.7999877929688,"cost":304.7999954223633,"profit":1093.0000305175781,"transactions":256,"margin":78.19999694824219},{"product":"$20 TERP-SLURPER SET","units":62,"revenue":1328.074951171875,"cost":425.47496795654297,"profit":902.6000213623047,"transactions":60,"margin":68.0},{"product":"WIG WAG STRAIGHT BONG","units":28,"revenue":1292.1000671386719,"cost":454.6500015258789,"profit":837.449951171875,"transactions":26,"margin":64.80000305175781},{"product":"$30 ION LITE TORCH","units":40,"revenue":1287.4749755859375,"cost":549.4999694824219,"profit":737.9750061035156,"transactions":40,"margin":57.29999923706055},{"product":"DESIGNER CONES","units":94,"revenue":1117.5,"cost":680.3250122070312,"profit":437.17498779296875,"transactions":76,"margin":39.099998474121094},{"product":"HEAVY BEAKER BLACK STEM","units":12,"revenue":957.5,"cost":299.8500061035156,"profit":657.6499938964844,"transactions":12,"margin":68.69999694824219},{"product":"$40 Nectar Collector","units":18,"revenue":890.0,"cost":404.77500915527344,"profit":485.22499084472656,"transactions":18,"margin":54.5},{"product":"LOOKAH FIREBEE","units":14,"revenue":877.5,"cost":559.8249816894531,"profit":317.6749801635742,"transactions":12,"margin":36.20000076293945},{"product":"GLASS BOWL BUBBLER","units":16,"revenue":821.25,"cost":259.7999954223633,"profit":561.4499664306641,"transactions":16,"margin":68.4000015258789},{"product":"12 in stright clear bong","units":16,"revenue":764.2500305175781,"cost":339.7999954223633,"profit":424.4499969482422,"transactions":16,"margin":55.5},{"product":"$3 OCB VIRGIN CONES","units":212,"revenue":738.75,"cost":270.45000076293945,"profit":468.3000183105469,"transactions":156,"margin":63.400001525878906},{"product":"$20 PIPE","units":32,"revenue":729.375,"cost":320.0,"profit":409.375,"transactions":32,"margin":56.099998474121094},{"product":"12\u201d beaker bong","units":8,"revenue":698.75,"cost":269.89999771118164,"profit":428.84998321533203,"transactions":8,"margin":61.400001525878906},{"product":"COLORFUL MINI BONG","units":20,"revenue":660.0,"cost":249.74998474121094,"profit":410.25001525878906,"transactions":20,"margin":62.20000076293945},{"product":"$3.50 ORIGINAL ZIG ZAGS","units":160,"revenue":656.875,"cost":332.00000762939453,"profit":324.87499237060547,"transactions":154,"margin":49.5},{"product":"6 IN RECYCLER","units":18,"revenue":652.5,"cost":269.7749900817871,"profit":382.72499084472656,"transactions":18,"margin":58.70000076293945},{"product":"KING PALM 5PK","units":120,"revenue":650.4250335693359,"cost":412.5,"profit":237.92499542236328,"transactions":104,"margin":36.599998474121094},{"product":"ZIG ZAG TIPS","units":262,"revenue":642.5,"cost":124.44999694824219,"profit":518.0500030517578,"transactions":250,"margin":80.5999984741211},{"product":"ACRYLIC BONG","units":36,"revenue":640.2500152587891,"cost":310.0,"profit":330.25001525878906,"transactions":36,"margin":51.599998474121094},{"product":"Straight color wrap bong","units":10,"revenue":632.5,"cost":287.37499237060547,"profit":345.1249694824219,"transactions":10,"margin":54.599998474121094},{"product":"$30 BOWLZ","units":16,"revenue":555.0,"cost":259.7999954223633,"profit":295.2000045776367,"transactions":16,"margin":53.20000076293945},{"product":"10 in wavy bong","units":12,"revenue":553.125,"cost":224.85000610351562,"profit":328.2749938964844,"transactions":12,"margin":59.29999923706055},{"product":"DUAL RIG DAB AND FLOWER","units":10,"revenue":537.5,"cost":199.87499237060547,"profit":337.6249694824219,"transactions":10,"margin":62.79999923706055}],"products_by_store":{"Elevation Oasis":[{"product":"MIXED CARB CAP","units":16,"revenue":233.99999618530273,"cost":66.5999984741211,"profit":167.39999771118164,"transactions":16,"margin":71.5},{"product":"$3 OCB VIRGIN CONES","units":20,"revenue":71.99999809265137,"cost":23.250000476837158,"profit":48.75,"transactions":12,"margin":67.69999694824219},{"product":"WOOD ROLLING TIPS","units":10,"revenue":13.125,"cost":3.125,"profit":10.0,"transactions":6,"margin":76.19999694824219}],"Elevation Midtown":[{"product":"VALUE CHILLUM","units":752,"revenue":2254.6499633789062,"cost":515.8499908447266,"profit":1738.7998962402344,"transactions":654,"margin":77.0999984741211},{"product":"$20 Bangers","units":96,"revenue":1890.675048828125,"cost":478.80001068115234,"profit":1411.875,"transactions":88,"margin":74.69999694824219},{"product":"$20 TERP-SLURPER SET","units":62,"revenue":1328.074951171875,"cost":425.47496795654297,"profit":902.6000213623047,"transactions":60,"margin":68.0},{"product":"WIG WAG STRAIGHT BONG","units":28,"revenue":1292.1000671386719,"cost":454.6500015258789,"profit":837.449951171875,"transactions":26,"margin":64.80000305175781},{"product":"$30 ION LITE TORCH","units":40,"revenue":1287.4749755859375,"cost":549.4999694824219,"profit":737.9750061035156,"transactions":40,"margin":57.29999923706055},{"product":"Plastic Grinder","units":196,"revenue":1186.875,"cost":218.0500030517578,"profit":968.8249969482422,"transactions":196,"margin":81.5999984741211},{"product":"DESIGNER CONES","units":94,"revenue":1117.5,"cost":680.3250122070312,"profit":437.17498779296875,"transactions":76,"margin":39.099998474121094},{"product":"HEAVY BEAKER BLACK STEM","units":12,"revenue":957.5,"cost":299.8500061035156,"profit":657.6499938964844,"transactions":12,"margin":68.69999694824219},{"product":"$40 Nectar Collector","units":18,"revenue":890.0,"cost":404.77500915527344,"profit":485.22499084472656,"transactions":18,"margin":54.5},{"product":"LOOKAH FIREBEE","units":14,"revenue":877.5,"cost":559.8249816894531,"profit":317.6749801635742,"transactions":12,"margin":36.20000076293945},{"product":"GLASS BOWL BUBBLER","units":16,"revenue":821.25,"cost":259.7999954223633,"profit":561.4499664306641,"transactions":16,"margin":68.4000015258789},{"product":"12 in stright clear bong","units":16,"revenue":764.2500305175781,"cost":339.7999954223633,"profit":424.4499969482422,"transactions":16,"margin":55.5},{"product":"$20 PIPE","units":32,"revenue":729.375,"cost":320.0,"profit":409.375,"transactions":32,"margin":56.099998474121094},{"product":"12\u201d beaker bong","units":8,"revenue":698.75,"cost":269.89999771118164,"profit":428.84998321533203,"transactions":8,"margin":61.400001525878906},{"product":"$3 OCB VIRGIN CONES","units":192,"revenue":666.7500305175781,"cost":247.19999313354492,"profit":419.5500183105469,"transactions":144,"margin":62.900001525878906}],"Elevation Boulevard":[{"product":"ACRYLIC BONG","units":26,"revenue":496.25,"cost":247.5,"profit":248.75,"transactions":26,"margin":50.099998474121094},{"product":"Plastic Grinder","units":64,"revenue":210.92500686645508,"cost":86.75000190734863,"profit":124.17499542236328,"transactions":60,"margin":58.900001525878906},{"product":"BOB MARLEY PAPERS","units":28,"revenue":95.24999618530273,"cost":24.40000057220459,"profit":70.85000038146973,"transactions":28,"margin":74.4000015258789}],"Elevation Parkway":[{"product":"$3.50 ORIGINAL ZIG ZAGS","units":46,"revenue":194.87499237060547,"cost":95.45000076293945,"profit":99.42500114440918,"transactions":46,"margin":51.0}]},"store_summary":[{"store_clean":"Elevation Midtown","units":3248,"revenue":29478.3740234375,"cost":11446.55029296875,"profit":18031.824951171875,"discounts":3661.6250610351562,"margin":61.20000076293945,"discount_rate":11.0},{"store_clean":"Elevation Boulevard","units":118,"revenue":802.4250030517578,"cost":358.65001678466797,"profit":443.77498626708984,"discounts":132.5749969482422,"margin":55.29999923706055,"discount_rate":14.199999809265137},{"store_clean":"Elevation Oasis","units":46,"revenue":319.12500381469727,"cost":92.97499656677246,"profit":226.14999771118164,"discounts":34.625000953674316,"margin":70.9000015258789,"discount_rate":9.800000190734863},{"store_clean":"Elevation Parkway","units":46,"revenue":194.87499237060547,"cost":95.45000076293945,"profit":99.42500114440918,"discounts":6.3749998807907104,"margin":51.0,"discount_rate":3.200000047683716}],"recommendations":[{"severity":"info","title":"VOLUME LEVERAGE","detail":"$12,318 revenue provides negotiating leverage.","action":"Use volume as leverage in next vendor meeting."}],"comparison":null}