{"brand":"POT SHOT","date_range":"2024-01-01 00:00:00 to 2026-01-31 00:00:00","period_label":"All Time","summary":{"total_units":842,"total_revenue":10342.5,"total_cost":5262.5,"total_discounts":2287.4998474121094,"total_profit":5080.0,"overall_margin":49.099998474121094,"fp_margin":58.29999923706055,"disc_margin":43.0,"pct_full_price":39.70000076293945,"avg_discount_rate":18.100000381469727,"fp_revenue":4110.0,"disc_revenue":6232.5006103515625,"unique_customers":414,"brand":"POT SHOT","date_range":"2024-01-01 00:00:00 to 2026-01-31 00:00:00","months_count":16,"avg_monthly_cost":657.8,"cost_per_unit":12.5,"primary_category":"EDIBLE","primary_cat_margin":50.0,"category_rank":28,"category_total":32,"margin_vs_category":-0.8999999761581421,"velocity_rank":27},"category_breakdown":[{"category_clean":"EDIBLE","units":842,"revenue":10342.5,"cost":5262.5,"profit":5080.0,"discounts":2287.5,"margin":49.099998474121094,"category_avg_margin":50.0,"vs_category":-0.9,"rank":28.0,"total_brands":32.0}],"trend":[{"period":"2024-11","revenue":1500.0,"cost":750.0,"margin":50.0,"units":120,"transactions":98,"profit":750.0,"revenue_change_pct":null,"units_change_pct":null,"margin_change_pts":null},{"period":"2024-12","revenue":971.9999694824219,"cost":475.0,"margin":51.1,"units":76,"transactions":44,"profit":497.00000762939453,"revenue_change_pct":-35.2,"units_change_pct":-36.7,"margin_change_pts":1.1},{"period":"2025-01","revenue":1864.4999694824219,"cost":925.0,"margin":50.4,"units":148,"transactions":88,"profit":939.4999694824219,"revenue_change_pct":91.8,"units_change_pct":94.7,"margin_change_pts":-0.7},{"period":"2025-02","revenue":838.4999847412109,"cost":412.5,"margin":50.8,"units":66,"transactions":38,"profit":425.99998474121094,"revenue_change_pct":-55.0,"units_change_pct":-55.4,"margin_change_pts":0.4},{"period":"2025-03","revenue":176.9999885559082,"cost":100.0,"margin":43.5,"units":16,"transactions":12,"profit":77.00000286102295,"revenue_change_pct":-78.9,"units_change_pct":-75.8,"margin_change_pts":-7.3},{"period":"2025-04","revenue":1878.5000610351562,"cost":925.0,"margin":50.8,"units":148,"transactions":82,"profit":953.4999847412109,"revenue_change_pct":961.3,"units_change_pct":825.0,"margin_change_pts":7.3},{"period":"2025-05","revenue":1746.0000610351562,"cost":850.0,"margin":51.3,"units":136,"transactions":76,"profit":895.9999847412109,"revenue_change_pct":-7.1,"units_change_pct":-8.1,"margin_change_pts":0.6},{"period":"2025-06","revenue":1365.9999084472656,"cost":825.0,"margin":39.6,"units":132,"transactions":92,"profit":541.0000228881836,"revenue_change_pct":-21.8,"units_change_pct":-2.9,"margin_change_pts":-11.7}],"share_of_category":[{"category":"EDIBLE","brand_revenue":10342.5,"category_revenue":29378492.5,"revenue_share_pct":0.0,"brand_units":842,"category_units":1706530,"units_share_pct":0.0}],"share_of_category_trend":{"EDIBLE":[{"period":"2024-01","brand_revenue":0.0,"category_revenue":1115754.921875,"share_pct":0.0},{"period":"2024-02","brand_revenue":0.0,"category_revenue":1235210.0,"share_pct":0.0},{"period":"2024-03","brand_revenue":0.0,"category_revenue":1273343.671875,"share_pct":0.0},{"period":"2024-04","brand_revenue":0.0,"category_revenue":1298159.0625,"share_pct":0.0},{"period":"2024-05","brand_revenue":0.0,"category_revenue":1215880.78125,"share_pct":0.0},{"period":"2024-06","brand_revenue":0.0,"category_revenue":1181362.421875,"share_pct":0.0},{"period":"2024-07","brand_revenue":0.0,"category_revenue":1128302.8125,"share_pct":0.0},{"period":"2024-08","brand_revenue":0.0,"category_revenue":1167724.921875,"share_pct":0.0},{"period":"2024-09","brand_revenue":0.0,"category_revenue":1114619.53125,"share_pct":0.0},{"period":"2024-10","brand_revenue":0.0,"category_revenue":1205149.0625,"share_pct":0.0},{"period":"2024-11","brand_revenue":1500.0,"category_revenue":1236132.421875,"share_pct":0.10000000149011612},{"period":"2024-12","brand_revenue":971.9999694824219,"category_revenue":1207318.046875,"share_pct":0.10000000149011612},{"period":"2025-01","brand_revenue":1864.4999694824219,"category_revenue":1176202.578125,"share_pct":0.20000000298023224},{"period":"2025-02","brand_revenue":838.4999847412109,"category_revenue":1097683.359375,"share_pct":0.10000000149011612},{"period":"2025-03","brand_revenue":176.9999885559082,"category_revenue":1228067.265625,"share_pct":0.0},{"period":"2025-04","brand_revenue":1878.5000610351562,"category_revenue":1290106.171875,"share_pct":0.10000000149011612},{"period":"2025-05","brand_revenue":1746.0000610351562,"category_revenue":1191670.3125,"share_pct":0.10000000149011612},{"period":"2025-06","brand_revenue":1365.9999084472656,"category_revenue":1110702.109375,"share_pct":0.10000000149011612},{"period":"2025-07","brand_revenue":0.0,"category_revenue":1096938.125,"share_pct":0.0},{"period":"2025-08","brand_revenue":0.0,"category_revenue":1145920.859375,"share_pct":0.0},{"period":"2025-09","brand_revenue":0.0,"category_revenue":1070074.53125,"share_pct":0.0},{"period":"2025-10","brand_revenue":0.0,"category_revenue":1168865.78125,"share_pct":0.0},{"period":"2025-11","brand_revenue":0.0,"category_revenue":1192334.453125,"share_pct":0.0},{"period":"2025-12","brand_revenue":0.0,"category_revenue":1138094.375,"share_pct":0.0},{"period":"2026-01","brand_revenue":0.0,"category_revenue":1092874.21875,"share_pct":0.0}]},"discount_depth":[{"tier":"0% (Full Price)","transactions":196,"pct_of_transactions":37.0,"revenue":4110.0,"avg_discount":0.0},{"tier":"1-10%","transactions":26,"pct_of_transactions":4.9,"revenue":1592.9998779296875,"avg_discount":20.0},{"tier":"11-20%","transactions":14,"pct_of_transactions":2.6,"revenue":475.0,"avg_discount":33.400001525878906},{"tier":"21-30%","transactions":248,"pct_of_transactions":46.8,"revenue":3469.5001220703125,"avg_discount":59.79999923706055},{"tier":"31%+","transactions":40,"pct_of_transactions":7.5,"revenue":442.9999542236328,"avg_discount":102.5999984741211}],"velocity":{"units_per_day":3.56,"revenue_per_day":43.82500171661377,"avg_units_per_txn":3.18,"days_of_data":236,"total_units":842,"total_transactions":530},"velocity_by_category":[{"category":"EDIBLE","brand_units_per_day":1.1,"category_avg_units_per_day":69.98,"velocity_index":1.6,"brand_rev_per_unit":9.83,"category_rev_per_unit":13.77,"brands_in_category":32}],"deals":[{"deal_name":"Industry - 30% Off","times_used":116,"units":162.0,"revenue":1700.999927520752,"discounts":728.999981880188,"cost":1012.5,"profit":688.500018119812,"pre_discount_revenue":2430.0,"margin":40.5,"avg_discount":60.0},{"deal_name":"30% Off Special","times_used":46,"units":58.0,"revenue":607.9999732971191,"discounts":261.9999933242798,"cost":362.5,"profit":245.50000667572021,"pre_discount_revenue":870.0,"margin":40.4,"avg_discount":60.2},{"deal_name":"Employee 30% - NOT FRIDAYS","times_used":32,"units":42.0,"revenue":440.99997997283936,"discounts":188.99999499320984,"cost":262.5,"profit":178.50000500679016,"pre_discount_revenue":630.0,"margin":40.5,"avg_discount":60.0},{"deal_name":"Industry 30% Off","times_used":16,"units":24.0,"revenue":251.99999332427979,"discounts":107.99999833106995,"cost":150.0,"profit":102.00000166893005,"pre_discount_revenue":360.0,"margin":40.5,"avg_discount":60.0},{"deal_name":"Jackpot - Locals 30% Off","times_used":14,"units":28.0,"revenue":293.99999618530273,"discounts":125.99999904632568,"cost":175.0,"profit":119.00000095367432,"pre_discount_revenue":420.0,"margin":40.5,"avg_discount":60.0},{"deal_name":"Veterans - 10% Off","times_used":14,"units":18.0,"revenue":243.00000429153442,"discounts":27.000001072883606,"cost":112.5,"profit":130.50000429153442,"pre_discount_revenue":270.0,"margin":53.7,"avg_discount":20.0},{"deal_name":"Pot-Shots 3 for $30","times_used":12,"units":36.0,"revenue":450.0,"discounts":90.0,"cost":225.0,"profit":225.0,"pre_discount_revenue":540.0,"margin":50.0,"avg_discount":33.4},{"deal_name":"Senior - 10% Off","times_used":12,"units":100.0,"revenue":1350.0000190734863,"discounts":150.0,"cost":625.0,"profit":725.0,"pre_discount_revenue":1500.0,"margin":53.7,"avg_discount":20.0},{"deal_name":"Employee - 40% OFF","times_used":6,"units":8.0,"revenue":71.99999809265137,"discounts":48.00000190734863,"cost":50.0,"profit":22.000000476837158,"pre_discount_revenue":120.0,"margin":30.6,"avg_discount":80.0},{"deal_name":"LVAC - 25% Off","times_used":2,"units":2.0,"revenue":22.5,"discounts":7.5,"cost":12.5,"profit":10.0,"pre_discount_revenue":30.0,"margin":44.4,"avg_discount":50.0}],"top_products":[{"product":"LUNAR LIME INFUSED BEVERAGE - POT SHOT","units":842,"revenue":10342.5,"cost":5262.5,"profit":5080.0,"transactions":530,"margin":49.099998474121094}],"products_by_store":{"Elevation Springs":[{"product":"LUNAR LIME INFUSED BEVERAGE - POT SHOT","units":192,"revenue":2359.499969482422,"cost":1200.0,"profit":1159.5000457763672,"transactions":128,"margin":49.099998474121094}],"Elevation Mesa":[{"product":"LUNAR LIME INFUSED BEVERAGE - POT SHOT","units":190,"revenue":2158.4999084472656,"cost":1187.5,"profit":970.9999847412109,"transactions":136,"margin":45.0}],"Elevation Oasis":[{"product":"LUNAR LIME INFUSED BEVERAGE - POT SHOT","units":192,"revenue":2608.9999389648438,"cost":1200.0,"profit":1408.9999389648438,"transactions":130,"margin":54.0}],"Elevation Midtown":[{"product":"LUNAR LIME INFUSED BEVERAGE - POT SHOT","units":190,"revenue":2373.000030517578,"cost":1187.5,"profit":1185.4999542236328,"transactions":68,"margin":50.0}],"Elevation Parkway":[{"product":"LUNAR LIME INFUSED BEVERAGE - POT SHOT","units":78,"revenue":842.5,"cost":487.5,"profit":355.0,"transactions":68,"margin":42.099998474121094}]},"store_summary":[{"store_clean":"Elevation Oasis","units":192,"revenue":2608.9999389648438,"cost":1200.0,"profit":1408.9999389648438,"discounts":271.00000381469727,"margin":54.0,"discount_rate":9.399999618530273},{"store_clean":"Elevation Midtown","units":190,"revenue":2373.000030517578,"cost":1187.5,"profit":1185.4999542236328,"discounts":477.00000762939453,"margin":50.0,"discount_rate":16.700000762939453},{"store_clean":"Elevation Springs","units":192,"revenue":2359.499969482422,"cost":1200.0,"profit":1159.5000457763672,"discounts":520.4999923706055,"margin":49.099998474121094,"discount_rate":18.100000381469727},{"store_clean":"Elevation Mesa","units":190,"revenue":2158.4999084472656,"cost":1187.5,"profit":970.9999847412109,"discounts":691.5000152587891,"margin":45.0,"discount_rate":24.299999237060547},{"store_clean":"Elevation Parkway","units":78,"revenue":842.5,"cost":487.5,"profit":355.0,"discounts":327.5,"margin":42.099998474121094,"discount_rate":28.0}],"recommendations":[],"comparison":null}