{"brand":"VAPORS PARADISE","date_range":"2024-01-01 00:00:00 to 2026-01-31 00:00:00","period_label":"All Time","summary":{"total_units":52,"total_revenue":1374.7500610351562,"total_cost":615.0,"total_discounts":250.24999618530273,"total_profit":759.7499847412109,"overall_margin":55.29999923706055,"fp_margin":65.80000305175781,"disc_margin":48.0,"pct_full_price":40.900001525878906,"avg_discount_rate":15.399999618530273,"fp_revenue":562.5,"disc_revenue":812.2499847412109,"unique_customers":48,"brand":"VAPORS PARADISE","date_range":"2024-01-01 00:00:00 to 2026-01-31 00:00:00","months_count":10,"avg_monthly_cost":123.0,"cost_per_unit":23.650000000000002,"primary_category":"ACCESSORY","primary_cat_margin":61.099998474121094,"category_rank":44,"category_total":136,"margin_vs_category":-5.800000190734863,"velocity_rank":52},"category_breakdown":[{"category_clean":"ACCESSORY","units":52,"revenue":1374.7500610351562,"cost":615.0,"profit":759.7499847412109,"discounts":250.24999618530273,"margin":55.29999923706055,"category_avg_margin":61.099998474121094,"vs_category":-5.8,"rank":44.0,"total_brands":136.0}],"trend":[{"period":"2025-09","revenue":131.25,"cost":75.0,"margin":42.9,"units":2,"transactions":2,"profit":56.25,"revenue_change_pct":null,"units_change_pct":null,"margin_change_pts":null},{"period":"2025-10","revenue":110.0,"cost":67.5,"margin":38.6,"units":6,"transactions":6,"profit":42.5,"revenue_change_pct":-16.2,"units_change_pct":200.0,"margin_change_pts":-4.2},{"period":"2025-11","revenue":459.00001525878906,"cost":237.5,"margin":48.3,"units":24,"transactions":24,"profit":221.49999618530273,"revenue_change_pct":317.3,"units_change_pct":300.0,"margin_change_pts":9.6},{"period":"2025-12","revenue":342.00000762939453,"cost":92.5,"margin":73.0,"units":16,"transactions":16,"profit":249.50000762939453,"revenue_change_pct":-25.5,"units_change_pct":-33.3,"margin_change_pts":24.7},{"period":"2026-01","revenue":332.5,"cost":142.5,"margin":57.1,"units":4,"transactions":4,"profit":190.0,"revenue_change_pct":-2.8,"units_change_pct":-75.0,"margin_change_pts":-15.8}],"share_of_category":[{"category":"ACCESSORY","brand_revenue":1374.7500610351562,"category_revenue":4128754.0625,"revenue_share_pct":0.0,"brand_units":52,"category_units":2130096,"units_share_pct":0.0}],"share_of_category_trend":{"ACCESSORY":[{"period":"2024-01","brand_revenue":0.0,"category_revenue":153543.9453125,"share_pct":0.0},{"period":"2024-02","brand_revenue":0.0,"category_revenue":152399.47265625,"share_pct":0.0},{"period":"2024-03","brand_revenue":0.0,"category_revenue":154678.876953125,"share_pct":0.0},{"period":"2024-04","brand_revenue":0.0,"category_revenue":163353.65234375,"share_pct":0.0},{"period":"2024-05","brand_revenue":0.0,"category_revenue":179676.4453125,"share_pct":0.0},{"period":"2024-06","brand_revenue":0.0,"category_revenue":185008.828125,"share_pct":0.0},{"period":"2024-07","brand_revenue":0.0,"category_revenue":186675.46875,"share_pct":0.0},{"period":"2024-08","brand_revenue":0.0,"category_revenue":180226.328125,"share_pct":0.0},{"period":"2024-09","brand_revenue":0.0,"category_revenue":162386.298828125,"share_pct":0.0},{"period":"2024-10","brand_revenue":0.0,"category_revenue":166088.73046875,"share_pct":0.0},{"period":"2024-11","brand_revenue":0.0,"category_revenue":171706.09375,"share_pct":0.0},{"period":"2024-12","brand_revenue":0.0,"category_revenue":176502.03125,"share_pct":0.0},{"period":"2025-01","brand_revenue":0.0,"category_revenue":167261.34765625,"share_pct":0.0},{"period":"2025-02","brand_revenue":0.0,"category_revenue":155260.927734375,"share_pct":0.0},{"period":"2025-03","brand_revenue":0.0,"category_revenue":176420.390625,"share_pct":0.0},{"period":"2025-04","brand_revenue":0.0,"category_revenue":182694.82421875,"share_pct":0.0},{"period":"2025-05","brand_revenue":0.0,"category_revenue":179904.4921875,"share_pct":0.0},{"period":"2025-06","brand_revenue":0.0,"category_revenue":161148.75,"share_pct":0.0},{"period":"2025-07","brand_revenue":0.0,"category_revenue":165549.8046875,"share_pct":0.0},{"period":"2025-08","brand_revenue":0.0,"category_revenue":171752.05078125,"share_pct":0.0},{"period":"2025-09","brand_revenue":131.25,"category_revenue":168198.9453125,"share_pct":0.10000000149011612},{"period":"2025-10","brand_revenue":110.0,"category_revenue":171844.55078125,"share_pct":0.10000000149011612},{"period":"2025-11","brand_revenue":459.00001525878906,"category_revenue":172839.74609375,"share_pct":0.30000001192092896},{"period":"2025-12","brand_revenue":342.00000762939453,"category_revenue":141954.873046875,"share_pct":0.20000000298023224},{"period":"2026-01","brand_revenue":332.5,"category_revenue":81677.1484375,"share_pct":0.4000000059604645}]},"discount_depth":[{"tier":"0% (Full Price)","transactions":14,"pct_of_transactions":26.9,"revenue":562.5,"avg_discount":0.0},{"tier":"1-10%","transactions":6,"pct_of_transactions":11.5,"revenue":130.50000190734863,"avg_discount":20.0},{"tier":"11-20%","transactions":16,"pct_of_transactions":30.8,"revenue":316.00000381469727,"avg_discount":40.0},{"tier":"21-30%","transactions":0,"pct_of_transactions":0.0,"revenue":0.0,"avg_discount":0},{"tier":"31%+","transactions":0,"pct_of_transactions":0.0,"revenue":0.0,"avg_discount":0}],"velocity":{"units_per_day":0.46,"revenue_per_day":11.950000524520874,"avg_units_per_txn":2.0,"days_of_data":115,"total_units":52,"total_transactions":52},"velocity_by_category":[{"category":"ACCESSORY","brand_units_per_day":0.06,"category_avg_units_per_day":20.56,"velocity_index":0.3,"brand_rev_per_unit":21.15,"category_rev_per_unit":1.55,"brands_in_category":136}],"deals":[{"deal_name":"Senior - 10% Off","times_used":6,"units":6.0,"revenue":130.50000190734863,"discounts":14.49999988079071,"cost":55.0,"profit":75.49999952316284,"pre_discount_revenue":145.0,"margin":57.9,"avg_discount":20.0},{"deal_name":"Jackpot - Locals 30% Off","times_used":2,"units":2.0,"revenue":35.0,"discounts":15.0,"cost":22.5,"profit":12.5,"pre_discount_revenue":50.0,"margin":35.7,"avg_discount":60.0},{"deal_name":"Senior / Veterans - 20% Off","times_used":2,"units":2.0,"revenue":40.0,"discounts":10.0,"cost":22.5,"profit":17.5,"pre_discount_revenue":50.0,"margin":43.8,"avg_discount":40.0}],"top_products":[{"product":"FLAT MOUTH GLASS PIPE","units":28,"revenue":560.0,"cost":315.0,"profit":245.0,"transactions":28,"margin":43.79999923706055},{"product":"DUG OUT - PARADISE","units":20,"revenue":395.99998474121094,"cost":105.0,"profit":291.00000381469727,"transactions":20,"margin":73.5},{"product":"MINI BONG STARTER KIT","units":2,"revenue":287.5,"cost":120.0,"profit":167.5,"transactions":2,"margin":58.29999923706055},{"product":"BEAKER BONG - VAPORS PARADISE","units":2,"revenue":131.25,"cost":75.0,"profit":56.25,"transactions":2,"margin":42.900001525878906}],"products_by_store":{"Elevation Oasis":[{"product":"FLAT MOUTH GLASS PIPE","units":28,"revenue":560.0,"cost":315.0,"profit":245.0,"transactions":28,"margin":43.79999923706055},{"product":"DUG OUT - PARADISE","units":20,"revenue":395.99998474121094,"cost":105.0,"profit":291.00000381469727,"transactions":20,"margin":73.5},{"product":"MINI BONG STARTER KIT","units":2,"revenue":287.5,"cost":120.0,"profit":167.5,"transactions":2,"margin":58.29999923706055},{"product":"BEAKER BONG - VAPORS PARADISE","units":2,"revenue":131.25,"cost":75.0,"profit":56.25,"transactions":2,"margin":42.900001525878906}]},"store_summary":[{"store_clean":"Elevation Oasis","units":52,"revenue":1374.7500610351562,"cost":615.0,"profit":759.7499847412109,"discounts":250.24999618530273,"margin":55.29999923706055,"discount_rate":15.399999618530273}],"recommendations":[{"severity":"yellow","title":"CATEGORY BENCHMARK GAP","detail":"Overall margin (55.3%) trails ACCESSORY average (61.1%) by 5.8 pts.","action":"Negotiate cost reduction or increase retail price."}],"comparison":null}