{"brand":"LOCALS","date_range":"2024-01-01 00:00:00 to 2026-01-31 00:00:00","period_label":"All Time","summary":{"total_units":16,"total_revenue":477.5,"total_cost":200.0,"total_discounts":122.5,"total_profit":277.5,"overall_margin":58.099998474121094,"fp_margin":66.69999694824219,"disc_margin":43.70000076293945,"pct_full_price":62.79999923706055,"avg_discount_rate":20.399999618530273,"fp_revenue":300.0,"disc_revenue":177.5,"unique_customers":16,"brand":"LOCALS","date_range":"2024-01-01 00:00:00 to 2026-01-31 00:00:00","months_count":2,"avg_monthly_cost":200.0,"cost_per_unit":25.0,"primary_category":"CONCENTRATE","primary_cat_margin":45.900001525878906,"category_rank":25,"category_total":27,"margin_vs_category":12.199999809265137,"velocity_rank":24},"category_breakdown":[{"category_clean":"CONCENTRATE","units":16,"revenue":477.5,"cost":200.0,"profit":277.5,"discounts":122.5,"margin":58.099998474121094,"category_avg_margin":45.900001525878906,"vs_category":12.2,"rank":25.0,"total_brands":27.0}],"trend":[{"period":"2025-09","revenue":477.5,"cost":200.0,"margin":58.1,"units":16,"transactions":16,"profit":277.5,"revenue_change_pct":null,"units_change_pct":null,"margin_change_pts":null}],"share_of_category":[{"category":"CONCENTRATE","brand_revenue":477.5,"category_revenue":7866357.5,"revenue_share_pct":0.0,"brand_units":16,"category_units":316632,"units_share_pct":0.0}],"share_of_category_trend":{"CONCENTRATE":[{"period":"2024-01","brand_revenue":0.0,"category_revenue":351129.609375,"share_pct":0.0},{"period":"2024-02","brand_revenue":0.0,"category_revenue":371224.4921875,"share_pct":0.0},{"period":"2024-03","brand_revenue":0.0,"category_revenue":375964.296875,"share_pct":0.0},{"period":"2024-04","brand_revenue":0.0,"category_revenue":352745.859375,"share_pct":0.0},{"period":"2024-05","brand_revenue":0.0,"category_revenue":346027.5,"share_pct":0.0},{"period":"2024-06","brand_revenue":0.0,"category_revenue":310723.3984375,"share_pct":0.0},{"period":"2024-07","brand_revenue":0.0,"category_revenue":336220.078125,"share_pct":0.0},{"period":"2024-08","brand_revenue":0.0,"category_revenue":324004.04296875,"share_pct":0.0},{"period":"2024-09","brand_revenue":0.0,"category_revenue":326834.1796875,"share_pct":0.0},{"period":"2024-10","brand_revenue":0.0,"category_revenue":324500.859375,"share_pct":0.0},{"period":"2024-11","brand_revenue":0.0,"category_revenue":351240.0390625,"share_pct":0.0},{"period":"2024-12","brand_revenue":0.0,"category_revenue":324145.4296875,"share_pct":0.0},{"period":"2025-01","brand_revenue":0.0,"category_revenue":325749.19921875,"share_pct":0.0},{"period":"2025-02","brand_revenue":0.0,"category_revenue":300499.0234375,"share_pct":0.0},{"period":"2025-03","brand_revenue":0.0,"category_revenue":298171.5234375,"share_pct":0.0},{"period":"2025-04","brand_revenue":0.0,"category_revenue":343355.625,"share_pct":0.0},{"period":"2025-05","brand_revenue":0.0,"category_revenue":288836.62109375,"share_pct":0.0},{"period":"2025-06","brand_revenue":0.0,"category_revenue":280928.33984375,"share_pct":0.0},{"period":"2025-07","brand_revenue":0.0,"category_revenue":283604.1796875,"share_pct":0.0},{"period":"2025-08","brand_revenue":0.0,"category_revenue":274773.76953125,"share_pct":0.0},{"period":"2025-09","brand_revenue":477.5,"category_revenue":264599.19921875,"share_pct":0.20000000298023224},{"period":"2025-10","brand_revenue":0.0,"category_revenue":277515.46875,"share_pct":0.0},{"period":"2025-11","brand_revenue":0.0,"category_revenue":295773.3203125,"share_pct":0.0},{"period":"2025-12","brand_revenue":0.0,"category_revenue":267042.05078125,"share_pct":0.0},{"period":"2026-01","brand_revenue":0.0,"category_revenue":270749.70703125,"share_pct":0.0}]},"discount_depth":[{"tier":"0% (Full Price)","transactions":8,"pct_of_transactions":50.0,"revenue":300.0,"avg_discount":0.0},{"tier":"1-10%","transactions":0,"pct_of_transactions":0.0,"revenue":0.0,"avg_discount":0},{"tier":"11-20%","transactions":0,"pct_of_transactions":0.0,"revenue":0.0,"avg_discount":0},{"tier":"21-30%","transactions":0,"pct_of_transactions":0.0,"revenue":0.0,"avg_discount":0},{"tier":"31%+","transactions":6,"pct_of_transactions":37.5,"revenue":125.0,"avg_discount":88.80000305175781}],"velocity":{"units_per_day":5.34,"revenue_per_day":159.17499542236328,"avg_units_per_txn":2.0,"days_of_data":3,"total_units":16,"total_transactions":16},"velocity_by_category":[{"category":"CONCENTRATE","brand_units_per_day":0.02,"category_avg_units_per_day":15.38,"velocity_index":0.1,"brand_rev_per_unit":23.88,"category_rev_per_unit":19.88,"brands_in_category":27}],"deals":[{"deal_name":"Industry 30% Off","times_used":2,"units":2.0,"revenue":52.5,"discounts":22.5,"cost":25.0,"profit":27.5,"pre_discount_revenue":75.0,"margin":52.4,"avg_discount":60.0}],"top_products":[{"product":"MULE FUEL WET DIAMONDS - LOCALS ONLY","units":16,"revenue":477.5,"cost":200.0,"profit":277.5,"transactions":16,"margin":58.099998474121094}],"products_by_store":{"Elevation Springs":[{"product":"MULE FUEL WET DIAMONDS - LOCALS ONLY","units":16,"revenue":477.5,"cost":200.0,"profit":277.5,"transactions":16,"margin":58.099998474121094}]},"store_summary":[{"store_clean":"Elevation Springs","units":16,"revenue":477.5,"cost":200.0,"profit":277.5,"discounts":122.5,"margin":58.099998474121094,"discount_rate":20.399999618530273}],"recommendations":[],"comparison":null}