{"brand":"POP","date_range":"2024-01-01 00:00:00 to 2026-01-31 00:00:00","period_label":"All Time","summary":{"total_units":242,"total_revenue":1274.6499633789062,"total_cost":667.0249938964844,"total_discounts":433.125,"total_profit":607.6250076293945,"overall_margin":47.70000076293945,"fp_margin":61.0,"disc_margin":35.0,"pct_full_price":48.70000076293945,"avg_discount_rate":25.399999618530273,"fp_revenue":620.9000396728516,"disc_revenue":653.7499237060547,"unique_customers":144,"brand":"POP","date_range":"2024-01-01 00:00:00 to 2026-01-31 00:00:00","months_count":22,"avg_monthly_cost":60.650000000000006,"cost_per_unit":5.525,"primary_category":"ACCESSORY","primary_cat_margin":61.099998474121094,"category_rank":76,"category_total":136,"margin_vs_category":-13.399999618530273,"velocity_rank":42},"category_breakdown":[{"category_clean":"ACCESSORY","units":90,"revenue":452.6750183105469,"cost":250.5500030517578,"profit":202.12499618530273,"discounts":185.8500099182129,"margin":44.70000076293945,"category_avg_margin":61.099998474121094,"vs_category":-16.4,"rank":76.0,"total_brands":136.0}],"trend":[{"period":"2025-03","revenue":170.30000686645508,"cost":96.75000190734863,"margin":43.2,"units":36,"transactions":12,"profit":73.54999542236328,"revenue_change_pct":null,"units_change_pct":null,"margin_change_pts":null},{"period":"2025-04","revenue":217.47499465942383,"cost":120.625,"margin":44.5,"units":44,"transactions":42,"profit":96.85000419616699,"revenue_change_pct":27.7,"units_change_pct":22.2,"margin_change_pts":1.3},{"period":"2025-05","revenue":99.54999923706055,"cost":44.000000953674316,"margin":55.8,"units":16,"transactions":16,"profit":55.54999828338623,"revenue_change_pct":-54.2,"units_change_pct":-63.6,"margin_change_pts":11.3},{"period":"2025-06","revenue":288.700008392334,"cost":126.5000057220459,"margin":56.2,"units":46,"transactions":42,"profit":162.19999313354492,"revenue_change_pct":190.0,"units_change_pct":187.5,"margin_change_pts":0.4},{"period":"2025-07","revenue":31.574997901916504,"cost":23.09999942779541,"margin":26.8,"units":8,"transactions":8,"profit":8.475000262260437,"revenue_change_pct":-89.1,"units_change_pct":-82.6,"margin_change_pts":-29.3},{"period":"2025-08","revenue":60.324997901916504,"cost":34.099998474121094,"margin":43.5,"units":12,"transactions":12,"profit":26.22499942779541,"revenue_change_pct":91.1,"units_change_pct":50.0,"margin_change_pts":16.6},{"period":"2025-09","revenue":81.54999732971191,"cost":39.049999713897705,"margin":52.1,"units":14,"transactions":14,"profit":42.5,"revenue_change_pct":35.2,"units_change_pct":16.7,"margin_change_pts":8.6},{"period":"2025-10","revenue":121.05000495910645,"cost":61.05000019073486,"margin":49.6,"units":22,"transactions":22,"profit":60.0,"revenue_change_pct":48.4,"units_change_pct":57.1,"margin_change_pts":-2.5},{"period":"2025-11","revenue":113.27500343322754,"cost":61.32500171661377,"margin":45.9,"units":22,"transactions":22,"profit":51.95000171661377,"revenue_change_pct":-6.4,"units_change_pct":0,"margin_change_pts":-3.7},{"period":"2025-12","revenue":2.849999964237213,"cost":5.7749998569488525,"margin":-102.6,"units":2,"transactions":2,"profit":-2.9249998927116394,"revenue_change_pct":-97.5,"units_change_pct":-90.9,"margin_change_pts":-148.5},{"period":"2026-01","revenue":88.00000190734863,"cost":54.750003814697266,"margin":37.8,"units":20,"transactions":16,"profit":33.25000047683716,"revenue_change_pct":2987.7,"units_change_pct":900.0,"margin_change_pts":140.4}],"share_of_category":[{"category":"ACCESSORY","brand_revenue":452.6749801635742,"category_revenue":4128754.0625,"revenue_share_pct":0.0,"brand_units":90,"category_units":2130096,"units_share_pct":0.0},{"category":0.0,"brand_revenue":0.0,"category_revenue":0.0,"revenue_share_pct":0.0,"brand_units":0,"category_units":0,"units_share_pct":0.0}],"share_of_category_trend":{"ACCESSORY":[{"period":"2024-01","brand_revenue":0.0,"category_revenue":153543.9453125,"share_pct":0.0},{"period":"2024-02","brand_revenue":0.0,"category_revenue":152399.47265625,"share_pct":0.0},{"period":"2024-03","brand_revenue":0.0,"category_revenue":154678.876953125,"share_pct":0.0},{"period":"2024-04","brand_revenue":0.0,"category_revenue":163353.65234375,"share_pct":0.0},{"period":"2024-05","brand_revenue":0.0,"category_revenue":179676.4453125,"share_pct":0.0},{"period":"2024-06","brand_revenue":0.0,"category_revenue":185008.828125,"share_pct":0.0},{"period":"2024-07","brand_revenue":0.0,"category_revenue":186675.46875,"share_pct":0.0},{"period":"2024-08","brand_revenue":0.0,"category_revenue":180226.328125,"share_pct":0.0},{"period":"2024-09","brand_revenue":0.0,"category_revenue":162386.298828125,"share_pct":0.0},{"period":"2024-10","brand_revenue":0.0,"category_revenue":166088.73046875,"share_pct":0.0},{"period":"2024-11","brand_revenue":0.0,"category_revenue":171706.09375,"share_pct":0.0},{"period":"2024-12","brand_revenue":0.0,"category_revenue":176502.03125,"share_pct":0.0},{"period":"2025-01","brand_revenue":0.0,"category_revenue":167261.34765625,"share_pct":0.0},{"period":"2025-02","brand_revenue":0.0,"category_revenue":155260.927734375,"share_pct":0.0},{"period":"2025-03","brand_revenue":0.0,"category_revenue":176420.390625,"share_pct":0.0},{"period":"2025-04","brand_revenue":0.0,"category_revenue":182694.82421875,"share_pct":0.0},{"period":"2025-05","brand_revenue":0.0,"category_revenue":179904.4921875,"share_pct":0.0},{"period":"2025-06","brand_revenue":0.0,"category_revenue":161148.75,"share_pct":0.0},{"period":"2025-07","brand_revenue":0.0,"category_revenue":165549.8046875,"share_pct":0.0},{"period":"2025-08","brand_revenue":45.949997901916504,"category_revenue":171752.05078125,"share_pct":0.0},{"period":"2025-09","brand_revenue":81.54999732971191,"category_revenue":168198.9453125,"share_pct":0.0},{"period":"2025-10","brand_revenue":121.05000495910645,"category_revenue":171844.55078125,"share_pct":0.10000000149011612},{"period":"2025-11","brand_revenue":113.27500343322754,"category_revenue":172839.74609375,"share_pct":0.10000000149011612},{"period":"2025-12","brand_revenue":2.849999964237213,"category_revenue":141954.873046875,"share_pct":0.0},{"period":"2026-01","brand_revenue":88.00000190734863,"category_revenue":81677.1484375,"share_pct":0.10000000149011612}]},"discount_depth":[{"tier":"0% (Full Price)","transactions":74,"pct_of_transactions":35.6,"revenue":620.9000396728516,"avg_discount":0.0},{"tier":"1-10%","transactions":0,"pct_of_transactions":0.0,"revenue":0.0,"avg_discount":0},{"tier":"11-20%","transactions":12,"pct_of_transactions":5.8,"revenue":75.07500171661377,"avg_discount":23.399999618530273},{"tier":"21-30%","transactions":6,"pct_of_transactions":2.9,"revenue":32.37499952316284,"avg_discount":46.79999923706055},{"tier":"31%+","transactions":116,"pct_of_transactions":55.8,"revenue":546.2999725341797,"avg_discount":84.0}],"velocity":{"units_per_day":0.78,"revenue_per_day":4.099999964237213,"avg_units_per_txn":2.32,"days_of_data":310,"total_units":242,"total_transactions":208},"velocity_by_category":[{"category":"ACCESSORY","brand_units_per_day":0.12,"category_avg_units_per_day":20.56,"velocity_index":0.6,"brand_rev_per_unit":4.02,"category_rev_per_unit":1.55,"brands_in_category":136},{"category":0.0,"brand_units_per_day":0.0,"category_avg_units_per_day":0,"velocity_index":0,"brand_rev_per_unit":0.0,"category_rev_per_unit":0.0,"brands_in_category":0}],"deals":[{"deal_name":"Jackpot - Locals 30% Off","times_used":28,"units":28.0,"revenue":139.90000009536743,"discounts":60.15000104904175,"cost":77.27500140666962,"profit":62.625000178813934,"pre_discount_revenue":200.05000114440918,"margin":44.8,"avg_discount":60.2},{"deal_name":"Senior - 10% Off","times_used":8,"units":8.0,"revenue":46.22500002384186,"discounts":9.750000089406967,"cost":22.12500035762787,"profit":24.099999964237213,"pre_discount_revenue":55.97499966621399,"margin":52.1,"avg_discount":34.8},{"deal_name":"Industry - 30% Off","times_used":6,"units":6.0,"revenue":29.850000143051147,"discounts":12.825000286102295,"cost":16.50000035762787,"profit":13.349999785423279,"pre_discount_revenue":42.67500042915344,"margin":44.7,"avg_discount":60.2},{"deal_name":"Employee - 40% OFF","times_used":4,"units":4.0,"revenue":16.875,"discounts":11.25,"cost":10.975000262260437,"profit":5.900000035762787,"pre_discount_revenue":28.125,"margin":35.0,"avg_discount":80.0},{"deal_name":"Veterans - 10% Off","times_used":4,"units":4.0,"revenue":25.59999942779541,"discounts":2.849999964237213,"cost":11.000000238418579,"profit":14.600000381469727,"pre_discount_revenue":28.450000286102295,"margin":57.0,"avg_discount":20.0},{"deal_name":"Employee 30% - NOT FRIDAYS","times_used":2,"units":2.0,"revenue":2.849999964237213,"discounts":11.52500033378601,"cost":5.7749998569488525,"profit":-2.9249998927116394,"pre_discount_revenue":14.375,"margin":-102.6,"avg_discount":160.4},{"deal_name":"Industry 30% Off","times_used":2,"units":2.0,"revenue":10.049999952316284,"discounts":4.325000047683716,"cost":5.5000001192092896,"profit":4.5500001311302185,"pre_discount_revenue":14.375,"margin":45.3,"avg_discount":60.2}],"top_products":[{"product":"POP CONES - FLAVORED","units":242,"revenue":1274.6499633789062,"cost":667.0249938964844,"profit":607.6250076293945,"transactions":208,"margin":47.70000076293945}],"products_by_store":{"Elevation Oasis":[{"product":"POP CONES - FLAVORED","units":242,"revenue":1274.6499633789062,"cost":667.0249938964844,"profit":607.6250076293945,"transactions":208,"margin":47.70000076293945}]},"store_summary":[{"store_clean":"Elevation Oasis","units":242,"revenue":1274.6499633789062,"cost":667.0249938964844,"profit":607.6250076293945,"discounts":433.125,"margin":47.70000076293945,"discount_rate":25.399999618530273}],"recommendations":[{"severity":"red","title":"ACCESSORY: BELOW CATEGORY AVERAGE","detail":"Margin (44.7%) is 16 pts below ACCESSORY average. Ranked #76 of 136. Strong case for cost negotiation.","action":"Request 8% cost reduction or evaluate alternative ACCESSORY brands."},{"severity":"yellow","title":"CATEGORY BENCHMARK GAP","detail":"Overall margin (47.7%) trails ACCESSORY average (61.1%) by 13.4 pts.","action":"Negotiate cost reduction or increase retail price."}],"comparison":null}