{"brand":"CARTISAN","date_range":"2024-01-01 00:00:00 to 2026-01-31 00:00:00","period_label":"All Time","summary":{"total_units":618,"total_revenue":18036.75048828125,"total_cost":7671.17431640625,"total_discounts":1223.2499694824219,"total_profit":10365.574951171875,"overall_margin":57.5,"fp_margin":60.099998474121094,"disc_margin":47.0,"pct_full_price":79.69999694824219,"avg_discount_rate":6.400000095367432,"fp_revenue":14367.5,"disc_revenue":3669.2501831054688,"unique_customers":598,"brand":"CARTISAN","date_range":"2024-01-01 00:00:00 to 2026-01-31 00:00:00","months_count":10,"avg_monthly_cost":1534.2250000000001,"cost_per_unit":24.825,"primary_category":"BATTERY","primary_cat_margin":62.29999923706055,"category_rank":12,"category_total":19,"margin_vs_category":-4.800000190734863,"velocity_rank":13},"category_breakdown":[{"category_clean":"BATTERY","units":152,"revenue":4776.25,"cost":2089.7999572753906,"profit":2686.4498901367188,"discounts":423.75,"margin":56.20000076293945,"category_avg_margin":62.29999923706055,"vs_category":-6.1,"rank":12.0,"total_brands":19.0},{"category_clean":"ACCESSORY","units":90,"revenue":2181.750030517578,"cost":881.3749694824219,"profit":1300.3750610351562,"discounts":128.24999809265137,"margin":59.599998474121094,"category_avg_margin":61.099998474121094,"vs_category":-1.5,"rank":34.0,"total_brands":136.0}],"trend":[{"period":"2025-02","revenue":7095.0,"cost":3000.0,"margin":57.7,"units":240,"transactions":236,"profit":4095.0,"revenue_change_pct":null,"units_change_pct":null,"margin_change_pts":null},{"period":"2025-03","revenue":4115.0,"cost":1764.9749755859375,"margin":57.1,"units":138,"transactions":138,"profit":2350.0250244140625,"revenue_change_pct":-42.0,"units_change_pct":-42.5,"margin_change_pts":-0.6},{"period":"2025-11","revenue":809.0000152587891,"cost":379.5499801635742,"margin":53.1,"units":36,"transactions":36,"profit":429.4499969482422,"revenue_change_pct":-80.3,"units_change_pct":-73.9,"margin_change_pts":-4.0},{"period":"2025-12","revenue":2778.9999389648438,"cost":1121.824951171875,"margin":59.6,"units":106,"transactions":104,"profit":1657.1749877929688,"revenue_change_pct":243.5,"units_change_pct":194.4,"margin_change_pts":6.5},{"period":"2026-01","revenue":3238.75,"cost":1404.8249816894531,"margin":56.6,"units":98,"transactions":98,"profit":1833.9250183105469,"revenue_change_pct":16.5,"units_change_pct":-7.5,"margin_change_pts":-3.0}],"share_of_category":[{"category":"BATTERY","brand_revenue":4776.25,"category_revenue":1041867.1875,"revenue_share_pct":0.5,"brand_units":152,"category_units":41118,"units_share_pct":0.4},{"category":"ACCESSORY","brand_revenue":2181.750030517578,"category_revenue":4128754.0625,"revenue_share_pct":0.10000000149011612,"brand_units":90,"category_units":2130096,"units_share_pct":0.0},{"category":0.0,"brand_revenue":0.0,"category_revenue":0.0,"revenue_share_pct":0.0,"brand_units":0,"category_units":0,"units_share_pct":0.0}],"share_of_category_trend":{"BATTERY":[{"period":"2024-01","brand_revenue":0.0,"category_revenue":78523.75,"share_pct":0.0},{"period":"2024-02","brand_revenue":0.0,"category_revenue":79510.9765625,"share_pct":0.0},{"period":"2024-03","brand_revenue":0.0,"category_revenue":80066.9482421875,"share_pct":0.0},{"period":"2024-04","brand_revenue":0.0,"category_revenue":65688.7744140625,"share_pct":0.0},{"period":"2024-05","brand_revenue":0.0,"category_revenue":61493.57421875,"share_pct":0.0},{"period":"2024-06","brand_revenue":0.0,"category_revenue":67340.751953125,"share_pct":0.0},{"period":"2024-07","brand_revenue":0.0,"category_revenue":70591.1767578125,"share_pct":0.0},{"period":"2024-08","brand_revenue":0.0,"category_revenue":64657.8759765625,"share_pct":0.0},{"period":"2024-09","brand_revenue":0.0,"category_revenue":52538.3740234375,"share_pct":0.0},{"period":"2024-10","brand_revenue":0.0,"category_revenue":49278.92578125,"share_pct":0.0},{"period":"2024-11","brand_revenue":0.0,"category_revenue":39889.69970703125,"share_pct":0.0},{"period":"2024-12","brand_revenue":0.0,"category_revenue":38273.87451171875,"share_pct":0.0},{"period":"2025-01","brand_revenue":0.0,"category_revenue":24301.0498046875,"share_pct":0.0},{"period":"2025-02","brand_revenue":0.0,"category_revenue":15730.625,"share_pct":0.0},{"period":"2025-03","brand_revenue":0.0,"category_revenue":17904.124755859375,"share_pct":0.0},{"period":"2025-04","brand_revenue":0.0,"category_revenue":17018.02490234375,"share_pct":0.0},{"period":"2025-05","brand_revenue":0.0,"category_revenue":21588.3740234375,"share_pct":0.0},{"period":"2025-06","brand_revenue":0.0,"category_revenue":20285.274658203125,"share_pct":0.0},{"period":"2025-07","brand_revenue":0.0,"category_revenue":26462.7490234375,"share_pct":0.0},{"period":"2025-08","brand_revenue":0.0,"category_revenue":27441.025390625,"share_pct":0.0},{"period":"2025-09","brand_revenue":0.0,"category_revenue":24531.35009765625,"share_pct":0.0},{"period":"2025-10","brand_revenue":0.0,"category_revenue":27787.275390625,"share_pct":0.0},{"period":"2025-11","brand_revenue":125.0,"category_revenue":23690.8251953125,"share_pct":0.5},{"period":"2025-12","brand_revenue":1600.0,"category_revenue":24923.798828125,"share_pct":6.400000095367432},{"period":"2026-01","brand_revenue":3051.25,"category_revenue":22347.9248046875,"share_pct":13.699999809265137}],"ACCESSORY":[{"period":"2024-01","brand_revenue":0.0,"category_revenue":153543.9453125,"share_pct":0.0},{"period":"2024-02","brand_revenue":0.0,"category_revenue":152399.47265625,"share_pct":0.0},{"period":"2024-03","brand_revenue":0.0,"category_revenue":154678.876953125,"share_pct":0.0},{"period":"2024-04","brand_revenue":0.0,"category_revenue":163353.65234375,"share_pct":0.0},{"period":"2024-05","brand_revenue":0.0,"category_revenue":179676.4453125,"share_pct":0.0},{"period":"2024-06","brand_revenue":0.0,"category_revenue":185008.828125,"share_pct":0.0},{"period":"2024-07","brand_revenue":0.0,"category_revenue":186675.46875,"share_pct":0.0},{"period":"2024-08","brand_revenue":0.0,"category_revenue":180226.328125,"share_pct":0.0},{"period":"2024-09","brand_revenue":0.0,"category_revenue":162386.298828125,"share_pct":0.0},{"period":"2024-10","brand_revenue":0.0,"category_revenue":166088.73046875,"share_pct":0.0},{"period":"2024-11","brand_revenue":0.0,"category_revenue":171706.09375,"share_pct":0.0},{"period":"2024-12","brand_revenue":0.0,"category_revenue":176502.03125,"share_pct":0.0},{"period":"2025-01","brand_revenue":0.0,"category_revenue":167261.34765625,"share_pct":0.0},{"period":"2025-02","brand_revenue":0.0,"category_revenue":155260.927734375,"share_pct":0.0},{"period":"2025-03","brand_revenue":131.25,"category_revenue":176420.390625,"share_pct":0.10000000149011612},{"period":"2025-04","brand_revenue":0.0,"category_revenue":182694.82421875,"share_pct":0.0},{"period":"2025-05","brand_revenue":0.0,"category_revenue":179904.4921875,"share_pct":0.0},{"period":"2025-06","brand_revenue":0.0,"category_revenue":161148.75,"share_pct":0.0},{"period":"2025-07","brand_revenue":0.0,"category_revenue":165549.8046875,"share_pct":0.0},{"period":"2025-08","brand_revenue":0.0,"category_revenue":171752.05078125,"share_pct":0.0},{"period":"2025-09","brand_revenue":0.0,"category_revenue":168198.9453125,"share_pct":0.0},{"period":"2025-10","brand_revenue":0.0,"category_revenue":171844.55078125,"share_pct":0.0},{"period":"2025-11","brand_revenue":684.0000152587891,"category_revenue":172839.74609375,"share_pct":0.4000000059604645},{"period":"2025-12","brand_revenue":1179.000015258789,"category_revenue":141954.873046875,"share_pct":0.800000011920929},{"period":"2026-01","brand_revenue":187.5,"category_revenue":81677.1484375,"share_pct":0.20000000298023224}]},"discount_depth":[{"tier":"0% (Full Price)","transactions":462,"pct_of_transactions":75.5,"revenue":14367.5,"avg_discount":0.0},{"tier":"1-10%","transactions":50,"pct_of_transactions":8.2,"revenue":1403.9999389648438,"avg_discount":20.0},{"tier":"11-20%","transactions":26,"pct_of_transactions":4.2,"revenue":582.5,"avg_discount":39.400001525878906},{"tier":"21-30%","transactions":0,"pct_of_transactions":0.0,"revenue":0.0,"avg_discount":0},{"tier":"31%+","transactions":12,"pct_of_transactions":2.0,"revenue":251.25,"avg_discount":109.4000015258789}],"velocity":{"units_per_day":1.74,"revenue_per_day":50.949997901916504,"avg_units_per_txn":2.02,"days_of_data":354,"total_units":618,"total_transactions":612},"velocity_by_category":[{"category":"BATTERY","brand_units_per_day":0.2,"category_avg_units_per_day":2.84,"velocity_index":7.0,"brand_rev_per_unit":25.14,"category_rev_per_unit":20.27,"brands_in_category":19},{"category":"ACCESSORY","brand_units_per_day":0.12,"category_avg_units_per_day":20.56,"velocity_index":0.6,"brand_rev_per_unit":19.39,"category_rev_per_unit":1.55,"brands_in_category":136},{"category":0.0,"brand_units_per_day":0.0,"category_avg_units_per_day":0,"velocity_index":0,"brand_rev_per_unit":0.0,"category_rev_per_unit":0.0,"brands_in_category":0}],"deals":[{"deal_name":"Jackpot - Locals 30% Off","times_used":32,"units":32.0,"revenue":700.0,"discounts":300.0,"cost":400.0,"profit":300.0,"pre_discount_revenue":1000.0,"margin":42.9,"avg_discount":60.0},{"deal_name":"Senior - 10% Off","times_used":30,"units":30.0,"revenue":828.0000019073486,"discounts":91.99999988079071,"cost":367.4749994277954,"profit":460.52500009536743,"pre_discount_revenue":920.0,"margin":55.6,"avg_discount":20.0},{"deal_name":"Industry - 30% Off","times_used":20,"units":20.0,"revenue":525.0,"discounts":225.0,"cost":289.9749994277954,"profit":235.0250005722046,"pre_discount_revenue":750.0,"margin":44.8,"avg_discount":60.0},{"deal_name":"Senior / Veterans - 20% Off","times_used":14,"units":13.0,"revenue":290.74999809265137,"discounts":111.74999952316284,"cost":159.93749856948853,"profit":130.81249952316284,"pre_discount_revenue":402.5,"margin":45.0,"avg_discount":55.6},{"deal_name":"Veterans - 10% Off","times_used":12,"units":12.0,"revenue":306.00000381469727,"discounts":33.99999976158142,"cost":134.94999885559082,"profit":171.05000019073486,"pre_discount_revenue":340.0,"margin":55.9,"avg_discount":20.0},{"deal_name":"Industry 30% Off","times_used":8,"units":8.0,"revenue":175.0,"discounts":75.0,"cost":100.0,"profit":75.0,"pre_discount_revenue":250.0,"margin":42.9,"avg_discount":60.0},{"deal_name":"Medical - 10%","times_used":2,"units":2.0,"revenue":56.25,"discounts":6.25,"cost":25.0,"profit":31.25,"pre_discount_revenue":62.5,"margin":55.6,"avg_discount":20.0},{"deal_name":"Reno - Early Bird - Senior / Veterans - 20%","times_used":2,"units":2.0,"revenue":35.999999046325684,"discounts":8.999999761581421,"cost":17.47499942779541,"profit":18.524999618530273,"pre_discount_revenue":45.0,"margin":51.5,"avg_discount":40.0},{"deal_name":"Store Credit - $100","times_used":2,"units":1.0,"revenue":18.75,"discounts":43.75,"cost":24.987499713897705,"profit":-6.237499713897705,"pre_discount_revenue":62.5,"margin":-33.3,"avg_discount":140.0},{"deal_name":"Store Credit - $15","times_used":2,"units":2.0,"revenue":50.0,"discounts":12.5,"cost":25.0,"profit":25.0,"pre_discount_revenue":62.5,"margin":50.0,"avg_discount":40.0}],"top_products":[{"product":"510 BATTERY - CARTISAN","units":512,"revenue":15128.75,"cost":6400.0,"profit":8728.75,"transactions":508,"margin":57.70000076293945},{"product":"Cartisan - Pro Pen Neo 400","units":86,"revenue":1863.0000305175781,"cost":751.4249420166016,"profit":1111.5750122070312,"transactions":84,"margin":59.70000076293945},{"product":"CARTISAN VEIL BAR PRO EVO","units":8,"revenue":438.75,"cost":189.89999771118164,"profit":248.85000228881836,"transactions":8,"margin":56.70000076293945},{"product":"Cartisan the inspector pipe/battery","units":4,"revenue":318.75,"cost":129.94999885559082,"profit":188.79999160766602,"transactions":4,"margin":59.20000076293945},{"product":"Cartisan Veil Bar Duo","units":8,"revenue":287.5,"cost":199.89999771118164,"profit":87.60000228881836,"transactions":8,"margin":30.5}],"products_by_store":{"Elevation Oasis":[{"product":"510 BATTERY - CARTISAN","units":376,"revenue":11078.75,"cost":4700.0,"profit":6378.75,"transactions":372,"margin":57.599998474121094}],"Elevation Midtown":[{"product":"510 BATTERY - CARTISAN","units":136,"revenue":4050.0,"cost":1700.0,"profit":2350.0,"transactions":136,"margin":58.0},{"product":"Cartisan - Pro Pen Neo 400","units":86,"revenue":1863.0000305175781,"cost":751.4249420166016,"profit":1111.5750122070312,"transactions":84,"margin":59.70000076293945},{"product":"CARTISAN VEIL BAR PRO EVO","units":8,"revenue":438.75,"cost":189.89999771118164,"profit":248.85000228881836,"transactions":8,"margin":56.70000076293945},{"product":"Cartisan the inspector pipe/battery","units":4,"revenue":318.75,"cost":129.94999885559082,"profit":188.79999160766602,"transactions":4,"margin":59.20000076293945},{"product":"Cartisan Veil Bar Duo","units":8,"revenue":287.5,"cost":199.89999771118164,"profit":87.60000228881836,"transactions":8,"margin":30.5}]},"store_summary":[{"store_clean":"Elevation Oasis","units":376,"revenue":11078.75,"cost":4700.0,"profit":6378.75,"discounts":671.25,"margin":57.599998474121094,"discount_rate":5.699999809265137},{"store_clean":"Elevation Midtown","units":242,"revenue":6957.9998779296875,"cost":2971.1749267578125,"profit":3986.824951171875,"discounts":552.0000076293945,"margin":57.29999923706055,"discount_rate":7.400000095367432}],"recommendations":[{"severity":"info","title":"VOLUME LEVERAGE","detail":"$7,215 revenue provides negotiating leverage.","action":"Use volume as leverage in next vendor meeting."}],"comparison":null}