{"period_label":"All Time","date_range":"2024-01-01 00:00:00 to 2026-01-31 00:00:00","kpis":{"total_revenue":238261420.0,"net_profit":123142620.0,"blended_margin":51.7,"total_units":11673906,"total_transactions":3365012,"total_discounts":81043175.0,"full_price_pct":66.0,"avg_basket":141.6,"unique_customers":711034,"stores":7,"brands":312},"secondary_kpis":{"avg_monthly_revenue":9530457.5,"avg_monthly_profit":4925705.0,"best_month":{"label":"March 2024","revenue":10486803.75},"worst_month":{"label":"January 2026","revenue":8248956.875}},"monthly_trend":[{"month":"2024-01","label":"January 2024","year":2024,"month_num":1,"revenue":9701048.125,"profit":4883998.4375,"margin":50.345059364397294,"units":465356,"transactions":147052,"customers":69372,"full_price_pct":66.16808866722327},{"month":"2024-02","label":"February 2024","year":2024,"month_num":2,"revenue":9943320.0,"profit":5128594.0625,"margin":51.57828635204338,"units":461980,"transactions":143980,"customers":71042,"full_price_pct":72.74476734129044},{"month":"2024-03","label":"March 2024","year":2024,"month_num":3,"revenue":10486803.75,"profit":5427944.375,"margin":51.75975925934535,"units":482286,"transactions":151894,"customers":74160,"full_price_pct":72.2606345856334},{"month":"2024-04","label":"April 2024","year":2024,"month_num":4,"revenue":10137563.75,"profit":4995611.25,"margin":49.2782227879948,"units":486358,"transactions":144516,"customers":74490,"full_price_pct":64.44509411839704},{"month":"2024-05","label":"May 2024","year":2024,"month_num":5,"revenue":10297835.0,"profit":5374584.375,"margin":52.19140115373766,"units":482154,"transactions":151652,"customers":75184,"full_price_pct":72.38845592301682},{"month":"2024-06","label":"June 2024","year":2024,"month_num":6,"revenue":9911860.625,"profit":5144736.25,"margin":51.90484859143184,"units":486936,"transactions":145840,"customers":72918,"full_price_pct":70.32763525667514},{"month":"2024-07","label":"July 2024","year":2024,"month_num":7,"revenue":10003677.5,"profit":5232242.5,"margin":52.303190501692995,"units":493776,"transactions":145142,"customers":73098,"full_price_pct":69.41096161886466},{"month":"2024-08","label":"August 2024","year":2024,"month_num":8,"revenue":10166333.75,"profit":5226167.8125,"margin":51.40661265916043,"units":522770,"transactions":144244,"customers":72580,"full_price_pct":66.93249299434027},{"month":"2024-09","label":"September 2024","year":2024,"month_num":9,"revenue":9676270.0,"profit":4917314.375,"margin":50.81828405987018,"units":494362,"transactions":137332,"customers":69306,"full_price_pct":65.4473779669232},{"month":"2024-10","label":"October 2024","year":2024,"month_num":10,"revenue":10395793.75,"profit":5393691.875,"margin":51.883405968880446,"units":526208,"transactions":147094,"customers":75310,"full_price_pct":66.11561647228716},{"month":"2024-11","label":"November 2024","year":2024,"month_num":11,"revenue":10164714.375,"profit":4759164.0625,"margin":46.820440662898605,"units":537040,"transactions":143438,"customers":73766,"full_price_pct":56.22456619692278},{"month":"2024-12","label":"December 2024","year":2024,"month_num":12,"revenue":9902441.25,"profit":5048325.9375,"margin":50.98061993046412,"units":495660,"transactions":138992,"customers":71076,"full_price_pct":66.94362173065151},{"month":"2025-01","label":"January 2025","year":2025,"month_num":1,"revenue":9281153.125,"profit":4771235.9375,"margin":51.40779247190795,"units":462028,"transactions":132382,"customers":66234,"full_price_pct":65.52118894170276},{"month":"2025-02","label":"February 2025","year":2025,"month_num":2,"revenue":8722721.875,"profit":4439609.0625,"margin":50.89706087298582,"units":422696,"transactions":122532,"customers":63536,"full_price_pct":65.85407507905897},{"month":"2025-03","label":"March 2025","year":2025,"month_num":3,"revenue":9348723.75,"profit":4693711.875,"margin":50.20698012389124,"units":465866,"transactions":132378,"customers":70112,"full_price_pct":64.18952373044502},{"month":"2025-04","label":"April 2025","year":2025,"month_num":4,"revenue":9869822.5,"profit":4281680.0,"margin":43.38152991099891,"units":535846,"transactions":138736,"customers":74468,"full_price_pct":46.73027934392944},{"month":"2025-05","label":"May 2025","year":2025,"month_num":5,"revenue":9493466.25,"profit":4860662.5,"margin":51.20008195109978,"units":464130,"transactions":132678,"customers":71240,"full_price_pct":65.79723317602777},{"month":"2025-06","label":"June 2025","year":2025,"month_num":6,"revenue":8918461.25,"profit":4648263.125,"margin":52.11956406717583,"units":434348,"transactions":124696,"customers":66958,"full_price_pct":66.5301427418323},{"month":"2025-07","label":"July 2025","year":2025,"month_num":7,"revenue":9156966.875,"profit":4998983.125,"margin":54.592128520722646,"units":440412,"transactions":126450,"customers":68180,"full_price_pct":67.79367171730651},{"month":"2025-08","label":"August 2025","year":2025,"month_num":8,"revenue":9160099.375,"profit":5134326.875,"margin":56.0509953528752,"units":442874,"transactions":125160,"customers":67844,"full_price_pct":69.3534711243239},{"month":"2025-09","label":"September 2025","year":2025,"month_num":9,"revenue":8619481.25,"profit":4829252.5,"margin":56.0271826103224,"units":419220,"transactions":118478,"customers":65318,"full_price_pct":69.86099076438039},{"month":"2025-10","label":"October 2025","year":2025,"month_num":10,"revenue":9058344.375,"profit":5023596.25,"margin":55.45821666776717,"units":443412,"transactions":123954,"customers":69540,"full_price_pct":66.88221378203012},{"month":"2025-11","label":"November 2025","year":2025,"month_num":11,"revenue":9020266.25,"profit":4638667.5,"margin":51.424951009622355,"units":459748,"transactions":120698,"customers":67622,"full_price_pct":55.506451236957666},{"month":"2025-12","label":"December 2025","year":2025,"month_num":12,"revenue":8575299.375,"profit":4746034.375,"margin":55.34540740159291,"units":405672,"transactions":114904,"customers":64520,"full_price_pct":67.47623752785891},{"month":"2026-01","label":"January 2026","year":2026,"month_num":1,"revenue":8248956.875,"profit":4544230.9375,"margin":55.08855248440124,"units":342768,"transactions":110790,"customers":60794,"full_price_pct":68.84576163455819}],"excluded_transactions":{"total":366477,"total_value":237179.6484375,"total_units":830874,"breakdown":[{"type":"REWARD","count":244298,"value":227153.49609375,"units":290426},{"type":"COMP","count":471764,"value":9074.425048828125,"units":513134},{"type":"MARKOUT","count":16794,"value":950.4499816894531,"units":27212},{"type":"TESTER","count":98,"value":1.274999976158142,"units":102}]},"sales_mix":{"full_price_pct":33.7,"discounted_pct":66.3,"health":"watch","full_price_revenue":80391750.0,"discounted_revenue":157869680.0,"full_price_margin":61.1,"discounted_margin":46.9,"margin_gap_pts":14.1},"top_categories":[{"name":"FLOWER","revenue":77755450.0,"margin":54.1,"pct_of_total":32.6},{"name":"CARTRIDGE","revenue":46155130.0,"margin":50.4,"pct_of_total":19.4},{"name":"DISPOSABLE VAPE","revenue":30552405.0,"margin":52.8,"pct_of_total":12.8},{"name":"EDIBLE","revenue":29378492.5,"margin":50.0,"pct_of_total":12.3},{"name":"PRE ROLL","revenue":14009791.25,"margin":48.3,"pct_of_total":5.9},{"name":"INFUSED PRE ROLL","revenue":10308101.25,"margin":47.3,"pct_of_total":4.3},{"name":"INFUSED PACK","revenue":8259010.0,"margin":47.7,"pct_of_total":3.5},{"name":"CONCENTRATE","revenue":7866358.125,"margin":45.9,"pct_of_total":3.3}],"top_stores":[{"name":"Elevation Oasis","revenue":56050140.0,"margin":53.8,"units":2373132},{"name":"Elevation Springs","revenue":51138750.0,"margin":50.6,"units":2625524},{"name":"Elevation Mesa","revenue":47532240.0,"margin":50.4,"units":2397402},{"name":"Elevation Midtown","revenue":30850185.0,"margin":52.9,"units":1557574},{"name":"Elevation Boulevard","revenue":28757862.5,"margin":49.7,"units":1549612},{"name":"Elevation Parkway","revenue":21987007.5,"margin":52.5,"units":1050498},{"name":"Elevation Downtown","revenue":1945237.03125,"margin":51.4,"units":120164}],"insights":[]}