{"brand":"LOST FARM","date_range":"2024-01-01 00:00:00 to 2026-01-31 00:00:00","period_label":"All Time","summary":{"total_units":28630,"total_revenue":639048.046875,"total_cost":350676.328125,"total_discounts":227964.453125,"total_profit":288371.71875,"overall_margin":45.099998474121094,"fp_margin":58.900001525878906,"disc_margin":38.5,"pct_full_price":32.5,"avg_discount_rate":26.299999237060547,"fp_revenue":207840.0,"disc_revenue":431208.046875,"brand":"LOST FARM","date_range":"2024-01-01 00:00:00 to 2026-01-31 00:00:00","primary_category":"EDIBLE","store_coverage":"6/7","stores_present":["Elevation Springs","Elevation Mesa","Elevation Oasis","Elevation Midtown","Elevation Boulevard","Elevation Parkway"],"stores_missing":["Elevation Downtown"],"velocity_rank":14,"velocity_total":32},"distribution":[{"store":"Elevation Springs","carries_brand":true,"sku_count":18,"revenue":136627.67578125,"units":6170,"store_total_revenue":51138750.0,"brand_share_pct":0.30000001192092896},{"store":"Elevation Mesa","carries_brand":true,"sku_count":18,"revenue":78535.9765625,"units":3700,"store_total_revenue":47532240.0,"brand_share_pct":0.20000000298023224},{"store":"Elevation Oasis","carries_brand":true,"sku_count":18,"revenue":141984.66796875,"units":6242,"store_total_revenue":56050145.0,"brand_share_pct":0.30000001192092896},{"store":"Elevation Downtown","carries_brand":false,"sku_count":0,"revenue":0.0,"units":0,"store_total_revenue":1945237.1875,"brand_share_pct":0},{"store":"Elevation Midtown","carries_brand":true,"sku_count":18,"revenue":99989.375,"units":4378,"store_total_revenue":30850185.0,"brand_share_pct":0.30000001192092896},{"store":"Elevation Boulevard","carries_brand":true,"sku_count":18,"revenue":59269.6484375,"units":2846,"store_total_revenue":28757865.0,"brand_share_pct":0.20000000298023224},{"store":"Elevation Parkway","carries_brand":true,"sku_count":14,"revenue":122640.703125,"units":5294,"store_total_revenue":21987007.5,"brand_share_pct":0.6000000238418579}],"share_of_category":[{"category":"EDIBLE","brand_revenue":584257.421875,"category_revenue":29378492.5,"revenue_share_pct":2.0,"brand_units":27364,"category_units":1706530,"units_share_pct":1.6},{"category":"DISPOSABLE VAPE","brand_revenue":54790.654296875,"category_revenue":30552405.0,"revenue_share_pct":0.20000000298023224,"brand_units":1266,"category_units":756548,"units_share_pct":0.2}],"share_of_category_trend":{"EDIBLE":[{"period":"2024-01","brand_revenue":0.0,"category_revenue":1115754.921875,"share_pct":0.0},{"period":"2024-02","brand_revenue":0.0,"category_revenue":1235210.0,"share_pct":0.0},{"period":"2024-03","brand_revenue":0.0,"category_revenue":1273343.671875,"share_pct":0.0},{"period":"2024-04","brand_revenue":0.0,"category_revenue":1298159.0625,"share_pct":0.0},{"period":"2024-05","brand_revenue":0.0,"category_revenue":1215880.78125,"share_pct":0.0},{"period":"2024-06","brand_revenue":0.0,"category_revenue":1181362.421875,"share_pct":0.0},{"period":"2024-07","brand_revenue":0.0,"category_revenue":1128302.8125,"share_pct":0.0},{"period":"2024-08","brand_revenue":30205.80078125,"category_revenue":1167724.921875,"share_pct":2.5999999046325684},{"period":"2024-09","brand_revenue":27824.09912109375,"category_revenue":1114619.53125,"share_pct":2.5},{"period":"2024-10","brand_revenue":36976.8505859375,"category_revenue":1205149.0625,"share_pct":3.0999999046325684},{"period":"2024-11","brand_revenue":31365.92529296875,"category_revenue":1236132.421875,"share_pct":2.5},{"period":"2024-12","brand_revenue":30872.35107421875,"category_revenue":1207318.046875,"share_pct":2.5999999046325684},{"period":"2025-01","brand_revenue":33870.6005859375,"category_revenue":1176202.578125,"share_pct":2.9000000953674316},{"period":"2025-02","brand_revenue":50413.173828125,"category_revenue":1097683.359375,"share_pct":4.599999904632568},{"period":"2025-03","brand_revenue":51139.599609375,"category_revenue":1228067.265625,"share_pct":4.199999809265137},{"period":"2025-04","brand_revenue":31496.79931640625,"category_revenue":1290106.171875,"share_pct":2.4000000953674316},{"period":"2025-05","brand_revenue":38116.826171875,"category_revenue":1191670.3125,"share_pct":3.200000047683716},{"period":"2025-06","brand_revenue":30605.67626953125,"category_revenue":1110702.109375,"share_pct":2.799999952316284},{"period":"2025-07","brand_revenue":18664.45068359375,"category_revenue":1096938.125,"share_pct":1.7000000476837158},{"period":"2025-08","brand_revenue":30878.9501953125,"category_revenue":1145920.859375,"share_pct":2.700000047683716},{"period":"2025-09","brand_revenue":25650.50048828125,"category_revenue":1070074.53125,"share_pct":2.4000000953674316},{"period":"2025-10","brand_revenue":19826.700439453125,"category_revenue":1168865.78125,"share_pct":1.7000000476837158},{"period":"2025-11","brand_revenue":35130.4248046875,"category_revenue":1192334.453125,"share_pct":2.9000000953674316},{"period":"2025-12","brand_revenue":35941.35009765625,"category_revenue":1138094.375,"share_pct":3.200000047683716},{"period":"2026-01","brand_revenue":25277.32421875,"category_revenue":1092874.21875,"share_pct":2.299999952316284}],"DISPOSABLE VAPE":[{"period":"2024-01","brand_revenue":0.0,"category_revenue":933474.921875,"share_pct":0.0},{"period":"2024-02","brand_revenue":0.0,"category_revenue":877782.109375,"share_pct":0.0},{"period":"2024-03","brand_revenue":0.0,"category_revenue":990692.03125,"share_pct":0.0},{"period":"2024-04","brand_revenue":0.0,"category_revenue":971952.1875,"share_pct":0.0},{"period":"2024-05","brand_revenue":0.0,"category_revenue":1035100.46875,"share_pct":0.0},{"period":"2024-06","brand_revenue":0.0,"category_revenue":1039794.21875,"share_pct":0.0},{"period":"2024-07","brand_revenue":0.0,"category_revenue":1081636.5625,"share_pct":0.0},{"period":"2024-08","brand_revenue":0.0,"category_revenue":1098658.125,"share_pct":0.0},{"period":"2024-09","brand_revenue":0.0,"category_revenue":1056394.53125,"share_pct":0.0},{"period":"2024-10","brand_revenue":0.0,"category_revenue":1197041.171875,"share_pct":0.0},{"period":"2024-11","brand_revenue":0.0,"category_revenue":1193980.234375,"share_pct":0.0},{"period":"2024-12","brand_revenue":0.0,"category_revenue":1222008.984375,"share_pct":0.0},{"period":"2025-01","brand_revenue":0.0,"category_revenue":1100552.421875,"share_pct":0.0},{"period":"2025-02","brand_revenue":0.0,"category_revenue":1167271.25,"share_pct":0.0},{"period":"2025-03","brand_revenue":0.0,"category_revenue":1348856.71875,"share_pct":0.0},{"period":"2025-04","brand_revenue":0.0,"category_revenue":1414639.84375,"share_pct":0.0},{"period":"2025-05","brand_revenue":0.0,"category_revenue":1460588.4375,"share_pct":0.0},{"period":"2025-06","brand_revenue":0.0,"category_revenue":1320852.96875,"share_pct":0.0},{"period":"2025-07","brand_revenue":0.0,"category_revenue":1451194.84375,"share_pct":0.0},{"period":"2025-08","brand_revenue":0.0,"category_revenue":1403520.625,"share_pct":0.0},{"period":"2025-09","brand_revenue":0.0,"category_revenue":1317518.125,"share_pct":0.0},{"period":"2025-10","brand_revenue":0.0,"category_revenue":1511693.75,"share_pct":0.0},{"period":"2025-11","brand_revenue":0.0,"category_revenue":1481709.21875,"share_pct":0.0},{"period":"2025-12","brand_revenue":18369.725341796875,"category_revenue":1476896.875,"share_pct":1.2000000476837158},{"period":"2026-01","brand_revenue":36420.92529296875,"category_revenue":1398594.84375,"share_pct":2.5999999046325684}]},"velocity_by_category":[{"category":"EDIBLE","brand_units_per_day":35.92,"category_avg_units_per_day":69.98,"velocity_index":51.3,"brand_rev_per_unit":17.08,"category_rev_per_unit":13.77,"brands_in_category":32},{"category":"DISPOSABLE VAPE","brand_units_per_day":1.66,"category_avg_units_per_day":28.36,"velocity_index":5.9,"brand_rev_per_unit":34.62,"category_rev_per_unit":32.31,"brands_in_category":35}],"store_gaps":[{"store":"Elevation Parkway","category":"DISPOSABLE VAPE","category_revenue_at_store":4718422.1875,"opportunity":"Category not carried at this store"},{"store":"Elevation Downtown","category":"DISPOSABLE VAPE","category_revenue_at_store":386406.2890625,"opportunity":"Brand not carried"},{"store":"Elevation Downtown","category":"EDIBLE","category_revenue_at_store":354431.015625,"opportunity":"Brand not carried"}],"product_mix":{"top":[{"product":"TROPICAL LEMONADE LIVE RESIN GUMMIES - KIVA","units":8532,"revenue":184005.4296875,"cost":102562.802734375,"profit":81442.626953125,"stores":6,"transactions":6092,"margin":44.29999923706055},{"product":"1:1 THC/CBN THORNYBERRY LIVE RESIN GUMMIES - KIVA","units":5986,"revenue":131539.873046875,"cost":68050.6982421875,"profit":63489.1748046875,"stores":6,"transactions":3848,"margin":48.29999923706055},{"product":"VERY CHERRY LIVE RESIN GUMMIES - KIVA","units":5846,"revenue":122231.396484375,"cost":71515.0,"profit":50716.4013671875,"stores":6,"transactions":4380,"margin":41.5},{"product":"CHILI MANGO LIVE RESIN GUMMIES - KIVA","units":5840,"revenue":121114.55078125,"cost":67951.0009765625,"profit":53163.5498046875,"stores":6,"transactions":4352,"margin":43.900001525878906},{"product":"JACK OF ACES LIVE RESIN DISPOSABLE VAPE - KIVA","units":452,"revenue":19484.3505859375,"cost":10170.0,"profit":9314.349975585938,"stores":5,"transactions":418,"margin":47.79999923706055},{"product":"BOSTON SHERBET LIVE RESIN DISPOSABLE VAPE - KIVA","units":434,"revenue":18727.850341796875,"cost":9765.0,"profit":8962.849731445312,"stores":5,"transactions":420,"margin":47.900001525878906},{"product":"SUPERSONIC BANANA LIVE RESIN DISPOSABLE VAPE - KIVA","units":380,"revenue":16578.44970703125,"cost":8550.0,"profit":8028.44970703125,"stores":5,"transactions":352,"margin":48.400001525878906},{"product":"STRAWBERRY LEMONADE LIVE RESIN GUMMIES - KIVA","units":718,"revenue":15460.699462890625,"cost":7574.89990234375,"profit":7885.8001708984375,"stores":6,"transactions":536,"margin":51.0},{"product":"JUICY PEACH LIVE RESIN GUMMIES - KIVA","units":384,"revenue":8748.250122070312,"cost":4051.199951171875,"profit":4697.0501708984375,"stores":6,"transactions":308,"margin":53.70000076293945},{"product":"RASPBERRY LIVE RESIN GUMMIES - KIVA","units":58,"revenue":1157.2000122070312,"cost":485.75000762939453,"profit":671.4500427246094,"stores":1,"transactions":48,"margin":58.0}],"bottom":[],"expansion":[{"product":"JACK OF ACES LIVE RESIN DISPOSABLE VAPE - KIVA","current_stores":5,"total_stores":6,"missing_stores":["Elevation Parkway"],"revenue":19484.3505859375},{"product":"BOSTON SHERBET LIVE RESIN DISPOSABLE VAPE - KIVA","current_stores":5,"total_stores":6,"missing_stores":["Elevation Parkway"],"revenue":18727.850341796875},{"product":"SUPERSONIC BANANA LIVE RESIN DISPOSABLE VAPE - KIVA","current_stores":5,"total_stores":6,"missing_stores":["Elevation Parkway"],"revenue":16578.44970703125}]},"pricing_consistency":[{"product":"TROPICAL LEMONADE LIVE RESIN GUMMIES - KIVA","min_price":38.61597870617378,"max_price":47.50725785042476,"avg_price":42.4363011840813,"std_dev":1.2568306210471376,"store_count":12,"price_range":8.891279144250976,"range_pct":21.0},{"product":"STRAWBERRY LEMONADE LIVE RESIN GUMMIES - KIVA","min_price":38.46368408203125,"max_price":47.24772505326705,"avg_price":43.741308863047934,"std_dev":1.2608132961171663,"store_count":12,"price_range":8.784040971235797,"range_pct":20.1},{"product":"VERY CHERRY LIVE RESIN GUMMIES - KIVA","min_price":38.2894070349007,"max_price":45.76888248470279,"avg_price":41.459487014427296,"std_dev":1.1608160288585556,"store_count":12,"price_range":7.479475449802093,"range_pct":18.0},{"product":"JACK OF ACES LIVE RESIN DISPOSABLE VAPE - KIVA","min_price":76.17697464792352,"max_price":90.39260219520246,"avg_price":85.12295115676858,"std_dev":2.178155358139861,"store_count":10,"price_range":14.215627547278942,"range_pct":16.7},{"product":"CHILI MANGO LIVE RESIN GUMMIES - KIVA","min_price":39.163508277230704,"max_price":45.53269606370193,"avg_price":41.32024443158255,"std_dev":0.9395129410058325,"store_count":12,"price_range":6.36918778647122,"range_pct":15.4},{"product":"JUICY PEACH LIVE RESIN GUMMIES - KIVA","min_price":41.000003814697266,"max_price":47.6661491394043,"avg_price":45.11319531334771,"std_dev":0.9849256443831712,"store_count":12,"price_range":6.666145324707031,"range_pct":14.8},{"product":"BOSTON SHERBET LIVE RESIN DISPOSABLE VAPE - KIVA","min_price":81.03260869565217,"max_price":89.765625,"avg_price":85.96679934716143,"std_dev":1.3227042272307368,"store_count":10,"price_range":8.733016304347831,"range_pct":10.2},{"product":"1:1 THC/CBN THORNYBERRY LIVE RESIN GUMMIES - KIVA","min_price":41.25576361924588,"max_price":45.600193368348,"avg_price":43.6513120160868,"std_dev":0.743315514381633,"store_count":12,"price_range":4.344429749102119,"range_pct":10.0},{"product":"SUPERSONIC BANANA LIVE RESIN DISPOSABLE VAPE - KIVA","min_price":83.57131207575563,"max_price":92.25,"avg_price":87.86683175742994,"std_dev":1.3022052385812761,"store_count":10,"price_range":8.678687924244368,"range_pct":9.9}],"promotional_effectiveness":{"lift":{"fp_units_per_day":15.06,"disc_units_per_day":41.8,"lift_pct":177.6,"fp_avg_revenue_per_unit":59.225,"disc_avg_revenue_per_unit":39.900000000000006},"by_deal":[{"deal_name":"Lost Farms 3 for $40","uses":574,"revenue":65465.713148117065,"discounts":48314.28771495819,"units":3926.0,"cost":48002.49985456467,"margin":26.7,"discount_depth":85.0},{"deal_name":"30% Off Kiva / Camino","uses":546,"revenue":34709.075734615326,"discounts":15005.925211906433,"units":1704.0,"cost":20406.89977645874,"margin":41.2,"discount_depth":60.4},{"deal_name":"40% OFF KIVA ( Camino / Lost Farms )","uses":448,"revenue":27258.250381946564,"discounts":18181.749699115753,"units":1584.0,"cost":19800.0,"margin":27.4,"discount_depth":80.0},{"deal_name":"Industry 30% Off","uses":411,"revenue":28494.350386857986,"discounts":12549.400118589401,"units":1146.0,"cost":15550.199669599533,"margin":45.4,"discount_depth":61.2},{"deal_name":"25% Off Kiva / Camino","uses":347,"revenue":27799.162499904633,"discounts":9329.587500095367,"units":987.0,"cost":14053.199667930603,"margin":49.4,"discount_depth":50.2},{"deal_name":"Industry - 30% Off","uses":341,"revenue":19796.912925243378,"discounts":8521.837624311447,"units":985.0,"cost":12312.5,"margin":37.8,"discount_depth":60.2},{"deal_name":"KIVA B1G1","uses":251,"revenue":20668.65015745163,"discounts":20558.849811553955,"units":1434.0,"cost":17925.0,"margin":13.3,"discount_depth":99.8},{"deal_name":"30% Off Special","uses":180,"revenue":12650.82528591156,"discounts":5286.675086021423,"units":591.0,"cost":6449.54980969429,"margin":49.0,"discount_depth":59.0},{"deal_name":"Lost Farms - 3 for $50","uses":172,"revenue":23502.587304115295,"discounts":11008.662665486336,"units":1136.0,"cost":12042.599588632584,"margin":48.8,"discount_depth":63.8},{"deal_name":"4/20 2025 - Edibles","uses":157,"revenue":8152.674996852875,"discounts":8206.075003147125,"units":569.0,"cost":7112.5,"margin":12.8,"discount_depth":100.4},{"deal_name":"Senior - 10% Off","uses":152,"revenue":14618.500208854675,"discounts":1631.4999723434448,"units":544.0,"cost":6346.299910545349,"margin":56.6,"discount_depth":20.0},{"deal_name":"KIVA 25% Off","uses":146,"revenue":12000.087498426437,"discounts":4031.162499189377,"units":467.0,"cost":5894.699848890305,"margin":50.9,"discount_depth":50.2},{"deal_name":"Lost Farms 3 for $50","uses":134,"revenue":18550.89984893799,"discounts":8584.100166261196,"units":894.0,"cost":9380.099687576294,"margin":49.4,"discount_depth":63.2},{"deal_name":"Spark the Summer Sale","uses":132,"revenue":7861.5001130104065,"discounts":5240.99990606308,"units":458.0,"cost":5276.499903202057,"margin":32.9,"discount_depth":80.0},{"deal_name":"GW - 50% Off Edibles","uses":125,"revenue":5635.0,"discounts":5635.0,"units":392.0,"cost":4900.0,"margin":13.0,"discount_depth":100.0},{"deal_name":"30% OFF KIVA ( Camino / Lost Farms )","uses":102,"revenue":6923.000130653381,"discounts":2967.0000445842743,"units":344.0,"cost":4300.0,"margin":37.9,"discount_depth":60.0},{"deal_name":"50% Off - G2B","uses":95,"revenue":5249.274997413158,"discounts":5403.225002288818,"units":357.0,"cost":3677.5498592853546,"margin":29.9,"discount_depth":101.4},{"deal_name":"Lit4Less - Disposables - 2 for $75 LR / HTE","uses":84,"revenue":11339.575004577637,"discounts":2272.925000190735,"units":242.0,"cost":5445.0,"margin":52.0,"discount_depth":33.4},{"deal_name":"Veterans - 10% Off","uses":80,"revenue":7794.5001339912415,"discounts":885.4999923706055,"units":286.0,"cost":3521.6999650001526,"margin":54.8,"discount_depth":20.4},{"deal_name":"Senior / Veterans - 20% Off","uses":64,"revenue":5467.074919939041,"discounts":1530.4249775409698,"units":244.0,"cost":2831.2999653816223,"margin":48.2,"discount_depth":43.8}]},"growth_opportunities":[{"type":"distribution","title":"Expand to Elevation Downtown","detail":"Store has $296,335 in DISPOSABLE VAPE, EDIBLE \u2014 categories where LOST FARM competes.","priority":"high"},{"type":"sku_expansion","title":"Add 'BOSTON SHERBET LIVE RESIN DISPOSABLE VAPE - KIVA' to 1 more store(s)","detail":"Carried in 5 stores. Missing from: Elevation Parkway","priority":"medium"},{"type":"sku_expansion","title":"Add 'JACK OF ACES LIVE RESIN DISPOSABLE VAPE - KIVA' to 1 more store(s)","detail":"Carried in 5 stores. Missing from: Elevation Parkway","priority":"medium"},{"type":"sku_expansion","title":"Add 'SUPERSONIC BANANA LIVE RESIN DISPOSABLE VAPE - KIVA' to 1 more store(s)","detail":"Carried in 5 stores. Missing from: Elevation Parkway","priority":"medium"},{"type":"velocity","title":"Improve velocity in EDIBLE","detail":"Velocity index 51 (below category average). 18.0 units/day vs 35.0 avg.","priority":"medium"},{"type":"velocity","title":"Improve velocity in DISPOSABLE VAPE","detail":"Velocity index 6 (below category average). 0.8 units/day vs 14.2 avg.","priority":"medium"}],"trend":[{"period":"2024-08","revenue":30205.80078125,"cost":18175.0,"margin":39.8,"units":1454,"transactions":678,"profit":12030.799560546875,"revenue_change_pct":null,"units_change_pct":null,"margin_change_pts":null},{"period":"2024-09","revenue":27824.09912109375,"cost":16350.0,"margin":41.2,"units":1308,"transactions":696,"profit":11474.100341796875,"revenue_change_pct":-7.9,"units_change_pct":-10.0,"margin_change_pts":1.4},{"period":"2024-10","revenue":36976.8505859375,"cost":21500.0,"margin":41.9,"units":1720,"transactions":956,"profit":15476.849365234375,"revenue_change_pct":32.9,"units_change_pct":31.5,"margin_change_pts":0.6},{"period":"2024-11","revenue":31365.92529296875,"cost":19750.0,"margin":37.0,"units":1580,"transactions":950,"profit":11615.92529296875,"revenue_change_pct":-15.2,"units_change_pct":-8.1,"margin_change_pts":-4.8},{"period":"2024-12","revenue":30872.35107421875,"cost":16250.0,"margin":47.4,"units":1300,"transactions":898,"profit":14622.349853515625,"revenue_change_pct":-1.6,"units_change_pct":-17.7,"margin_change_pts":10.3},{"period":"2025-01","revenue":33870.6005859375,"cost":19400.0,"margin":42.7,"units":1552,"transactions":922,"profit":14470.599365234375,"revenue_change_pct":9.7,"units_change_pct":19.4,"margin_change_pts":-4.6},{"period":"2025-02","revenue":50413.173828125,"cost":30450.0,"margin":39.6,"units":2436,"transactions":1308,"profit":19963.175048828125,"revenue_change_pct":48.8,"units_change_pct":57.0,"margin_change_pts":-3.1},{"period":"2025-03","revenue":51139.599609375,"cost":32450.0,"margin":36.5,"units":2596,"transactions":1364,"profit":18689.599609375,"revenue_change_pct":1.4,"units_change_pct":6.6,"margin_change_pts":-3.1},{"period":"2025-04","revenue":31496.79931640625,"cost":19425.0,"margin":38.3,"units":1554,"transactions":960,"profit":12071.800537109375,"revenue_change_pct":-38.4,"units_change_pct":-40.1,"margin_change_pts":1.8},{"period":"2025-05","revenue":38116.826171875,"cost":22488.30078125,"margin":41.0,"units":1800,"transactions":1046,"profit":15628.525390625,"revenue_change_pct":21.0,"units_change_pct":15.8,"margin_change_pts":2.7},{"period":"2025-06","revenue":30605.67626953125,"cost":18192.19970703125,"margin":40.6,"units":1612,"transactions":754,"profit":12413.475341796875,"revenue_change_pct":-19.7,"units_change_pct":-10.4,"margin_change_pts":-0.4},{"period":"2025-07","revenue":18664.45068359375,"cost":8372.599487304688,"margin":55.1,"units":784,"transactions":478,"profit":10291.8505859375,"revenue_change_pct":-39.0,"units_change_pct":-51.4,"margin_change_pts":14.6},{"period":"2025-08","revenue":30878.9501953125,"cost":13899.3994140625,"margin":55.0,"units":1316,"transactions":782,"profit":16979.549560546875,"revenue_change_pct":65.4,"units_change_pct":67.9,"margin_change_pts":-0.2},{"period":"2025-09","revenue":25650.50048828125,"cost":12153.599853515625,"margin":52.6,"units":1152,"transactions":730,"profit":13496.900634765625,"revenue_change_pct":-16.9,"units_change_pct":-12.5,"margin_change_pts":-2.4},{"period":"2025-10","revenue":19826.700439453125,"cost":8605.499877929688,"margin":56.6,"units":822,"transactions":518,"profit":11221.199951171875,"revenue_change_pct":-22.7,"units_change_pct":-28.6,"margin_change_pts":4.0},{"period":"2025-11","revenue":35130.4248046875,"cost":16645.098876953125,"margin":52.6,"units":1684,"transactions":878,"profit":18485.32470703125,"revenue_change_pct":77.2,"units_change_pct":104.9,"margin_change_pts":-4.0},{"period":"2025-12","revenue":54311.07421875,"cost":26200.34912109375,"margin":51.8,"units":2024,"transactions":1144,"profit":28110.72509765625,"revenue_change_pct":54.6,"units_change_pct":20.2,"margin_change_pts":-0.9},{"period":"2026-01","revenue":61698.251953125,"cost":30369.29931640625,"margin":50.8,"units":1936,"transactions":1348,"profit":31328.9501953125,"revenue_change_pct":13.6,"units_change_pct":-4.3,"margin_change_pts":-1.0}]}