{"brand":"LOST FARM","date_range":"2024-01-01 00:00:00 to 2026-01-31 00:00:00","period_label":"All Time","summary":{"total_units":28630,"total_revenue":639048.046875,"total_cost":350676.328125,"total_discounts":227964.453125,"total_profit":288371.71875,"overall_margin":45.099998474121094,"fp_margin":58.900001525878906,"disc_margin":38.5,"pct_full_price":32.5,"avg_discount_rate":26.299999237060547,"fp_revenue":207840.0,"disc_revenue":431208.046875,"unique_customers":12698,"brand":"LOST FARM","date_range":"2024-01-01 00:00:00 to 2026-01-31 00:00:00","months_count":36,"avg_monthly_cost":19482.025,"cost_per_unit":24.5,"primary_category":"EDIBLE","primary_cat_margin":50.0,"category_rank":13,"category_total":32,"margin_vs_category":-4.900000095367432,"velocity_rank":14},"category_breakdown":[{"category_clean":"EDIBLE","units":27364,"revenue":584257.421875,"cost":322191.34765625,"profit":262066.0546875,"discounts":211542.59765625,"margin":44.900001525878906,"category_avg_margin":50.0,"vs_category":-5.1,"rank":13.0,"total_brands":32.0},{"category_clean":"DISPOSABLE VAPE","units":1266,"revenue":54790.6494140625,"cost":28485.0,"profit":26305.6494140625,"discounts":16421.8505859375,"margin":48.0,"category_avg_margin":52.79999923706055,"vs_category":-4.8,"rank":29.0,"total_brands":35.0}],"trend":[{"period":"2024-08","revenue":30205.80078125,"cost":18175.0,"margin":39.8,"units":1454,"transactions":678,"profit":12030.799560546875,"revenue_change_pct":null,"units_change_pct":null,"margin_change_pts":null},{"period":"2024-09","revenue":27824.09912109375,"cost":16350.0,"margin":41.2,"units":1308,"transactions":696,"profit":11474.100341796875,"revenue_change_pct":-7.9,"units_change_pct":-10.0,"margin_change_pts":1.4},{"period":"2024-10","revenue":36976.8505859375,"cost":21500.0,"margin":41.9,"units":1720,"transactions":956,"profit":15476.849365234375,"revenue_change_pct":32.9,"units_change_pct":31.5,"margin_change_pts":0.6},{"period":"2024-11","revenue":31365.92529296875,"cost":19750.0,"margin":37.0,"units":1580,"transactions":950,"profit":11615.92529296875,"revenue_change_pct":-15.2,"units_change_pct":-8.1,"margin_change_pts":-4.8},{"period":"2024-12","revenue":30872.35107421875,"cost":16250.0,"margin":47.4,"units":1300,"transactions":898,"profit":14622.349853515625,"revenue_change_pct":-1.6,"units_change_pct":-17.7,"margin_change_pts":10.3},{"period":"2025-01","revenue":33870.6005859375,"cost":19400.0,"margin":42.7,"units":1552,"transactions":922,"profit":14470.599365234375,"revenue_change_pct":9.7,"units_change_pct":19.4,"margin_change_pts":-4.6},{"period":"2025-02","revenue":50413.173828125,"cost":30450.0,"margin":39.6,"units":2436,"transactions":1308,"profit":19963.175048828125,"revenue_change_pct":48.8,"units_change_pct":57.0,"margin_change_pts":-3.1},{"period":"2025-03","revenue":51139.599609375,"cost":32450.0,"margin":36.5,"units":2596,"transactions":1364,"profit":18689.599609375,"revenue_change_pct":1.4,"units_change_pct":6.6,"margin_change_pts":-3.1},{"period":"2025-04","revenue":31496.79931640625,"cost":19425.0,"margin":38.3,"units":1554,"transactions":960,"profit":12071.800537109375,"revenue_change_pct":-38.4,"units_change_pct":-40.1,"margin_change_pts":1.8},{"period":"2025-05","revenue":38116.826171875,"cost":22488.30078125,"margin":41.0,"units":1800,"transactions":1046,"profit":15628.525390625,"revenue_change_pct":21.0,"units_change_pct":15.8,"margin_change_pts":2.7},{"period":"2025-06","revenue":30605.67626953125,"cost":18192.19970703125,"margin":40.6,"units":1612,"transactions":754,"profit":12413.475341796875,"revenue_change_pct":-19.7,"units_change_pct":-10.4,"margin_change_pts":-0.4},{"period":"2025-07","revenue":18664.45068359375,"cost":8372.599487304688,"margin":55.1,"units":784,"transactions":478,"profit":10291.8505859375,"revenue_change_pct":-39.0,"units_change_pct":-51.4,"margin_change_pts":14.6},{"period":"2025-08","revenue":30878.9501953125,"cost":13899.3994140625,"margin":55.0,"units":1316,"transactions":782,"profit":16979.549560546875,"revenue_change_pct":65.4,"units_change_pct":67.9,"margin_change_pts":-0.2},{"period":"2025-09","revenue":25650.50048828125,"cost":12153.599853515625,"margin":52.6,"units":1152,"transactions":730,"profit":13496.900634765625,"revenue_change_pct":-16.9,"units_change_pct":-12.5,"margin_change_pts":-2.4},{"period":"2025-10","revenue":19826.700439453125,"cost":8605.499877929688,"margin":56.6,"units":822,"transactions":518,"profit":11221.199951171875,"revenue_change_pct":-22.7,"units_change_pct":-28.6,"margin_change_pts":4.0},{"period":"2025-11","revenue":35130.4248046875,"cost":16645.098876953125,"margin":52.6,"units":1684,"transactions":878,"profit":18485.32470703125,"revenue_change_pct":77.2,"units_change_pct":104.9,"margin_change_pts":-4.0},{"period":"2025-12","revenue":54311.07421875,"cost":26200.34912109375,"margin":51.8,"units":2024,"transactions":1144,"profit":28110.72509765625,"revenue_change_pct":54.6,"units_change_pct":20.2,"margin_change_pts":-0.9},{"period":"2026-01","revenue":61698.251953125,"cost":30369.29931640625,"margin":50.8,"units":1936,"transactions":1348,"profit":31328.9501953125,"revenue_change_pct":13.6,"units_change_pct":-4.3,"margin_change_pts":-1.0}],"share_of_category":[{"category":"EDIBLE","brand_revenue":584257.421875,"category_revenue":29378492.5,"revenue_share_pct":2.0,"brand_units":27364,"category_units":1706530,"units_share_pct":1.6},{"category":"DISPOSABLE VAPE","brand_revenue":54790.654296875,"category_revenue":30552405.0,"revenue_share_pct":0.20000000298023224,"brand_units":1266,"category_units":756548,"units_share_pct":0.2}],"share_of_category_trend":{"EDIBLE":[{"period":"2024-01","brand_revenue":0.0,"category_revenue":1115754.921875,"share_pct":0.0},{"period":"2024-02","brand_revenue":0.0,"category_revenue":1235210.0,"share_pct":0.0},{"period":"2024-03","brand_revenue":0.0,"category_revenue":1273343.671875,"share_pct":0.0},{"period":"2024-04","brand_revenue":0.0,"category_revenue":1298159.0625,"share_pct":0.0},{"period":"2024-05","brand_revenue":0.0,"category_revenue":1215880.78125,"share_pct":0.0},{"period":"2024-06","brand_revenue":0.0,"category_revenue":1181362.421875,"share_pct":0.0},{"period":"2024-07","brand_revenue":0.0,"category_revenue":1128302.8125,"share_pct":0.0},{"period":"2024-08","brand_revenue":30205.80078125,"category_revenue":1167724.921875,"share_pct":2.5999999046325684},{"period":"2024-09","brand_revenue":27824.09912109375,"category_revenue":1114619.53125,"share_pct":2.5},{"period":"2024-10","brand_revenue":36976.8505859375,"category_revenue":1205149.0625,"share_pct":3.0999999046325684},{"period":"2024-11","brand_revenue":31365.92529296875,"category_revenue":1236132.421875,"share_pct":2.5},{"period":"2024-12","brand_revenue":30872.35107421875,"category_revenue":1207318.046875,"share_pct":2.5999999046325684},{"period":"2025-01","brand_revenue":33870.6005859375,"category_revenue":1176202.578125,"share_pct":2.9000000953674316},{"period":"2025-02","brand_revenue":50413.173828125,"category_revenue":1097683.359375,"share_pct":4.599999904632568},{"period":"2025-03","brand_revenue":51139.599609375,"category_revenue":1228067.265625,"share_pct":4.199999809265137},{"period":"2025-04","brand_revenue":31496.79931640625,"category_revenue":1290106.171875,"share_pct":2.4000000953674316},{"period":"2025-05","brand_revenue":38116.826171875,"category_revenue":1191670.3125,"share_pct":3.200000047683716},{"period":"2025-06","brand_revenue":30605.67626953125,"category_revenue":1110702.109375,"share_pct":2.799999952316284},{"period":"2025-07","brand_revenue":18664.45068359375,"category_revenue":1096938.125,"share_pct":1.7000000476837158},{"period":"2025-08","brand_revenue":30878.9501953125,"category_revenue":1145920.859375,"share_pct":2.700000047683716},{"period":"2025-09","brand_revenue":25650.50048828125,"category_revenue":1070074.53125,"share_pct":2.4000000953674316},{"period":"2025-10","brand_revenue":19826.700439453125,"category_revenue":1168865.78125,"share_pct":1.7000000476837158},{"period":"2025-11","brand_revenue":35130.4248046875,"category_revenue":1192334.453125,"share_pct":2.9000000953674316},{"period":"2025-12","brand_revenue":35941.35009765625,"category_revenue":1138094.375,"share_pct":3.200000047683716},{"period":"2026-01","brand_revenue":25277.32421875,"category_revenue":1092874.21875,"share_pct":2.299999952316284}],"DISPOSABLE VAPE":[{"period":"2024-01","brand_revenue":0.0,"category_revenue":933474.921875,"share_pct":0.0},{"period":"2024-02","brand_revenue":0.0,"category_revenue":877782.109375,"share_pct":0.0},{"period":"2024-03","brand_revenue":0.0,"category_revenue":990692.03125,"share_pct":0.0},{"period":"2024-04","brand_revenue":0.0,"category_revenue":971952.1875,"share_pct":0.0},{"period":"2024-05","brand_revenue":0.0,"category_revenue":1035100.46875,"share_pct":0.0},{"period":"2024-06","brand_revenue":0.0,"category_revenue":1039794.21875,"share_pct":0.0},{"period":"2024-07","brand_revenue":0.0,"category_revenue":1081636.5625,"share_pct":0.0},{"period":"2024-08","brand_revenue":0.0,"category_revenue":1098658.125,"share_pct":0.0},{"period":"2024-09","brand_revenue":0.0,"category_revenue":1056394.53125,"share_pct":0.0},{"period":"2024-10","brand_revenue":0.0,"category_revenue":1197041.171875,"share_pct":0.0},{"period":"2024-11","brand_revenue":0.0,"category_revenue":1193980.234375,"share_pct":0.0},{"period":"2024-12","brand_revenue":0.0,"category_revenue":1222008.984375,"share_pct":0.0},{"period":"2025-01","brand_revenue":0.0,"category_revenue":1100552.421875,"share_pct":0.0},{"period":"2025-02","brand_revenue":0.0,"category_revenue":1167271.25,"share_pct":0.0},{"period":"2025-03","brand_revenue":0.0,"category_revenue":1348856.71875,"share_pct":0.0},{"period":"2025-04","brand_revenue":0.0,"category_revenue":1414639.84375,"share_pct":0.0},{"period":"2025-05","brand_revenue":0.0,"category_revenue":1460588.4375,"share_pct":0.0},{"period":"2025-06","brand_revenue":0.0,"category_revenue":1320852.96875,"share_pct":0.0},{"period":"2025-07","brand_revenue":0.0,"category_revenue":1451194.84375,"share_pct":0.0},{"period":"2025-08","brand_revenue":0.0,"category_revenue":1403520.625,"share_pct":0.0},{"period":"2025-09","brand_revenue":0.0,"category_revenue":1317518.125,"share_pct":0.0},{"period":"2025-10","brand_revenue":0.0,"category_revenue":1511693.75,"share_pct":0.0},{"period":"2025-11","brand_revenue":0.0,"category_revenue":1481709.21875,"share_pct":0.0},{"period":"2025-12","brand_revenue":18369.725341796875,"category_revenue":1476896.875,"share_pct":1.2000000476837158},{"period":"2026-01","brand_revenue":36420.92529296875,"category_revenue":1398594.84375,"share_pct":2.5999999046325684}]},"discount_depth":[{"tier":"0% (Full Price)","transactions":6120,"pct_of_transactions":29.5,"revenue":207840.0,"avg_discount":0.0},{"tier":"1-10%","transactions":826,"pct_of_transactions":4.0,"revenue":34221.328125,"avg_discount":19.799999237060547},{"tier":"11-20%","transactions":590,"pct_of_transactions":2.8,"revenue":25276.3720703125,"avg_discount":36.20000076293945},{"tier":"21-30%","transactions":2096,"pct_of_transactions":10.1,"revenue":73271.826171875,"avg_discount":51.79999923706055},{"tier":"31%+","transactions":6718,"pct_of_transactions":32.4,"revenue":182002.265625,"avg_discount":87.4000015258789}],"velocity":{"units_per_day":52.92,"revenue_per_day":1181.2249755859375,"avg_units_per_txn":3.48,"days_of_data":541,"total_units":28630,"total_transactions":16410},"velocity_by_category":[{"category":"EDIBLE","brand_units_per_day":35.92,"category_avg_units_per_day":69.98,"velocity_index":51.3,"brand_rev_per_unit":17.08,"category_rev_per_unit":13.77,"brands_in_category":32},{"category":"DISPOSABLE VAPE","brand_units_per_day":1.66,"category_avg_units_per_day":28.36,"velocity_index":5.9,"brand_rev_per_unit":34.62,"category_rev_per_unit":32.31,"brands_in_category":35}],"deals":[{"deal_name":"Lost Farms 3 for $40","times_used":1148,"units":3926.0,"revenue":65465.713148117065,"discounts":48314.28771495819,"cost":48002.49985456467,"profit":17463.212151266634,"pre_discount_revenue":113780.0,"margin":26.7,"avg_discount":85.0},{"deal_name":"30% Off Kiva / Camino","times_used":1092,"units":1704.0,"revenue":34709.075734615326,"discounts":15005.925211906433,"cost":20406.89977645874,"profit":14302.174865752459,"pre_discount_revenue":49715.0,"margin":41.2,"avg_discount":60.4},{"deal_name":"40% OFF KIVA ( Camino / Lost Farms )","times_used":896,"units":1584.0,"revenue":27258.250381946564,"discounts":18181.749699115753,"cost":19800.0,"profit":7458.249904513359,"pre_discount_revenue":45440.0,"margin":27.4,"avg_discount":80.0},{"deal_name":"Industry 30% Off","times_used":822,"units":1146.0,"revenue":28494.350386857986,"discounts":12549.400118589401,"cost":15550.199669599533,"profit":12944.14997458458,"pre_discount_revenue":41043.75,"margin":45.4,"avg_discount":61.2},{"deal_name":"25% Off Kiva / Camino","times_used":694,"units":987.0,"revenue":27799.162499904633,"discounts":9329.587500095367,"cost":14053.199667930603,"profit":13745.962787866592,"pre_discount_revenue":37128.75,"margin":49.4,"avg_discount":50.2},{"deal_name":"Industry - 30% Off","times_used":682,"units":985.0,"revenue":19796.912925243378,"discounts":8521.837624311447,"cost":12312.5,"profit":7484.412375092506,"pre_discount_revenue":28318.75,"margin":37.8,"avg_discount":60.2},{"deal_name":"KIVA B1G1","times_used":502,"units":1434.0,"revenue":20668.65015745163,"discounts":20558.849811553955,"cost":17925.0,"profit":2743.6499893665314,"pre_discount_revenue":41227.5,"margin":13.3,"avg_discount":99.8},{"deal_name":"30% Off Special","times_used":360,"units":591.0,"revenue":12650.82528591156,"discounts":5286.675086021423,"cost":6449.54980969429,"profit":6201.275046467781,"pre_discount_revenue":17937.5,"margin":49.0,"avg_discount":59.0},{"deal_name":"Lost Farms - 3 for $50","times_used":344,"units":1136.0,"revenue":23502.587304115295,"discounts":11008.662665486336,"cost":12042.599588632584,"profit":11459.987708032131,"pre_discount_revenue":34511.25,"margin":48.8,"avg_discount":63.8},{"deal_name":"4/20 2025 - Edibles","times_used":314,"units":569.0,"revenue":8152.674996852875,"discounts":8206.075003147125,"cost":7112.5,"profit":1040.1750010252,"pre_discount_revenue":16358.75,"margin":12.8,"avg_discount":100.4},{"deal_name":"Senior - 10% Off","times_used":304,"units":544.0,"revenue":14618.500208854675,"discounts":1631.4999723434448,"cost":6346.299910545349,"profit":8272.19994544983,"pre_discount_revenue":16250.0,"margin":56.6,"avg_discount":20.0},{"deal_name":"KIVA 25% Off","times_used":292,"units":467.0,"revenue":12000.087498426437,"discounts":4031.162499189377,"cost":5894.699848890305,"profit":6105.387614369392,"pre_discount_revenue":16031.25,"margin":50.9,"avg_discount":50.2},{"deal_name":"Lost Farms 3 for $50","times_used":268,"units":894.0,"revenue":18550.89984893799,"discounts":8584.100166261196,"cost":9380.099687576294,"profit":9170.800152420998,"pre_discount_revenue":27135.0,"margin":49.4,"avg_discount":63.2},{"deal_name":"Spark the Summer Sale","times_used":264,"units":458.0,"revenue":7861.5001130104065,"discounts":5240.99990606308,"cost":5276.499903202057,"profit":2585.000013411045,"pre_discount_revenue":13102.5,"margin":32.9,"avg_discount":80.0},{"deal_name":"GW - 50% Off Edibles","times_used":250,"units":392.0,"revenue":5635.0,"discounts":5635.0,"cost":4900.0,"profit":735.0,"pre_discount_revenue":11270.0,"margin":13.0,"avg_discount":100.0},{"deal_name":"30% OFF KIVA ( Camino / Lost Farms )","times_used":204,"units":344.0,"revenue":6923.000130653381,"discounts":2967.0000445842743,"cost":4300.0,"profit":2622.9999554157257,"pre_discount_revenue":9890.0,"margin":37.9,"avg_discount":60.0},{"deal_name":"50% Off - G2B","times_used":190,"units":357.0,"revenue":5249.274997413158,"discounts":5403.225002288818,"cost":3677.5498592853546,"profit":1571.7249832302332,"pre_discount_revenue":10652.5,"margin":29.9,"avg_discount":101.4},{"deal_name":"Lit4Less - Disposables - 2 for $75 LR / HTE","times_used":168,"units":242.0,"revenue":11339.575004577637,"discounts":2272.925000190735,"cost":5445.0,"profit":5894.575004577637,"pre_discount_revenue":13612.5,"margin":52.0,"avg_discount":33.4},{"deal_name":"Veterans - 10% Off","times_used":160,"units":286.0,"revenue":7794.5001339912415,"discounts":885.4999923706055,"cost":3521.6999650001526,"profit":4272.799997329712,"pre_discount_revenue":8680.0,"margin":54.8,"avg_discount":20.4},{"deal_name":"Senior / Veterans - 20% Off","times_used":128,"units":244.0,"revenue":5467.074919939041,"discounts":1530.4249775409698,"cost":2831.2999653816223,"profit":2635.7749330997467,"pre_discount_revenue":6997.5,"margin":48.2,"avg_discount":43.8},{"deal_name":"Jackpot - Locals 30% Off","times_used":84,"units":159.0,"revenue":3693.2000184059143,"discounts":1740.550012588501,"cost":2197.799983024597,"profit":1495.3999942541122,"pre_discount_revenue":5433.75,"margin":40.5,"avg_discount":64.0},{"deal_name":"Employee - 40% OFF","times_used":62,"units":148.0,"revenue":2781.8375205993652,"discounts":2015.6624794006348,"cost":1957.599983215332,"profit":824.2374938726425,"pre_discount_revenue":4797.5,"margin":29.6,"avg_discount":84.0},{"deal_name":"BOGO Lost Farms","times_used":52,"units":262.0,"revenue":3796.6250467300415,"discounts":3735.874948501587,"cost":3275.0,"profit":521.6250033676624,"pre_discount_revenue":7532.5,"margin":13.7,"avg_discount":99.2},{"deal_name":"Employee 30% - NOT FRIDAYS","times_used":42,"units":63.0,"revenue":1368.125023841858,"discounts":613.1250059604645,"cost":814.5999884605408,"profit":553.5249936580658,"pre_discount_revenue":1981.25,"margin":40.5,"avg_discount":61.8},{"deal_name":"Store Credit - $25","times_used":42,"units":55.333333333333336,"revenue":1008.4958334763844,"discounts":798.5874998569489,"cost":622.1666463216146,"profit":386.3291698694229,"pre_discount_revenue":1807.0833333333335,"margin":38.3,"avg_discount":88.4},{"deal_name":"LVAC - 25% Off","times_used":36,"units":46.0,"revenue":1082.5,"discounts":397.5,"cost":603.7999939918518,"profit":478.7000036239624,"pre_discount_revenue":1480.0,"margin":44.2,"avg_discount":53.8},{"deal_name":"Store Credit - $15","times_used":26,"units":29.333333333333332,"revenue":585.2708311875662,"discounts":446.81250393390656,"cost":369.2166562875112,"profit":216.05416543781757,"pre_discount_revenue":1032.0833333333333,"margin":36.9,"avg_discount":86.6},{"deal_name":"Reno - Early Bird - Senior / Veterans - 20%","times_used":8,"units":16.0,"revenue":391.9999885559082,"discounts":97.99999713897705,"cost":168.79999160766602,"profit":223.1999969482422,"pre_discount_revenue":490.0,"margin":56.9,"avg_discount":40.0},{"deal_name":"Store Credit - $50","times_used":6,"units":7.333333333333333,"revenue":127.80833323796591,"discounts":90.52499771118164,"cost":77.36666282018025,"profit":50.44166624546051,"pre_discount_revenue":218.33333333333337,"margin":39.5,"avg_discount":83.0},{"deal_name":"Store Credit - $75","times_used":6,"units":8.0,"revenue":67.45000004768372,"discounts":217.55000114440918,"cost":97.1999979019165,"profit":-29.749999940395355,"pre_discount_revenue":285.0,"margin":-44.1,"avg_discount":152.6},{"deal_name":"Medical - 10%","times_used":2,"units":2.0,"revenue":51.75000190734863,"discounts":5.7499998807907104,"cost":25.0,"profit":26.749999523162842,"pre_discount_revenue":57.5,"margin":51.7,"avg_discount":20.0},{"deal_name":"Sammy Davis Early Bird - 15% Off","times_used":2,"units":4.0,"revenue":42.5,"discounts":87.5,"cost":42.199997901916504,"profit":0.29999999329447746,"pre_discount_revenue":130.0,"margin":0.7,"avg_discount":134.6},{"deal_name":"Store Credit - $100","times_used":2,"units":4.0,"revenue":65.0,"discounts":50.0,"cost":42.199997901916504,"profit":22.799999713897705,"pre_discount_revenue":115.0,"margin":35.1,"avg_discount":87.0}],"top_products":[{"product":"TROPICAL LEMONADE LIVE RESIN GUMMIES - KIVA","units":8532,"revenue":184005.4296875,"cost":102562.802734375,"profit":81442.626953125,"transactions":6092,"margin":44.29999923706055},{"product":"1:1 THC/CBN THORNYBERRY LIVE RESIN GUMMIES - KIVA","units":5986,"revenue":131539.873046875,"cost":68050.6982421875,"profit":63489.1748046875,"transactions":3848,"margin":48.29999923706055},{"product":"VERY CHERRY LIVE RESIN GUMMIES - KIVA","units":5846,"revenue":122231.396484375,"cost":71515.0,"profit":50716.4013671875,"transactions":4380,"margin":41.5},{"product":"CHILI MANGO LIVE RESIN GUMMIES - KIVA","units":5840,"revenue":121114.55078125,"cost":67951.0009765625,"profit":53163.5498046875,"transactions":4352,"margin":43.900001525878906},{"product":"JACK OF ACES LIVE RESIN DISPOSABLE VAPE - KIVA","units":452,"revenue":19484.3505859375,"cost":10170.0,"profit":9314.349975585938,"transactions":418,"margin":47.79999923706055},{"product":"BOSTON SHERBET LIVE RESIN DISPOSABLE VAPE - KIVA","units":434,"revenue":18727.850341796875,"cost":9765.0,"profit":8962.849731445312,"transactions":420,"margin":47.900001525878906},{"product":"SUPERSONIC BANANA LIVE RESIN DISPOSABLE VAPE - KIVA","units":380,"revenue":16578.44970703125,"cost":8550.0,"profit":8028.44970703125,"transactions":352,"margin":48.400001525878906},{"product":"STRAWBERRY LEMONADE LIVE RESIN GUMMIES - KIVA","units":718,"revenue":15460.699462890625,"cost":7574.89990234375,"profit":7885.8001708984375,"transactions":536,"margin":51.0},{"product":"JUICY PEACH LIVE RESIN GUMMIES - KIVA","units":384,"revenue":8748.250122070312,"cost":4051.199951171875,"profit":4697.0501708984375,"transactions":308,"margin":53.70000076293945},{"product":"RASPBERRY LIVE RESIN GUMMIES - KIVA","units":58,"revenue":1157.2000122070312,"cost":485.75000762939453,"profit":671.4500427246094,"transactions":48,"margin":58.0}],"products_by_store":{"Elevation Springs":[{"product":"TROPICAL LEMONADE LIVE RESIN GUMMIES - KIVA","units":1902,"revenue":39661.8505859375,"cost":23057.39990234375,"profit":16604.449462890625,"transactions":1298,"margin":41.900001525878906},{"product":"1:1 THC/CBN THORNYBERRY LIVE RESIN GUMMIES - KIVA","units":1248,"revenue":27022.900390625,"cost":14266.199951171875,"profit":12756.700439453125,"transactions":860,"margin":47.20000076293945},{"product":"CHILI MANGO LIVE RESIN GUMMIES - KIVA","units":1270,"revenue":25288.1494140625,"cost":14644.100341796875,"profit":10644.05029296875,"transactions":936,"margin":42.099998474121094},{"product":"VERY CHERRY LIVE RESIN GUMMIES - KIVA","units":1106,"revenue":22406.0498046875,"cost":13516.8994140625,"profit":8889.149780273438,"transactions":812,"margin":39.70000076293945},{"product":"JACK OF ACES LIVE RESIN DISPOSABLE VAPE - KIVA","units":142,"revenue":6417.874755859375,"cost":3195.0,"profit":3222.8750610351562,"transactions":132,"margin":50.20000076293945},{"product":"BOSTON SHERBET LIVE RESIN DISPOSABLE VAPE - KIVA","units":142,"revenue":6094.949951171875,"cost":3195.0,"profit":2899.949951171875,"transactions":138,"margin":47.599998474121094},{"product":"SUPERSONIC BANANA LIVE RESIN DISPOSABLE VAPE - KIVA","units":122,"revenue":5097.850036621094,"cost":2745.0,"profit":2352.8500366210938,"transactions":118,"margin":46.20000076293945},{"product":"STRAWBERRY LEMONADE LIVE RESIN GUMMIES - KIVA","units":190,"revenue":3654.0499877929688,"cost":2004.4999694824219,"profit":1649.5500183105469,"transactions":124,"margin":45.099998474121094},{"product":"JUICY PEACH LIVE RESIN GUMMIES - KIVA","units":48,"revenue":984.0000152587891,"cost":506.3999938964844,"profit":477.6000213623047,"transactions":42,"margin":48.5}],"Elevation Mesa":[{"product":"TROPICAL LEMONADE LIVE RESIN GUMMIES - KIVA","units":970,"revenue":19409.825439453125,"cost":11750.599365234375,"profit":7659.224853515625,"transactions":734,"margin":39.5},{"product":"VERY CHERRY LIVE RESIN GUMMIES - KIVA","units":940,"revenue":18229.649658203125,"cost":11617.39990234375,"profit":6612.249755859375,"transactions":704,"margin":36.29999923706055},{"product":"CHILI MANGO LIVE RESIN GUMMIES - KIVA","units":808,"revenue":16062.349853515625,"cost":9215.899658203125,"profit":6846.4501953125,"transactions":612,"margin":42.599998474121094},{"product":"1:1 THC/CBN THORNYBERRY LIVE RESIN GUMMIES - KIVA","units":668,"revenue":13779.425048828125,"cost":7589.5001220703125,"profit":6189.9249267578125,"transactions":448,"margin":44.900001525878906},{"product":"BOSTON SHERBET LIVE RESIN DISPOSABLE VAPE - KIVA","units":70,"revenue":2980.4000854492188,"cost":1575.0,"profit":1405.3999328613281,"transactions":66,"margin":47.20000076293945},{"product":"JACK OF ACES LIVE RESIN DISPOSABLE VAPE - KIVA","units":76,"revenue":2894.7250366210938,"cost":1710.0,"profit":1184.7250366210938,"transactions":72,"margin":40.900001525878906},{"product":"SUPERSONIC BANANA LIVE RESIN DISPOSABLE VAPE - KIVA","units":66,"revenue":2872.9000854492188,"cost":1485.0,"profit":1387.8999328613281,"transactions":64,"margin":48.29999923706055},{"product":"STRAWBERRY LEMONADE LIVE RESIN GUMMIES - KIVA","units":54,"revenue":1185.675048828125,"cost":569.6999740600586,"profit":615.9749984741211,"transactions":44,"margin":52.0},{"product":"JUICY PEACH LIVE RESIN GUMMIES - KIVA","units":48,"revenue":1121.0250091552734,"cost":506.3999938964844,"profit":614.6250152587891,"transactions":42,"margin":54.79999923706055}],"Elevation Oasis":[{"product":"1:1 THC/CBN THORNYBERRY LIVE RESIN GUMMIES - KIVA","units":1674,"revenue":37109.326171875,"cost":18600.599365234375,"profit":18508.7255859375,"transactions":926,"margin":49.900001525878906},{"product":"TROPICAL LEMONADE LIVE RESIN GUMMIES - KIVA","units":1594,"revenue":34047.42431640625,"cost":18903.199462890625,"profit":15144.224853515625,"transactions":840,"margin":44.5},{"product":"CHILI MANGO LIVE RESIN GUMMIES - KIVA","units":1148,"revenue":23973.75,"cost":13293.099365234375,"profit":10680.6494140625,"transactions":756,"margin":44.599998474121094},{"product":"VERY CHERRY LIVE RESIN GUMMIES - KIVA","units":1148,"revenue":23880.70068359375,"cost":13944.3994140625,"profit":9936.300048828125,"transactions":760,"margin":41.599998474121094},{"product":"JACK OF ACES LIVE RESIN DISPOSABLE VAPE - KIVA","units":136,"revenue":5981.25,"cost":3060.0,"profit":2921.25,"transactions":116,"margin":48.79999923706055},{"product":"BOSTON SHERBET LIVE RESIN DISPOSABLE VAPE - KIVA","units":128,"revenue":5634.375,"cost":2880.0,"profit":2754.375,"transactions":122,"margin":48.900001525878906},{"product":"STRAWBERRY LEMONADE LIVE RESIN GUMMIES - KIVA","units":220,"revenue":4751.099853515625,"cost":2320.9999084472656,"profit":2430.10009765625,"transactions":150,"margin":51.099998474121094},{"product":"SUPERSONIC BANANA LIVE RESIN DISPOSABLE VAPE - KIVA","units":98,"revenue":4390.824890136719,"cost":2205.0,"profit":2185.8250427246094,"transactions":80,"margin":49.79999923706055},{"product":"JUICY PEACH LIVE RESIN GUMMIES - KIVA","units":96,"revenue":2215.9249877929688,"cost":1012.7999877929688,"profit":1203.125,"transactions":72,"margin":54.29999923706055}],"Elevation Midtown":[{"product":"1:1 THC/CBN THORNYBERRY LIVE RESIN GUMMIES - KIVA","units":1306,"revenue":29776.92626953125,"cost":14878.099365234375,"profit":14898.824462890625,"transactions":860,"margin":50.0},{"product":"TROPICAL LEMONADE LIVE RESIN GUMMIES - KIVA","units":1186,"revenue":26121.30126953125,"cost":14158.099365234375,"profit":11963.199462890625,"transactions":908,"margin":45.79999923706055},{"product":"CHILI MANGO LIVE RESIN GUMMIES - KIVA","units":952,"revenue":19933.44970703125,"cost":11365.699462890625,"profit":8567.750244140625,"transactions":756,"margin":43.0},{"product":"VERY CHERRY LIVE RESIN GUMMIES - KIVA","units":580,"revenue":12699.3505859375,"cost":6984.7998046875,"profit":5714.5501708984375,"transactions":496,"margin":45.0},{"product":"STRAWBERRY LEMONADE LIVE RESIN GUMMIES - KIVA","units":110,"revenue":2598.6248779296875,"cost":1160.4999542236328,"profit":1438.125,"transactions":84,"margin":55.29999923706055},{"product":"SUPERSONIC BANANA LIVE RESIN DISPOSABLE VAPE - KIVA","units":50,"revenue":2306.25,"cost":1125.0,"profit":1181.25,"transactions":48,"margin":51.20000076293945},{"product":"JUICY PEACH LIVE RESIN GUMMIES - KIVA","units":96,"revenue":2287.9750061035156,"cost":1012.7999877929688,"profit":1275.1750183105469,"transactions":70,"margin":55.70000076293945},{"product":"BOSTON SHERBET LIVE RESIN DISPOSABLE VAPE - KIVA","units":48,"revenue":2154.375,"cost":1080.0,"profit":1074.375,"transactions":48,"margin":49.900001525878906},{"product":"JACK OF ACES LIVE RESIN DISPOSABLE VAPE - KIVA","units":50,"revenue":2111.125030517578,"cost":1125.0,"profit":986.1250305175781,"transactions":50,"margin":46.70000076293945}],"Elevation Boulevard":[{"product":"TROPICAL LEMONADE LIVE RESIN GUMMIES - KIVA","units":820,"revenue":15832.550048828125,"cost":9875.599975585938,"profit":5956.9500732421875,"transactions":646,"margin":37.599998474121094},{"product":"VERY CHERRY LIVE RESIN GUMMIES - KIVA","units":642,"revenue":12290.899658203125,"cost":7837.7996826171875,"profit":4453.0999755859375,"transactions":504,"margin":36.20000076293945},{"product":"CHILI MANGO LIVE RESIN GUMMIES - KIVA","units":622,"revenue":12179.849853515625,"cost":7017.19970703125,"profit":5162.650146484375,"transactions":526,"margin":42.400001525878906},{"product":"1:1 THC/CBN THORNYBERRY LIVE RESIN GUMMIES - KIVA","units":528,"revenue":11039.45068359375,"cost":6100.799560546875,"profit":4938.64990234375,"transactions":366,"margin":44.70000076293945},{"product":"JACK OF ACES LIVE RESIN DISPOSABLE VAPE - KIVA","units":48,"revenue":2079.375,"cost":1080.0,"profit":999.375,"transactions":48,"margin":48.099998474121094},{"product":"SUPERSONIC BANANA LIVE RESIN DISPOSABLE VAPE - KIVA","units":44,"revenue":1910.625,"cost":990.0,"profit":920.625,"transactions":42,"margin":48.20000076293945},{"product":"BOSTON SHERBET LIVE RESIN DISPOSABLE VAPE - KIVA","units":46,"revenue":1863.75,"cost":1035.0,"profit":828.75,"transactions":46,"margin":44.5},{"product":"JUICY PEACH LIVE RESIN GUMMIES - KIVA","units":48,"revenue":1042.125015258789,"cost":506.3999557495117,"profit":535.7250213623047,"transactions":42,"margin":51.400001525878906},{"product":"STRAWBERRY LEMONADE LIVE RESIN GUMMIES - KIVA","units":48,"revenue":1031.0250091552734,"cost":506.3999938964844,"profit":524.6250152587891,"transactions":44,"margin":50.900001525878906}],"Elevation Parkway":[{"product":"TROPICAL LEMONADE LIVE RESIN GUMMIES - KIVA","units":2060,"revenue":48932.4755859375,"cost":24817.900390625,"profit":24114.5751953125,"transactions":1666,"margin":49.29999923706055},{"product":"VERY CHERRY LIVE RESIN GUMMIES - KIVA","units":1430,"revenue":32724.7509765625,"cost":17613.699951171875,"profit":15111.0498046875,"transactions":1104,"margin":46.20000076293945},{"product":"CHILI MANGO LIVE RESIN GUMMIES - KIVA","units":1040,"revenue":23676.99951171875,"cost":12415.0,"profit":11261.99951171875,"transactions":766,"margin":47.599998474121094},{"product":"1:1 THC/CBN THORNYBERRY LIVE RESIN GUMMIES - KIVA","units":562,"revenue":12811.8505859375,"cost":6615.4998779296875,"profit":6196.35009765625,"transactions":388,"margin":48.400001525878906},{"product":"STRAWBERRY LEMONADE LIVE RESIN GUMMIES - KIVA","units":96,"revenue":2240.225067138672,"cost":1012.7999877929688,"profit":1227.4250030517578,"transactions":90,"margin":54.79999923706055},{"product":"RASPBERRY LIVE RESIN GUMMIES - KIVA","units":58,"revenue":1157.2000122070312,"cost":485.75000762939453,"profit":671.4500427246094,"transactions":48,"margin":58.0},{"product":"JUICY PEACH LIVE RESIN GUMMIES - KIVA","units":48,"revenue":1097.2000122070312,"cost":506.3999938964844,"profit":590.8000183105469,"transactions":40,"margin":53.79999923706055}]},"store_summary":[{"store_clean":"Elevation Oasis","units":6242,"revenue":141984.677734375,"cost":76220.09765625,"profit":65764.5751953125,"discounts":51897.8271484375,"margin":46.29999923706055,"discount_rate":26.799999237060547},{"store_clean":"Elevation Springs","units":6170,"revenue":136627.67578125,"cost":77130.498046875,"profit":59497.1728515625,"discounts":51994.82421875,"margin":43.5,"discount_rate":27.600000381469727},{"store_clean":"Elevation Parkway","units":5294,"revenue":122640.703125,"cost":63467.05078125,"profit":59173.65234375,"discounts":29899.29931640625,"margin":48.20000076293945,"discount_rate":19.600000381469727},{"store_clean":"Elevation Midtown","units":4378,"revenue":99989.375,"cost":52890.0,"profit":47099.375,"discounts":32290.625,"margin":47.099998474121094,"discount_rate":24.399999618530273},{"store_clean":"Elevation Mesa","units":3700,"revenue":78535.9765625,"cost":46019.501953125,"profit":32516.474609375,"discounts":34574.02587890625,"margin":41.400001525878906,"discount_rate":30.600000381469727},{"store_clean":"Elevation Boulevard","units":2846,"revenue":59269.6484375,"cost":34949.19921875,"profit":24320.44921875,"discounts":27307.84912109375,"margin":41.0,"discount_rate":31.5}],"recommendations":[{"severity":"info","title":"VOLUME LEVERAGE","detail":"$255,619 revenue provides negotiating leverage.","action":"Use volume as leverage in next vendor meeting."}],"comparison":null}