{"brand":"TENACIOUS","date_range":"2024-01-01 00:00:00 to 2026-01-31 00:00:00","period_label":"All Time","summary":{"total_units":5684,"total_revenue":118135.09765625,"total_cost":42101.552734375,"total_discounts":17582.39990234375,"total_profit":76033.5498046875,"overall_margin":64.4000015258789,"fp_margin":68.4000015258789,"disc_margin":55.099998474121094,"pct_full_price":69.5,"avg_discount_rate":13.0,"fp_revenue":82132.5,"disc_revenue":36002.59765625,"brand":"TENACIOUS","date_range":"2024-01-01 00:00:00 to 2026-01-31 00:00:00","primary_category":"ACCESSORY","store_coverage":"7/7","stores_present":["Elevation Springs","Elevation Mesa","Elevation Oasis","Elevation Downtown","Elevation Midtown","Elevation Boulevard","Elevation Parkway"],"stores_missing":[],"velocity_rank":7,"velocity_total":136},"distribution":[{"store":"Elevation Springs","carries_brand":true,"sku_count":4,"revenue":8808.75,"units":424,"store_total_revenue":51138750.0,"brand_share_pct":0.0},{"store":"Elevation Mesa","carries_brand":true,"sku_count":12,"revenue":37220.1513671875,"units":2254,"store_total_revenue":47532240.0,"brand_share_pct":0.10000000149011612},{"store":"Elevation Oasis","carries_brand":true,"sku_count":4,"revenue":9291.875,"units":440,"store_total_revenue":56050145.0,"brand_share_pct":0.0},{"store":"Elevation Downtown","carries_brand":true,"sku_count":2,"revenue":4891.875,"units":286,"store_total_revenue":1945237.1875,"brand_share_pct":0.30000001192092896},{"store":"Elevation Midtown","carries_brand":true,"sku_count":4,"revenue":35858.1005859375,"units":1078,"store_total_revenue":30850185.0,"brand_share_pct":0.10000000149011612},{"store":"Elevation Boulevard","carries_brand":true,"sku_count":4,"revenue":9838.24951171875,"units":640,"store_total_revenue":28757865.0,"brand_share_pct":0.0},{"store":"Elevation Parkway","carries_brand":true,"sku_count":4,"revenue":12226.099853515625,"units":562,"store_total_revenue":21987007.5,"brand_share_pct":0.10000000149011612}],"share_of_category":[{"category":"ACCESSORY","brand_revenue":69560.498046875,"category_revenue":4128754.0625,"revenue_share_pct":1.7000000476837158,"brand_units":3262,"category_units":2130096,"units_share_pct":0.2},{"category":"BATTERY","brand_revenue":48574.599609375,"category_revenue":1041867.1875,"revenue_share_pct":4.699999809265137,"brand_units":2422,"category_units":41118,"units_share_pct":5.9}],"share_of_category_trend":{"ACCESSORY":[{"period":"2024-01","brand_revenue":3135.0,"category_revenue":153543.9453125,"share_pct":2.0},{"period":"2024-02","brand_revenue":2572.5,"category_revenue":152399.47265625,"share_pct":1.7000000476837158},{"period":"2024-03","brand_revenue":5070.4998779296875,"category_revenue":154678.876953125,"share_pct":3.299999952316284},{"period":"2024-04","brand_revenue":6320.5999755859375,"category_revenue":163353.65234375,"share_pct":3.9000000953674316},{"period":"2024-05","brand_revenue":12720.875244140625,"category_revenue":179676.4453125,"share_pct":7.099999904632568},{"period":"2024-06","brand_revenue":5615.625,"category_revenue":185008.828125,"share_pct":3.0},{"period":"2024-07","brand_revenue":2715.625,"category_revenue":186675.46875,"share_pct":1.5},{"period":"2024-08","brand_revenue":166.25,"category_revenue":180226.328125,"share_pct":0.10000000149011612},{"period":"2024-09","brand_revenue":0.0,"category_revenue":162386.298828125,"share_pct":0.0},{"period":"2024-10","brand_revenue":1294.375,"category_revenue":166088.73046875,"share_pct":0.800000011920929},{"period":"2024-11","brand_revenue":2045.625,"category_revenue":171706.09375,"share_pct":1.2000000476837158},{"period":"2024-12","brand_revenue":3095.625,"category_revenue":176502.03125,"share_pct":1.7999999523162842},{"period":"2025-01","brand_revenue":1206.25,"category_revenue":167261.34765625,"share_pct":0.699999988079071},{"period":"2025-02","brand_revenue":1518.6250305175781,"category_revenue":155260.927734375,"share_pct":1.0},{"period":"2025-03","brand_revenue":5335.1251220703125,"category_revenue":176420.390625,"share_pct":3.0},{"period":"2025-04","brand_revenue":5565.3997802734375,"category_revenue":182694.82421875,"share_pct":3.0},{"period":"2025-05","brand_revenue":3035.0,"category_revenue":179904.4921875,"share_pct":1.7000000476837158},{"period":"2025-06","brand_revenue":1103.75,"category_revenue":161148.75,"share_pct":0.699999988079071},{"period":"2025-07","brand_revenue":0.0,"category_revenue":165549.8046875,"share_pct":0.0},{"period":"2025-08","brand_revenue":0.0,"category_revenue":171752.05078125,"share_pct":0.0},{"period":"2025-09","brand_revenue":1653.75,"category_revenue":168198.9453125,"share_pct":1.0},{"period":"2025-10","brand_revenue":2528.75,"category_revenue":171844.55078125,"share_pct":1.5},{"period":"2025-11","brand_revenue":2773.75,"category_revenue":172839.74609375,"share_pct":1.600000023841858},{"period":"2025-12","brand_revenue":87.5,"category_revenue":141954.873046875,"share_pct":0.10000000149011612},{"period":"2026-01","brand_revenue":0.0,"category_revenue":81677.1484375,"share_pct":0.0}],"BATTERY":[{"period":"2024-01","brand_revenue":0.0,"category_revenue":78523.75,"share_pct":0.0},{"period":"2024-02","brand_revenue":0.0,"category_revenue":79510.9765625,"share_pct":0.0},{"period":"2024-03","brand_revenue":0.0,"category_revenue":80066.9482421875,"share_pct":0.0},{"period":"2024-04","brand_revenue":4915.625,"category_revenue":65688.7744140625,"share_pct":7.5},{"period":"2024-05","brand_revenue":4953.575134277344,"category_revenue":61493.57421875,"share_pct":8.100000381469727},{"period":"2024-06","brand_revenue":0.0,"category_revenue":67340.751953125,"share_pct":0.0},{"period":"2024-07","brand_revenue":985.0,"category_revenue":70591.1767578125,"share_pct":1.399999976158142},{"period":"2024-08","brand_revenue":176.25,"category_revenue":64657.8759765625,"share_pct":0.30000001192092896},{"period":"2024-09","brand_revenue":0.0,"category_revenue":52538.3740234375,"share_pct":0.0},{"period":"2024-10","brand_revenue":0.0,"category_revenue":49278.92578125,"share_pct":0.0},{"period":"2024-11","brand_revenue":0.0,"category_revenue":39889.69970703125,"share_pct":0.0},{"period":"2024-12","brand_revenue":0.0,"category_revenue":38273.87451171875,"share_pct":0.0},{"period":"2025-01","brand_revenue":0.0,"category_revenue":24301.0498046875,"share_pct":0.0},{"period":"2025-02","brand_revenue":0.0,"category_revenue":15730.625,"share_pct":0.0},{"period":"2025-03","brand_revenue":420.0,"category_revenue":17904.124755859375,"share_pct":2.299999952316284},{"period":"2025-04","brand_revenue":406.875,"category_revenue":17018.02490234375,"share_pct":2.4000000953674316},{"period":"2025-05","brand_revenue":1032.5,"category_revenue":21588.3740234375,"share_pct":4.800000190734863},{"period":"2025-06","brand_revenue":1035.374984741211,"category_revenue":20285.274658203125,"share_pct":5.099999904632568},{"period":"2025-07","brand_revenue":1596.6250610351562,"category_revenue":26462.7490234375,"share_pct":6.0},{"period":"2025-08","brand_revenue":3501.25,"category_revenue":27441.025390625,"share_pct":12.800000190734863},{"period":"2025-09","brand_revenue":6024.89990234375,"category_revenue":24531.35009765625,"share_pct":24.600000381469727},{"period":"2025-10","brand_revenue":6822.025146484375,"category_revenue":27787.275390625,"share_pct":24.600000381469727},{"period":"2025-11","brand_revenue":5570.1251220703125,"category_revenue":23690.8251953125,"share_pct":23.5},{"period":"2025-12","brand_revenue":5683.699951171875,"category_revenue":24923.798828125,"share_pct":22.799999237060547},{"period":"2026-01","brand_revenue":5450.775146484375,"category_revenue":22347.9248046875,"share_pct":24.399999618530273}]},"velocity_by_category":[{"category":"BATTERY","brand_units_per_day":3.18,"category_avg_units_per_day":2.84,"velocity_index":111.9,"brand_rev_per_unit":16.04,"category_rev_per_unit":20.27,"brands_in_category":19},{"category":"ACCESSORY","brand_units_per_day":4.28,"category_avg_units_per_day":20.56,"velocity_index":20.8,"brand_rev_per_unit":17.06,"category_rev_per_unit":1.55,"brands_in_category":136}],"store_gaps":[{"store":"Elevation Boulevard","category":"ACCESSORY","category_revenue_at_store":466482.890625,"opportunity":"Category not carried at this store"},{"store":"Elevation Downtown","category":"ACCESSORY","category_revenue_at_store":61539.7021484375,"opportunity":"Category not carried at this store"}],"product_mix":{"top":[{"product":"COSO TWIST","units":3314,"revenue":60376.25,"cost":17638.75,"profit":42737.5,"stores":7,"transactions":3154,"margin":70.80000305175781},{"product":"$35 SNAIL BATTERY","units":690,"revenue":28837.8759765625,"cost":12388.42529296875,"profit":16449.449462890625,"stores":1,"transactions":676,"margin":57.0},{"product":"Slim Twist","units":1238,"revenue":16536.8994140625,"cost":6963.75,"profit":9573.150024414062,"stores":1,"transactions":1176,"margin":57.900001525878906},{"product":"MMA Bar","units":358,"revenue":9869.199829101562,"cost":3803.75,"profit":6065.4498291015625,"stores":3,"transactions":354,"margin":61.5},{"product":"YOCAN LOKI","units":30,"revenue":1100.0,"cost":628.125,"profit":471.875,"stores":1,"transactions":30,"margin":42.900001525878906},{"product":"OOZE TWIST SLIM PEN AQUA TEAL","units":18,"revenue":475.0,"cost":230.625,"profit":244.375,"stores":1,"transactions":18,"margin":51.400001525878906},{"product":"OOZE TWIST SLIM PEN PANTHER BLK","units":18,"revenue":462.5,"cost":230.625,"profit":231.875,"stores":1,"transactions":18,"margin":50.099998474121094},{"product":"OOZE TWIST SLIM PEN ROSE GOLD","units":16,"revenue":439.87499237060547,"cost":205.0,"profit":234.87499237060547,"stores":1,"transactions":16,"margin":53.400001525878906},{"product":"TERP PEN COILS 2PK","units":2,"revenue":37.5,"cost":12.5,"profit":25.0,"stores":1,"transactions":2,"margin":66.69999694824219}],"bottom":[],"expansion":[{"product":"MMA Bar","current_stores":3,"total_stores":7,"missing_stores":["Elevation Mesa","Elevation Downtown","Elevation Midtown","Elevation Parkway"],"revenue":9869.199829101562}]},"pricing_consistency":[{"product":"COSO TWIST","min_price":28.452699242568595,"max_price":43.530713762555806,"avg_price":35.764836965199244,"std_dev":1.8847144258864297,"store_count":14,"price_range":15.078014519987208,"range_pct":42.2},{"product":"MMA Bar","min_price":50.676514596650094,"max_price":58.71975806451613,"avg_price":54.54578136324589,"std_dev":1.6121080598550153,"store_count":6,"price_range":8.043243467866033,"range_pct":14.7}],"promotional_effectiveness":{"lift":{"fp_units_per_day":6.8,"disc_units_per_day":5.24,"lift_pct":-23.0,"fp_avg_revenue_per_unit":49.574999999999996,"disc_avg_revenue_per_unit":30.375},"by_deal":[{"deal_name":"Industry 30% Off","uses":198,"revenue":5965.08341451486,"discounts":2580.333353479703,"units":414.6666666666667,"cost":2408.75,"margin":59.6,"discount_depth":60.4},{"deal_name":"Industry - 30% Off","uses":182,"revenue":5676.25,"discounts":2448.75,"units":370.0,"cost":2514.3499994277954,"margin":55.7,"discount_depth":60.2},{"deal_name":"Senior - 10% Off","uses":67,"revenue":2965.999994277954,"discounts":398.999999165535,"units":138.0,"cost":1083.6999988555908,"margin":63.5,"discount_depth":23.8},{"deal_name":"Veterans - 10% Off","uses":47,"revenue":2132.9999923706055,"discounts":236.99999928474426,"units":100.0,"cost":746.1999988555908,"margin":65.0,"discount_depth":20.0},{"deal_name":"Senior / Veterans - 20% Off","uses":24,"revenue":899.9999952316284,"discounts":262.4999988079071,"units":54.0,"cost":363.75,"margin":59.6,"discount_depth":45.2},{"deal_name":"LVAC - 25% Off","uses":8,"revenue":247.5,"discounts":82.5,"units":18.0,"cost":100.0,"margin":59.6,"discount_depth":50.0},{"deal_name":"Jackpot - Locals 30% Off","uses":6,"revenue":175.0,"discounts":75.0,"units":12.0,"cost":71.25,"margin":59.3,"discount_depth":60.0},{"deal_name":"Employee - 40% OFF","uses":5,"revenue":183.00000429153442,"discounts":122.00000047683716,"units":10.0,"cost":113.69999885559082,"margin":37.9,"discount_depth":80.0},{"deal_name":"Store Credit - $15","uses":4,"revenue":68.95833333333334,"discounts":72.70833333333333,"units":5.666666666666666,"cost":31.875,"margin":53.8,"discount_depth":102.6},{"deal_name":"Store Credit - $25","uses":4,"revenue":36.33333345254262,"discounts":46.58333321412404,"units":3.6666666666666665,"cost":20.625,"margin":43.2,"discount_depth":112.4},{"deal_name":"Main St Happy Hour - 25% Off","uses":3,"revenue":84.375,"discounts":28.125,"units":6.0,"cost":30.0,"margin":64.4,"discount_depth":50.0},{"deal_name":"Employee 30% - NOT FRIDAYS","uses":1,"revenue":22.750000953674316,"discounts":9.750000238418579,"units":2.0,"cost":11.25,"margin":50.5,"discount_depth":60.0},{"deal_name":"Sammy Davis Early Bird - 15% Off","uses":1,"revenue":42.5,"discounts":7.5,"units":2.0,"cost":11.25,"margin":73.5,"discount_depth":30.0},{"deal_name":"Store Credit - $100","uses":1,"revenue":18.75,"discounts":31.25,"units":2.0,"cost":11.25,"margin":40.0,"discount_depth":125.0},{"deal_name":"Store Credit - $50","uses":1,"revenue":32.5,"discounts":17.5,"units":2.0,"cost":11.25,"margin":65.4,"discount_depth":70.0},{"deal_name":"Voucher - 35% Off One Item","uses":1,"revenue":40.625,"discounts":21.875,"units":2.0,"cost":21.25,"margin":47.7,"discount_depth":70.0}]},"growth_opportunities":[{"type":"sku_expansion","title":"Add 'MMA Bar' to 4 more store(s)","detail":"Carried in 3 stores. Missing from: Elevation Mesa, Elevation Downtown, Elevation Midtown, Elevation Parkway","priority":"medium"},{"type":"velocity","title":"Improve velocity in ACCESSORY","detail":"Velocity index 21 (below category average). 2.1 units/day vs 10.3 avg.","priority":"medium"}],"trend":[{"period":"2024-01","revenue":3135.0,"cost":1307.5,"margin":58.3,"units":76,"transactions":74,"profit":1827.5,"revenue_change_pct":null,"units_change_pct":null,"margin_change_pts":null},{"period":"2024-02","revenue":2572.5,"cost":1050.0,"margin":59.2,"units":60,"transactions":56,"profit":1522.5,"revenue_change_pct":-17.9,"units_change_pct":-21.1,"margin_change_pts":0.9},{"period":"2024-03","revenue":5070.4998779296875,"cost":2135.0,"margin":57.9,"units":122,"transactions":122,"profit":2935.4998779296875,"revenue_change_pct":97.1,"units_change_pct":103.3,"margin_change_pts":-1.3},{"period":"2024-04","revenue":11236.2255859375,"cost":4212.5,"margin":62.5,"units":460,"transactions":448,"profit":7023.7249755859375,"revenue_change_pct":121.6,"units_change_pct":277.0,"margin_change_pts":4.6},{"period":"2024-05","revenue":17674.449462890625,"cost":5591.25,"margin":68.4,"units":888,"transactions":852,"profit":12083.199462890625,"revenue_change_pct":57.3,"units_change_pct":93.0,"margin_change_pts":5.9},{"period":"2024-06","revenue":5615.625,"cost":1790.0,"margin":68.1,"units":268,"transactions":258,"profit":3825.625,"revenue_change_pct":-68.2,"units_change_pct":-69.8,"margin_change_pts":-0.2},{"period":"2024-07","revenue":3700.625,"cost":1249.749984741211,"margin":66.2,"units":190,"transactions":184,"profit":2450.8749389648438,"revenue_change_pct":-34.1,"units_change_pct":-29.1,"margin_change_pts":-1.9},{"period":"2024-08","revenue":342.5,"cost":129.94999885559082,"margin":62.1,"units":14,"transactions":14,"profit":212.55001068115234,"revenue_change_pct":-90.7,"units_change_pct":-92.6,"margin_change_pts":-4.2},{"period":"2024-10","revenue":1294.375,"cost":821.25,"margin":36.6,"units":146,"transactions":142,"profit":473.125,"revenue_change_pct":277.9,"units_change_pct":942.9,"margin_change_pts":-25.5},{"period":"2024-11","revenue":2045.625,"cost":1068.75,"margin":47.8,"units":190,"transactions":182,"profit":976.875,"revenue_change_pct":58.0,"units_change_pct":30.1,"margin_change_pts":11.2},{"period":"2024-12","revenue":3095.625,"cost":1340.0,"margin":56.7,"units":196,"transactions":182,"profit":1755.625,"revenue_change_pct":51.3,"units_change_pct":3.2,"margin_change_pts":9.0},{"period":"2025-01","revenue":1206.25,"cost":589.375,"margin":51.1,"units":46,"transactions":44,"profit":616.875,"revenue_change_pct":-61.0,"units_change_pct":-76.5,"margin_change_pts":-5.6},{"period":"2025-02","revenue":1518.6250305175781,"cost":740.0,"margin":51.3,"units":64,"transactions":62,"profit":778.6250305175781,"revenue_change_pct":25.9,"units_change_pct":39.1,"margin_change_pts":0.1},{"period":"2025-03","revenue":5755.1251220703125,"cost":2390.800018310547,"margin":58.5,"units":314,"transactions":298,"profit":3364.324951171875,"revenue_change_pct":279.0,"units_change_pct":390.6,"margin_change_pts":7.2},{"period":"2025-04","revenue":5972.2747802734375,"cost":2451.6749572753906,"margin":58.9,"units":270,"transactions":262,"profit":3520.5999755859375,"revenue_change_pct":3.8,"units_change_pct":-14.0,"margin_change_pts":0.5},{"period":"2025-05","revenue":4067.5,"cost":1440.0,"margin":64.6,"units":260,"transactions":248,"profit":2627.5,"revenue_change_pct":-31.9,"units_change_pct":-3.7,"margin_change_pts":5.6},{"period":"2025-06","revenue":2139.1250610351562,"cost":802.5,"margin":62.5,"units":144,"transactions":136,"profit":1336.6250610351562,"revenue_change_pct":-47.4,"units_change_pct":-44.6,"margin_change_pts":-2.1},{"period":"2025-07","revenue":1596.6250610351562,"cost":567.5,"margin":64.5,"units":104,"transactions":100,"profit":1029.124984741211,"revenue_change_pct":-25.4,"units_change_pct":-27.8,"margin_change_pts":2.0},{"period":"2025-08","revenue":3501.25,"cost":1067.5,"margin":69.5,"units":194,"transactions":186,"profit":2433.75,"revenue_change_pct":119.3,"units_change_pct":86.5,"margin_change_pts":5.1},{"period":"2025-09","revenue":7678.64990234375,"cost":2477.5,"margin":67.7,"units":360,"transactions":350,"profit":5201.14990234375,"revenue_change_pct":119.3,"units_change_pct":85.6,"margin_change_pts":-1.8},{"period":"2025-10","revenue":9350.775146484375,"cost":2950.0,"margin":68.5,"units":400,"transactions":358,"profit":6400.775146484375,"revenue_change_pct":21.8,"units_change_pct":11.1,"margin_change_pts":0.7},{"period":"2025-11","revenue":8343.875122070312,"cost":2770.0,"margin":66.8,"units":356,"transactions":338,"profit":5573.8751220703125,"revenue_change_pct":-10.8,"units_change_pct":-11.0,"margin_change_pts":-1.6},{"period":"2025-12","revenue":5771.199951171875,"cost":1612.5,"margin":72.1,"units":284,"transactions":272,"profit":4158.699951171875,"revenue_change_pct":-30.8,"units_change_pct":-20.2,"margin_change_pts":5.3},{"period":"2026-01","revenue":5450.775146484375,"cost":1546.25,"margin":71.6,"units":278,"transactions":266,"profit":3904.525146484375,"revenue_change_pct":-5.6,"units_change_pct":-2.1,"margin_change_pts":-0.4}]}