{"period_label":"All Time","months":[{"month":"2024-01","label":"January 2024","year":2024,"month_num":1,"revenue":9701048.125,"profit":4883998.4375,"margin":50.345059364397294,"units":465356,"transactions":147052,"customers":69372,"full_price_pct":66.16808866722327,"mom_revenue_pct":null,"mom_profit_pct":null,"mom_margin_pts":null,"mom_units_pct":null,"yoy_revenue_pct":null,"yoy_profit_pct":null,"yoy_margin_pts":null},{"month":"2024-02","label":"February 2024","year":2024,"month_num":2,"revenue":9943320.0,"profit":5128594.0625,"margin":51.57828635204338,"units":461980,"transactions":143980,"customers":71042,"full_price_pct":72.74476734129044,"mom_revenue_pct":2.4973783438477684,"mom_profit_pct":5.008102032178424,"mom_margin_pts":1.2,"mom_units_pct":-0.7254660947747531,"yoy_revenue_pct":null,"yoy_profit_pct":null,"yoy_margin_pts":null},{"month":"2024-03","label":"March 2024","year":2024,"month_num":3,"revenue":10486803.75,"profit":5427944.375,"margin":51.75975925934535,"units":482286,"transactions":151894,"customers":74160,"full_price_pct":72.2606345856334,"mom_revenue_pct":5.465817755035542,"mom_profit_pct":5.836888411364689,"mom_margin_pts":0.2,"mom_units_pct":4.395428373522663,"yoy_revenue_pct":null,"yoy_profit_pct":null,"yoy_margin_pts":null},{"month":"2024-04","label":"April 2024","year":2024,"month_num":4,"revenue":10137563.75,"profit":4995611.25,"margin":49.2782227879948,"units":486358,"transactions":144516,"customers":74490,"full_price_pct":64.44509411839704,"mom_revenue_pct":-3.3302806872875825,"mom_profit_pct":-7.964951280474388,"mom_margin_pts":-2.5,"mom_units_pct":0.8443122960235213,"yoy_revenue_pct":null,"yoy_profit_pct":null,"yoy_margin_pts":null},{"month":"2024-05","label":"May 2024","year":2024,"month_num":5,"revenue":10297835.0,"profit":5374584.375,"margin":52.19140115373766,"units":482154,"transactions":151652,"customers":75184,"full_price_pct":72.38845592301682,"mom_revenue_pct":1.5809641640971186,"mom_profit_pct":7.586121217899011,"mom_margin_pts":2.9,"mom_units_pct":-0.8643838489343241,"yoy_revenue_pct":null,"yoy_profit_pct":null,"yoy_margin_pts":null},{"month":"2024-06","label":"June 2024","year":2024,"month_num":6,"revenue":9911860.625,"profit":5144736.25,"margin":51.90484859143184,"units":486936,"transactions":145840,"customers":72918,"full_price_pct":70.32763525667514,"mom_revenue_pct":-3.7481118604056096,"mom_profit_pct":-4.276574874685077,"mom_margin_pts":-0.3,"mom_units_pct":0.9917993006383852,"yoy_revenue_pct":null,"yoy_profit_pct":null,"yoy_margin_pts":null},{"month":"2024-07","label":"July 2024","year":2024,"month_num":7,"revenue":10003677.5,"profit":5232242.5,"margin":52.303190501692995,"units":493776,"transactions":145142,"customers":73098,"full_price_pct":69.41096161886466,"mom_revenue_pct":0.9263333946445599,"mom_profit_pct":1.7008889425575509,"mom_margin_pts":0.4,"mom_units_pct":1.404702055300902,"yoy_revenue_pct":null,"yoy_profit_pct":null,"yoy_margin_pts":null},{"month":"2024-08","label":"August 2024","year":2024,"month_num":8,"revenue":10166333.75,"profit":5226167.8125,"margin":51.40661265916043,"units":522770,"transactions":144244,"customers":72580,"full_price_pct":66.93249299434027,"mom_revenue_pct":1.6259645515361725,"mom_profit_pct":-0.11610103124998507,"mom_margin_pts":-0.9,"mom_units_pct":5.871893328148796,"yoy_revenue_pct":null,"yoy_profit_pct":null,"yoy_margin_pts":null},{"month":"2024-09","label":"September 2024","year":2024,"month_num":9,"revenue":9676270.0,"profit":4917314.375,"margin":50.81828405987018,"units":494362,"transactions":137332,"customers":69306,"full_price_pct":65.4473779669232,"mom_revenue_pct":-4.8204570305396475,"mom_profit_pct":-5.909749716824654,"mom_margin_pts":-0.6,"mom_units_pct":-5.434129732004514,"yoy_revenue_pct":null,"yoy_profit_pct":null,"yoy_margin_pts":null},{"month":"2024-10","label":"October 2024","year":2024,"month_num":10,"revenue":10395793.75,"profit":5393691.875,"margin":51.883405968880446,"units":526208,"transactions":147094,"customers":75310,"full_price_pct":66.11561647228716,"mom_revenue_pct":7.43596189440766,"mom_profit_pct":9.687757659382923,"mom_margin_pts":1.1,"mom_units_pct":6.441838167173043,"yoy_revenue_pct":null,"yoy_profit_pct":null,"yoy_margin_pts":null},{"month":"2024-11","label":"November 2024","year":2024,"month_num":11,"revenue":10164714.375,"profit":4759164.0625,"margin":46.820440662898605,"units":537040,"transactions":143438,"customers":73766,"full_price_pct":56.22456619692278,"mom_revenue_pct":-2.2228160788588176,"mom_profit_pct":-11.764257714480584,"mom_margin_pts":-5.1,"mom_units_pct":2.058501581123814,"yoy_revenue_pct":null,"yoy_profit_pct":null,"yoy_margin_pts":null},{"month":"2024-12","label":"December 2024","year":2024,"month_num":12,"revenue":9902441.25,"profit":5048325.9375,"margin":50.98061993046412,"units":495660,"transactions":138992,"customers":71076,"full_price_pct":66.94362173065151,"mom_revenue_pct":-2.580231134138484,"mom_profit_pct":6.075896338150246,"mom_margin_pts":4.2,"mom_units_pct":-7.705198867868315,"yoy_revenue_pct":null,"yoy_profit_pct":null,"yoy_margin_pts":null},{"month":"2025-01","label":"January 2025","year":2025,"month_num":1,"revenue":9281153.125,"profit":4771235.9375,"margin":51.40779247190795,"units":462028,"transactions":132382,"customers":66234,"full_price_pct":65.52118894170276,"mom_revenue_pct":-6.2740904925843415,"mom_profit_pct":-5.48875020017465,"mom_margin_pts":0.4,"mom_units_pct":-6.785296372513416,"yoy_revenue_pct":-4.328346737275876,"yoy_profit_pct":-2.308815234955734,"yoy_margin_pts":1.1},{"month":"2025-02","label":"February 2025","year":2025,"month_num":2,"revenue":8722721.875,"profit":4439609.0625,"margin":50.89706087298582,"units":422696,"transactions":122532,"customers":63536,"full_price_pct":65.85407507905897,"mom_revenue_pct":-6.016830478701967,"mom_profit_pct":-6.950544457329093,"mom_margin_pts":-0.5,"mom_units_pct":-8.512903979845378,"yoy_revenue_pct":-12.275559119086985,"yoy_profit_pct":-13.434188621747639,"yoy_margin_pts":-0.7},{"month":"2025-03","label":"March 2025","year":2025,"month_num":3,"revenue":9348723.75,"profit":4693711.875,"margin":50.20698012389124,"units":465866,"transactions":132378,"customers":70112,"full_price_pct":64.18952373044502,"mom_revenue_pct":7.176680444141755,"mom_profit_pct":5.723540269487411,"mom_margin_pts":-0.7,"mom_units_pct":10.213013607888412,"yoy_revenue_pct":-10.852496405303667,"yoy_profit_pct":-13.526898016525823,"yoy_margin_pts":-1.6},{"month":"2025-04","label":"April 2025","year":2025,"month_num":4,"revenue":9869822.5,"profit":4281680.0,"margin":43.38152991099891,"units":535846,"transactions":138736,"customers":74468,"full_price_pct":46.73027934392944,"mom_revenue_pct":5.574009500494653,"mom_profit_pct":-8.778380223860673,"mom_margin_pts":-6.8,"mom_units_pct":15.021486865321787,"yoy_revenue_pct":-2.6410808020812695,"yoy_profit_pct":-14.2911690736544,"yoy_margin_pts":-5.9},{"month":"2025-05","label":"May 2025","year":2025,"month_num":5,"revenue":9493466.25,"profit":4860662.5,"margin":51.20008195109978,"units":464130,"transactions":132678,"customers":71240,"full_price_pct":65.79723317602777,"mom_revenue_pct":-3.8132018078339303,"mom_profit_pct":13.522320677864762,"mom_margin_pts":7.8,"mom_units_pct":-13.38369606192824,"yoy_revenue_pct":-7.811047176421063,"yoy_profit_pct":-9.562076602434956,"yoy_margin_pts":-1.0},{"month":"2025-06","label":"June 2025","year":2025,"month_num":6,"revenue":8918461.25,"profit":4648263.125,"margin":52.11956406717583,"units":434348,"transactions":124696,"customers":66958,"full_price_pct":66.5301427418323,"mom_revenue_pct":-6.056849888732685,"mom_profit_pct":-4.369761838021051,"mom_margin_pts":0.9,"mom_units_pct":-6.416736690151466,"yoy_revenue_pct":-10.022329939692831,"yoy_profit_pct":-9.650118118300039,"yoy_margin_pts":0.2},{"month":"2025-07","label":"July 2025","year":2025,"month_num":7,"revenue":9156966.875,"profit":4998983.125,"margin":54.592128520722646,"units":440412,"transactions":126450,"customers":68180,"full_price_pct":67.79367171730651,"mom_revenue_pct":2.6742912069052274,"mom_profit_pct":7.545183879838989,"mom_margin_pts":2.5,"mom_units_pct":1.396115557110888,"yoy_revenue_pct":-8.463993616347588,"yoy_profit_pct":-4.45811475672238,"yoy_margin_pts":2.3},{"month":"2025-08","label":"August 2025","year":2025,"month_num":8,"revenue":9160099.375,"profit":5134326.875,"margin":56.0509953528752,"units":442874,"transactions":125160,"customers":67844,"full_price_pct":69.3534711243239,"mom_revenue_pct":0.034208925758508875,"mom_profit_pct":2.7074256226860136,"mom_margin_pts":1.5,"mom_units_pct":0.5590220066664849,"yoy_revenue_pct":-9.897711404566076,"yoy_profit_pct":-1.7573285205334193,"yoy_margin_pts":4.6},{"month":"2025-09","label":"September 2025","year":2025,"month_num":9,"revenue":8619481.25,"profit":4829252.5,"margin":56.0271826103224,"units":419220,"transactions":118478,"customers":65318,"full_price_pct":69.86099076438039,"mom_revenue_pct":-5.901880567753119,"mom_profit_pct":-5.941857276081589,"mom_margin_pts":-0.0,"mom_units_pct":-5.341022503014401,"yoy_revenue_pct":-10.921447520583861,"yoy_profit_pct":-1.790853060925152,"yoy_margin_pts":5.2},{"month":"2025-10","label":"October 2025","year":2025,"month_num":10,"revenue":9058344.375,"profit":5023596.25,"margin":55.45821666776717,"units":443412,"transactions":123954,"customers":69540,"full_price_pct":66.88221378203012,"mom_revenue_pct":5.0915259546506935,"mom_profit_pct":4.024302933010855,"mom_margin_pts":-0.6,"mom_units_pct":5.770717045942464,"yoy_revenue_pct":-12.865293475065338,"yoy_profit_pct":-6.861638254039122,"yoy_margin_pts":3.6},{"month":"2025-11","label":"November 2025","year":2025,"month_num":11,"revenue":9020266.25,"profit":4638667.5,"margin":51.424951009622355,"units":459748,"transactions":120698,"customers":67622,"full_price_pct":55.506451236957666,"mom_revenue_pct":-0.4203651729679354,"mom_profit_pct":-7.662414152013112,"mom_margin_pts":-4.0,"mom_units_pct":3.684158299730273,"yoy_revenue_pct":-11.259028859824701,"yoy_profit_pct":-2.5318850310174614,"yoy_margin_pts":4.6},{"month":"2025-12","label":"December 2025","year":2025,"month_num":12,"revenue":8575299.375,"profit":4746034.375,"margin":55.34540740159291,"units":405672,"transactions":114904,"customers":64520,"full_price_pct":67.47623752785891,"mom_revenue_pct":-4.932968303457783,"mom_profit_pct":2.3146059725125805,"mom_margin_pts":3.9,"mom_units_pct":-11.762095756805904,"yoy_revenue_pct":-13.402168631901754,"yoy_profit_pct":-5.98795652742063,"yoy_margin_pts":4.4},{"month":"2026-01","label":"January 2026","year":2026,"month_num":1,"revenue":8248956.875,"profit":4544230.9375,"margin":55.08855248440124,"units":342768,"transactions":110790,"customers":60794,"full_price_pct":68.84576163455819,"mom_revenue_pct":-3.805610576715288,"mom_profit_pct":-4.2520433177435635,"mom_margin_pts":-0.3,"mom_units_pct":-15.506123173401171,"yoy_revenue_pct":-11.121422479493894,"yoy_profit_pct":-4.75778190333938,"yoy_margin_pts":3.7}],"totals":{"revenue":238261425.0,"profit":123142629.375,"units":11673906,"transactions":3365012,"avg_margin":51.7,"avg_full_price_pct":66.0},"best_month":{"label":"March 2024","revenue":10486803.75},"worst_month":{"label":"January 2026","revenue":8248956.875},"yoy_comparison":[{"month_label":"January","month_num":1,"y1":2025,"y2":2026,"y1_revenue":9281153.125,"y1_profit":4771235.9375,"y1_margin":51.4,"y1_units":462028,"y2_revenue":8248956.875,"y2_profit":4544230.9375,"y2_margin":55.1,"y2_units":342768,"y1_full_price_pct":65.5,"y2_full_price_pct":68.8,"revenue_change_pct":-11.121422479493894,"profit_change_pct":-4.75778190333938,"margin_change_pts":3.7,"full_price_change_pts":3.3},{"month_label":"February","month_num":2,"y1":2025,"y2":2026,"y1_revenue":8722721.875,"y1_profit":4439609.0625,"y1_margin":50.9,"y1_units":422696,"y2_revenue":null,"y2_profit":null,"y2_margin":null,"y2_units":null,"y1_full_price_pct":65.9,"y2_full_price_pct":null,"revenue_change_pct":null,"profit_change_pct":null,"margin_change_pts":null,"full_price_change_pts":null},{"month_label":"March","month_num":3,"y1":2025,"y2":2026,"y1_revenue":9348723.75,"y1_profit":4693711.875,"y1_margin":50.2,"y1_units":465866,"y2_revenue":null,"y2_profit":null,"y2_margin":null,"y2_units":null,"y1_full_price_pct":64.2,"y2_full_price_pct":null,"revenue_change_pct":null,"profit_change_pct":null,"margin_change_pts":null,"full_price_change_pts":null},{"month_label":"April","month_num":4,"y1":2025,"y2":2026,"y1_revenue":9869822.5,"y1_profit":4281680.0,"y1_margin":43.4,"y1_units":535846,"y2_revenue":null,"y2_profit":null,"y2_margin":null,"y2_units":null,"y1_full_price_pct":46.7,"y2_full_price_pct":null,"revenue_change_pct":null,"profit_change_pct":null,"margin_change_pts":null,"full_price_change_pts":null},{"month_label":"May","month_num":5,"y1":2025,"y2":2026,"y1_revenue":9493466.25,"y1_profit":4860662.5,"y1_margin":51.2,"y1_units":464130,"y2_revenue":null,"y2_profit":null,"y2_margin":null,"y2_units":null,"y1_full_price_pct":65.8,"y2_full_price_pct":null,"revenue_change_pct":null,"profit_change_pct":null,"margin_change_pts":null,"full_price_change_pts":null},{"month_label":"June","month_num":6,"y1":2025,"y2":2026,"y1_revenue":8918461.25,"y1_profit":4648263.125,"y1_margin":52.1,"y1_units":434348,"y2_revenue":null,"y2_profit":null,"y2_margin":null,"y2_units":null,"y1_full_price_pct":66.5,"y2_full_price_pct":null,"revenue_change_pct":null,"profit_change_pct":null,"margin_change_pts":null,"full_price_change_pts":null},{"month_label":"July","month_num":7,"y1":2025,"y2":2026,"y1_revenue":9156966.875,"y1_profit":4998983.125,"y1_margin":54.6,"y1_units":440412,"y2_revenue":null,"y2_profit":null,"y2_margin":null,"y2_units":null,"y1_full_price_pct":67.8,"y2_full_price_pct":null,"revenue_change_pct":null,"profit_change_pct":null,"margin_change_pts":null,"full_price_change_pts":null},{"month_label":"August","month_num":8,"y1":2025,"y2":2026,"y1_revenue":9160099.375,"y1_profit":5134326.875,"y1_margin":56.1,"y1_units":442874,"y2_revenue":null,"y2_profit":null,"y2_margin":null,"y2_units":null,"y1_full_price_pct":69.4,"y2_full_price_pct":null,"revenue_change_pct":null,"profit_change_pct":null,"margin_change_pts":null,"full_price_change_pts":null},{"month_label":"September","month_num":9,"y1":2025,"y2":2026,"y1_revenue":8619481.25,"y1_profit":4829252.5,"y1_margin":56.0,"y1_units":419220,"y2_revenue":null,"y2_profit":null,"y2_margin":null,"y2_units":null,"y1_full_price_pct":69.9,"y2_full_price_pct":null,"revenue_change_pct":null,"profit_change_pct":null,"margin_change_pts":null,"full_price_change_pts":null},{"month_label":"October","month_num":10,"y1":2025,"y2":2026,"y1_revenue":9058344.375,"y1_profit":5023596.25,"y1_margin":55.5,"y1_units":443412,"y2_revenue":null,"y2_profit":null,"y2_margin":null,"y2_units":null,"y1_full_price_pct":66.9,"y2_full_price_pct":null,"revenue_change_pct":null,"profit_change_pct":null,"margin_change_pts":null,"full_price_change_pts":null},{"month_label":"November","month_num":11,"y1":2025,"y2":2026,"y1_revenue":9020266.25,"y1_profit":4638667.5,"y1_margin":51.4,"y1_units":459748,"y2_revenue":null,"y2_profit":null,"y2_margin":null,"y2_units":null,"y1_full_price_pct":55.5,"y2_full_price_pct":null,"revenue_change_pct":null,"profit_change_pct":null,"margin_change_pts":null,"full_price_change_pts":null},{"month_label":"December","month_num":12,"y1":2025,"y2":2026,"y1_revenue":8575299.375,"y1_profit":4746034.375,"y1_margin":55.3,"y1_units":405672,"y2_revenue":null,"y2_profit":null,"y2_margin":null,"y2_units":null,"y1_full_price_pct":67.5,"y2_full_price_pct":null,"revenue_change_pct":null,"profit_change_pct":null,"margin_change_pts":null,"full_price_change_pts":null}]}