{"brand":"PRESSURE","date_range":"2024-01-01 00:00:00 to 2026-01-31 00:00:00","period_label":"All Time","summary":{"total_units":4330,"total_revenue":212324.8046875,"total_cost":103646.6015625,"total_discounts":57387.7001953125,"total_profit":108678.203125,"overall_margin":51.20000076293945,"fp_margin":60.70000076293945,"disc_margin":44.900001525878906,"pct_full_price":39.900001525878906,"avg_discount_rate":21.299999237060547,"fp_revenue":84725.0,"disc_revenue":127599.8046875,"brand":"PRESSURE","date_range":"2024-01-01 00:00:00 to 2026-01-31 00:00:00","primary_category":"DISPOSABLE VAPE","store_coverage":"6/7","stores_present":["Elevation Springs","Elevation Mesa","Elevation Oasis","Elevation Midtown","Elevation Boulevard","Elevation Parkway"],"stores_missing":["Elevation Downtown"],"velocity_rank":26,"velocity_total":35},"distribution":[{"store":"Elevation Springs","carries_brand":true,"sku_count":38,"revenue":47921.376953125,"units":972,"store_total_revenue":51138750.0,"brand_share_pct":0.10000000149011612},{"store":"Elevation Mesa","carries_brand":true,"sku_count":50,"revenue":41470.1513671875,"units":916,"store_total_revenue":47532240.0,"brand_share_pct":0.10000000149011612},{"store":"Elevation Oasis","carries_brand":true,"sku_count":42,"revenue":27331.95068359375,"units":574,"store_total_revenue":56050145.0,"brand_share_pct":0.0},{"store":"Elevation Downtown","carries_brand":false,"sku_count":0,"revenue":0.0,"units":0,"store_total_revenue":1945237.1875,"brand_share_pct":0},{"store":"Elevation Midtown","carries_brand":true,"sku_count":54,"revenue":36312.39990234375,"units":722,"store_total_revenue":30850185.0,"brand_share_pct":0.10000000149011612},{"store":"Elevation Boulevard","carries_brand":true,"sku_count":36,"revenue":16905.17578125,"units":360,"store_total_revenue":28757865.0,"brand_share_pct":0.10000000149011612},{"store":"Elevation Parkway","carries_brand":true,"sku_count":44,"revenue":42383.75,"units":786,"store_total_revenue":21987007.5,"brand_share_pct":0.20000000298023224}],"share_of_category":[{"category":"DISPOSABLE VAPE","brand_revenue":114772.67578125,"category_revenue":30552405.0,"revenue_share_pct":0.4000000059604645,"brand_units":2488,"category_units":756548,"units_share_pct":0.3},{"category":"CONCENTRATE","brand_revenue":97552.12890625,"category_revenue":7866357.5,"revenue_share_pct":1.2000000476837158,"brand_units":1842,"category_units":316632,"units_share_pct":0.6}],"share_of_category_trend":{"DISPOSABLE VAPE":[{"period":"2024-01","brand_revenue":0.0,"category_revenue":933474.921875,"share_pct":0.0},{"period":"2024-02","brand_revenue":0.0,"category_revenue":877782.109375,"share_pct":0.0},{"period":"2024-03","brand_revenue":0.0,"category_revenue":990692.03125,"share_pct":0.0},{"period":"2024-04","brand_revenue":0.0,"category_revenue":971952.1875,"share_pct":0.0},{"period":"2024-05","brand_revenue":0.0,"category_revenue":1035100.46875,"share_pct":0.0},{"period":"2024-06","brand_revenue":0.0,"category_revenue":1039794.21875,"share_pct":0.0},{"period":"2024-07","brand_revenue":0.0,"category_revenue":1081636.5625,"share_pct":0.0},{"period":"2024-08","brand_revenue":0.0,"category_revenue":1098658.125,"share_pct":0.0},{"period":"2024-09","brand_revenue":0.0,"category_revenue":1056394.53125,"share_pct":0.0},{"period":"2024-10","brand_revenue":0.0,"category_revenue":1197041.171875,"share_pct":0.0},{"period":"2024-11","brand_revenue":0.0,"category_revenue":1193980.234375,"share_pct":0.0},{"period":"2024-12","brand_revenue":0.0,"category_revenue":1222008.984375,"share_pct":0.0},{"period":"2025-01","brand_revenue":0.0,"category_revenue":1100552.421875,"share_pct":0.0},{"period":"2025-02","brand_revenue":0.0,"category_revenue":1167271.25,"share_pct":0.0},{"period":"2025-03","brand_revenue":0.0,"category_revenue":1348856.71875,"share_pct":0.0},{"period":"2025-04","brand_revenue":0.0,"category_revenue":1414639.84375,"share_pct":0.0},{"period":"2025-05","brand_revenue":0.0,"category_revenue":1460588.4375,"share_pct":0.0},{"period":"2025-06","brand_revenue":0.0,"category_revenue":1320852.96875,"share_pct":0.0},{"period":"2025-07","brand_revenue":14801.875,"category_revenue":1451194.84375,"share_pct":1.0},{"period":"2025-08","brand_revenue":19774.224853515625,"category_revenue":1403520.625,"share_pct":1.399999976158142},{"period":"2025-09","brand_revenue":13223.499755859375,"category_revenue":1317518.125,"share_pct":1.0},{"period":"2025-10","brand_revenue":25489.7509765625,"category_revenue":1511693.75,"share_pct":1.7000000476837158},{"period":"2025-11","brand_revenue":21699.5751953125,"category_revenue":1481709.21875,"share_pct":1.5},{"period":"2025-12","brand_revenue":13551.25,"category_revenue":1476896.875,"share_pct":0.8999999761581421},{"period":"2026-01","brand_revenue":6232.5,"category_revenue":1398594.84375,"share_pct":0.4000000059604645}],"CONCENTRATE":[{"period":"2024-01","brand_revenue":0.0,"category_revenue":351129.609375,"share_pct":0.0},{"period":"2024-02","brand_revenue":0.0,"category_revenue":371224.4921875,"share_pct":0.0},{"period":"2024-03","brand_revenue":0.0,"category_revenue":375964.296875,"share_pct":0.0},{"period":"2024-04","brand_revenue":0.0,"category_revenue":352745.859375,"share_pct":0.0},{"period":"2024-05","brand_revenue":0.0,"category_revenue":346027.5,"share_pct":0.0},{"period":"2024-06","brand_revenue":0.0,"category_revenue":310723.3984375,"share_pct":0.0},{"period":"2024-07","brand_revenue":0.0,"category_revenue":336220.078125,"share_pct":0.0},{"period":"2024-08","brand_revenue":0.0,"category_revenue":324004.04296875,"share_pct":0.0},{"period":"2024-09","brand_revenue":0.0,"category_revenue":326834.1796875,"share_pct":0.0},{"period":"2024-10","brand_revenue":0.0,"category_revenue":324500.859375,"share_pct":0.0},{"period":"2024-11","brand_revenue":0.0,"category_revenue":351240.0390625,"share_pct":0.0},{"period":"2024-12","brand_revenue":0.0,"category_revenue":324145.4296875,"share_pct":0.0},{"period":"2025-01","brand_revenue":0.0,"category_revenue":325749.19921875,"share_pct":0.0},{"period":"2025-02","brand_revenue":0.0,"category_revenue":300499.0234375,"share_pct":0.0},{"period":"2025-03","brand_revenue":0.0,"category_revenue":298171.5234375,"share_pct":0.0},{"period":"2025-04","brand_revenue":0.0,"category_revenue":343355.625,"share_pct":0.0},{"period":"2025-05","brand_revenue":0.0,"category_revenue":288836.62109375,"share_pct":0.0},{"period":"2025-06","brand_revenue":0.0,"category_revenue":280928.33984375,"share_pct":0.0},{"period":"2025-07","brand_revenue":14142.5244140625,"category_revenue":283604.1796875,"share_pct":5.0},{"period":"2025-08","brand_revenue":18282.5,"category_revenue":274773.76953125,"share_pct":6.699999809265137},{"period":"2025-09","brand_revenue":10579.300537109375,"category_revenue":264599.19921875,"share_pct":4.0},{"period":"2025-10","brand_revenue":14201.25,"category_revenue":277515.46875,"share_pct":5.099999904632568},{"period":"2025-11","brand_revenue":21048.82568359375,"category_revenue":295773.3203125,"share_pct":7.099999904632568},{"period":"2025-12","brand_revenue":12098.75,"category_revenue":267042.05078125,"share_pct":4.5},{"period":"2026-01","brand_revenue":7198.9752197265625,"category_revenue":270749.70703125,"share_pct":2.700000047683716}]},"velocity_by_category":[{"category":"CONCENTRATE","brand_units_per_day":2.42,"category_avg_units_per_day":15.38,"velocity_index":15.7,"brand_rev_per_unit":42.37,"category_rev_per_unit":19.88,"brands_in_category":27},{"category":"DISPOSABLE VAPE","brand_units_per_day":3.26,"category_avg_units_per_day":28.36,"velocity_index":11.5,"brand_rev_per_unit":36.9,"category_rev_per_unit":32.31,"brands_in_category":35}],"store_gaps":[{"store":"Elevation Downtown","category":"DISPOSABLE VAPE","category_revenue_at_store":386406.2890625,"opportunity":"Brand not carried"},{"store":"Elevation Downtown","category":"CONCENTRATE","category_revenue_at_store":53170.9033203125,"opportunity":"Brand not carried"}],"product_mix":{"top":[{"product":"GRAPE CADILLAC LIVE ROSIN DISPOSABLE VAPE - PRESSURE","units":474,"revenue":22394.775390625,"cost":11257.5,"profit":11137.275390625,"stores":6,"transactions":454,"margin":49.70000076293945},{"product":"RAINBOW GAS LIVE ROSIN DISPOSABLE VAPE - PRESSURE","units":290,"revenue":14187.874755859375,"cost":6317.80029296875,"profit":7870.0750732421875,"stores":6,"transactions":274,"margin":55.5},{"product":"CRANBERRY ZKITTLEZ LIVE ROSIN BADDER - PRESSURE","units":254,"revenue":13834.375,"cost":6662.5,"profit":7171.875,"stores":6,"transactions":224,"margin":51.79999923706055},{"product":"SNOWBALL 89 LIVE ROSIN BADDER - PRESSURE","units":262,"revenue":12880.0244140625,"cost":6012.5,"profit":6867.5250244140625,"stores":6,"transactions":244,"margin":53.29999923706055},{"product":"GREEN GLOVE LIVE ROSIN DISPOSABLE VAPE - PRESSURE","units":230,"revenue":10266.25,"cost":5462.5,"profit":4803.75,"stores":6,"transactions":220,"margin":46.79999923706055},{"product":"TROP CHERRY LIVE ROSIN DISPOSABLE VAPE - PRESSURE","units":198,"revenue":9686.25,"cost":4702.5,"profit":4983.75,"stores":5,"transactions":190,"margin":51.5},{"product":"ZEALOUSY LIVE ROSIN DISPOSABLE VAPE - PRESSURE","units":194,"revenue":9665.92529296875,"cost":4607.5,"profit":5058.424987792969,"stores":5,"transactions":182,"margin":52.29999923706055},{"product":"CADILLAC RAINBOW LIVE ROSIN DISPOSABLE VAPE - PRESSURE","units":190,"revenue":9279.425048828125,"cost":4512.5,"profit":4766.925048828125,"stores":5,"transactions":182,"margin":51.400001525878906},{"product":"CRAN ZEE 89 LIVE ROSIN DISPOSABLE VAPE - PRESSURE","units":196,"revenue":8340.0,"cost":4655.0,"profit":3685.0,"stores":6,"transactions":190,"margin":44.20000076293945},{"product":"GRAPE SNOW CONE LIVE ROSIN DISPOSABLE VAPE - PRESSURE","units":178,"revenue":8206.124877929688,"cost":4227.5,"profit":3978.6248779296875,"stores":5,"transactions":170,"margin":48.5},{"product":"BTY OG LIVE ROSIN DISPOSABLE VAPE - PRESSURE","units":184,"revenue":7901.875,"cost":4370.0,"profit":3531.875,"stores":5,"transactions":180,"margin":44.70000076293945},{"product":"LEMON SNOWBALL LIVE ROSIN BADDER - PRESSURE","units":122,"revenue":7683.75,"cost":3812.5,"profit":3871.25,"stores":5,"transactions":106,"margin":50.400001525878906},{"product":"RUBY VIOLET LIVE ROSIN DISPOSABLE VAPE - PRESSURE","units":186,"revenue":7467.2998046875,"cost":4417.5,"profit":3049.8001098632812,"stores":5,"transactions":174,"margin":40.79999923706055},{"product":"RUBY VIOLET LIVE ROSIN BADDER - PRESSURE","units":100,"revenue":6923.75,"cost":3125.0,"profit":3798.75,"stores":4,"transactions":84,"margin":54.900001525878906},{"product":"SNOWBALL Z LIVE ROSIN BADDER - PRESSURE","units":146,"revenue":5865.4248046875,"cost":2887.5,"profit":2977.9251098632812,"stores":6,"transactions":118,"margin":50.79999923706055},{"product":"BLACK AMBER LIVE ROSIN BADDER - PRESSURE","units":80,"revenue":5447.5,"cost":2500.0,"profit":2947.5,"stores":4,"transactions":64,"margin":54.099998474121094},{"product":"LEMON SNOW CONE LIVE ROSIN BADDER - PRESSURE","units":118,"revenue":5183.0499267578125,"cost":2462.5,"profit":2720.5499267578125,"stores":5,"transactions":106,"margin":52.5},{"product":"RAINBOW BELTZ LIVE ROSIN BADDER - PRESSURE","units":70,"revenue":4695.0,"cost":2187.5,"profit":2507.5,"stores":3,"transactions":64,"margin":53.400001525878906},{"product":"AFRICAN MAGIC LIVE ROSIN BADDER - PRESSURE","units":70,"revenue":4620.0,"cost":2187.5,"profit":2432.5,"stores":2,"transactions":58,"margin":52.70000076293945},{"product":"LEMON SNOWBALL LIVE ROSIN DISPOSABLE VAPE - PRESSURE","units":98,"revenue":4483.125,"cost":2327.5,"profit":2155.625,"stores":2,"transactions":90,"margin":48.099998474121094}],"bottom":[{"product":"TROP CHERRY LIVE ROSIN BADDER - PRESSURE","units":38,"revenue":2450.0,"cost":1187.5,"profit":1262.5,"stores":1,"transactions":30,"margin":51.5},{"product":"DIA DE LOS MUERTOS LIVE ROSIN BADDER - PRESSURE","units":46,"revenue":2435.0,"cost":1437.5,"profit":997.5,"stores":1,"transactions":34,"margin":41.0},{"product":"SUPER BOOF LIVE ROSIN BADDER - PRESSURE","units":60,"revenue":2340.0,"cost":1087.5,"profit":1252.5,"stores":2,"transactions":52,"margin":53.5},{"product":"KUSH MINTS LIVE ROSIN DISPOSABLE VAPE - PRESSURE","units":52,"revenue":2151.25,"cost":1235.0,"profit":916.25,"stores":2,"transactions":50,"margin":42.599998474121094},{"product":"GRAPE JELLY RUNTZ LIVE RESIN SUGAR - PRESSURE","units":40,"revenue":1290.0,"cost":0.4999999701976776,"profit":1289.4999694824219,"stores":2,"transactions":38,"margin":100.0},{"product":"CANAL STREET RUNTZ LIVE RESIN SUGAR - PRESSURE","units":30,"revenue":1138.75,"cost":0.3749999776482582,"profit":1138.375015258789,"stores":2,"transactions":30,"margin":100.0},{"product":"GARLIC COCKTAIL LIVE RESIN SUGAR - PRESSURE","units":30,"revenue":1115.0,"cost":0.3749999776482582,"profit":1114.625015258789,"stores":4,"transactions":26,"margin":100.0},{"product":"LEMON ZKITTLEZ LIVE ROSIN BADDER - PRESSURE","units":18,"revenue":760.0,"cost":337.5,"profit":422.5,"stores":1,"transactions":18,"margin":55.599998474121094},{"product":"KUSH MINTS LIVE ROSIN DISPOSABLE - PRESSURE","units":18,"revenue":742.5,"cost":427.5,"profit":315.0,"stores":2,"transactions":18,"margin":42.400001525878906},{"product":"COSMIC LIVE RESIN SUGAR - PRESSURE","units":4,"revenue":145.0,"cost":0.04999999888241291,"profit":144.94999885559082,"stores":1,"transactions":4,"margin":100.0}],"expansion":[{"product":"TROP CHERRY LIVE ROSIN DISPOSABLE VAPE - PRESSURE","current_stores":5,"total_stores":6,"missing_stores":["Elevation Boulevard"],"revenue":9686.25},{"product":"ZEALOUSY LIVE ROSIN DISPOSABLE VAPE - PRESSURE","current_stores":5,"total_stores":6,"missing_stores":["Elevation Boulevard"],"revenue":9665.92529296875},{"product":"CADILLAC RAINBOW LIVE ROSIN DISPOSABLE VAPE - PRESSURE","current_stores":5,"total_stores":6,"missing_stores":["Elevation Boulevard"],"revenue":9279.425048828125},{"product":"GRAPE SNOW CONE LIVE ROSIN DISPOSABLE VAPE - PRESSURE","current_stores":5,"total_stores":6,"missing_stores":["Elevation Mesa"],"revenue":8206.124877929688},{"product":"BTY OG LIVE ROSIN DISPOSABLE VAPE - PRESSURE","current_stores":5,"total_stores":6,"missing_stores":["Elevation Boulevard"],"revenue":7901.875},{"product":"LEMON SNOWBALL LIVE ROSIN BADDER - PRESSURE","current_stores":5,"total_stores":6,"missing_stores":["Elevation Oasis"],"revenue":7683.75},{"product":"RUBY VIOLET LIVE ROSIN DISPOSABLE VAPE - PRESSURE","current_stores":5,"total_stores":6,"missing_stores":["Elevation Boulevard"],"revenue":7467.2998046875},{"product":"RUBY VIOLET LIVE ROSIN BADDER - PRESSURE","current_stores":4,"total_stores":6,"missing_stores":["Elevation Boulevard","Elevation Parkway"],"revenue":6923.75},{"product":"BLACK AMBER LIVE ROSIN BADDER - PRESSURE","current_stores":4,"total_stores":6,"missing_stores":["Elevation Springs","Elevation Parkway"],"revenue":5447.5},{"product":"LEMON SNOW CONE LIVE ROSIN BADDER - PRESSURE","current_stores":5,"total_stores":6,"missing_stores":["Elevation Mesa"],"revenue":5183.0499267578125}]},"pricing_consistency":[{"product":"CRANBERRY ZKITTLEZ LIVE ROSIN BADDER - PRESSURE","min_price":65.625,"max_price":131.08870967741936,"avg_price":97.61583730832457,"std_dev":9.98864684616078,"store_count":12,"price_range":65.46370967741936,"range_pct":67.1},{"product":"GRAPE CANYONZ LIVE ROSIN BADDER - PRESSURE","min_price":73.5,"max_price":125.10499572753906,"avg_price":88.83211025661892,"std_dev":8.5592515411834,"store_count":10,"price_range":51.60499572753906,"range_pct":58.1},{"product":"OREGON HASH PLANT LIVE ROSIN BADDER - PRESSURE","min_price":71.66666666666667,"max_price":134.75,"avg_price":109.09722222222223,"std_dev":13.259947349205566,"store_count":6,"price_range":63.08333333333333,"range_pct":57.8},{"product":"SNOWBALL 89 LIVE ROSIN BADDER - PRESSURE","min_price":69.33333333333334,"max_price":120.88709677419354,"avg_price":89.58909973363296,"std_dev":8.965139590832317,"store_count":12,"price_range":51.55376344086021,"range_pct":57.5},{"product":"RUBY VIOLET LIVE ROSIN DISPOSABLE VAPE - PRESSURE","min_price":56.25,"max_price":96.9047619047619,"avg_price":74.94401750110444,"std_dev":7.240337469556836,"store_count":10,"price_range":40.6547619047619,"range_pct":54.2},{"product":"BTY OG LIVE ROSIN BADDER - PRESSURE","min_price":78.24166615804036,"max_price":140.25,"avg_price":119.87986098395453,"std_dev":11.592686289517406,"store_count":8,"price_range":62.00833384195964,"range_pct":51.7},{"product":"LEMON SNOWBALL LIVE ROSIN BADDER - PRESSURE","min_price":110.66666666666666,"max_price":171.5,"avg_price":133.2345238095238,"std_dev":10.228234398544284,"store_count":10,"price_range":60.83333333333332,"range_pct":45.7},{"product":"BTY OG LIVE ROSIN DISPOSABLE VAPE - PRESSURE","min_price":66.25,"max_price":101.78571428571429,"avg_price":83.83073031844317,"std_dev":5.040439847587029,"store_count":10,"price_range":35.53571428571429,"range_pct":42.4},{"product":"LEMON SNOW CONE LIVE ROSIN BADDER - PRESSURE","min_price":77.0,"max_price":106.5,"avg_price":88.27494371202258,"std_dev":4.717467371594344,"store_count":10,"price_range":29.5,"range_pct":33.4},{"product":"RAINBOW BELTZ LIVE ROSIN BADDER - PRESSURE","min_price":111.0,"max_price":154.25,"avg_price":138.0,"std_dev":9.4175368329516,"store_count":6,"price_range":43.250000000000014,"range_pct":31.3},{"product":"GREEN GLOVE LIVE ROSIN DISPOSABLE VAPE - PRESSURE","min_price":79.79166666666667,"max_price":108.0,"avg_price":90.15625,"std_dev":3.7834572299830644,"store_count":12,"price_range":28.208333333333336,"range_pct":31.3},{"product":"RUBY VIOLET LIVE ROSIN BADDER - PRESSURE","min_price":114.1875,"max_price":157.5,"avg_price":144.546875,"std_dev":8.184827808207086,"store_count":8,"price_range":43.31250000000001,"range_pct":30.0},{"product":"CRAN ZEE 89 LIVE ROSIN DISPOSABLE VAPE - PRESSURE","min_price":70.71428571428571,"max_price":93.75,"avg_price":82.36912477954144,"std_dev":3.7989825726399795,"store_count":12,"price_range":23.03571428571429,"range_pct":28.0},{"product":"GRAPE CADILLAC LIVE ROSIN DISPOSABLE VAPE - PRESSURE","min_price":83.62068965517241,"max_price":110.0,"avg_price":95.63558054066036,"std_dev":3.8782653782120806,"store_count":12,"price_range":26.37931034482758,"range_pct":27.6},{"product":"RAINBOW GAS LIVE ROSIN DISPOSABLE VAPE - PRESSURE","min_price":87.2685185185185,"max_price":112.5,"avg_price":99.78970479756904,"std_dev":4.093176310502866,"store_count":12,"price_range":25.231481481481488,"range_pct":25.3},{"product":"BLACK AMBER LIVE ROSIN BADDER - PRESSURE","min_price":120.75,"max_price":154.5,"avg_price":136.1875,"std_dev":5.702850164610675,"store_count":8,"price_range":33.75,"range_pct":24.8},{"product":"LEMON SNOWBALL LIVE ROSIN DISPOSABLE VAPE - PRESSURE","min_price":77.34375,"max_price":98.35227272727273,"avg_price":87.84801136363637,"std_dev":5.942107553266501,"store_count":4,"price_range":21.008522727272734,"range_pct":23.9},{"product":"SUPER BOOF LIVE ROSIN BADDER - PRESSURE","min_price":68.66666666666666,"max_price":87.33333333333333,"avg_price":77.99999999999999,"std_dev":5.279730632859555,"store_count":4,"price_range":18.666666666666664,"range_pct":23.9},{"product":"SNOWBALL Z LIVE ROSIN BADDER - PRESSURE","min_price":71.0,"max_price":90.0,"avg_price":81.22447010827443,"std_dev":2.8191748785317152,"store_count":12,"price_range":19.000000000000004,"range_pct":23.4},{"product":"GARLIC COCKTAIL LIVE RESIN SUGAR - PRESSURE","min_price":71.66666666666667,"max_price":87.5,"avg_price":76.66666666666667,"std_dev":2.9439202887759475,"store_count":8,"price_range":15.83333333333333,"range_pct":20.7},{"product":"ZEALOUSY LIVE ROSIN DISPOSABLE VAPE - PRESSURE","min_price":89.07613580877131,"max_price":108.5,"avg_price":99.62522716175425,"std_dev":2.9429987119737233,"store_count":10,"price_range":19.423864191228688,"range_pct":19.5},{"product":"CADILLAC RAINBOW LIVE ROSIN DISPOSABLE VAPE - PRESSURE","min_price":87.99687703450522,"max_price":105.39473684210526,"avg_price":98.43040610865543,"std_dev":2.6642461011843728,"store_count":10,"price_range":17.397859807600042,"range_pct":17.7},{"product":"ZEALOUSY LIVE ROSIN BADDER - PRESSURE","min_price":88.0,"max_price":104.125,"avg_price":95.00657894736841,"std_dev":3.306933662671127,"store_count":6,"price_range":16.12499999999999,"range_pct":17.0},{"product":"GRAPE SNOW CONE LIVE ROSIN DISPOSABLE VAPE - PRESSURE","min_price":83.125,"max_price":97.5,"avg_price":91.97500032123767,"std_dev":2.4694760621143836,"store_count":10,"price_range":14.375,"range_pct":15.6},{"product":"TROP CHERRY LIVE ROSIN DISPOSABLE VAPE - PRESSURE","min_price":91.82291666666666,"max_price":106.8,"avg_price":98.0867577086656,"std_dev":2.447008794451654,"store_count":10,"price_range":14.977083333333336,"range_pct":15.3},{"product":"CANAL STREET RUNTZ LIVE RESIN SUGAR - PRESSURE","min_price":69.0,"max_price":79.375,"avg_price":74.1875,"std_dev":2.9344931419241713,"store_count":4,"price_range":10.374999999999996,"range_pct":14.0},{"product":"KUSH MINTS LIVE ROSIN DISPOSABLE - PRESSURE","min_price":78.75,"max_price":87.1875,"avg_price":82.96875,"std_dev":2.386485386504598,"store_count":4,"price_range":8.4375,"range_pct":10.2},{"product":"AFRICAN MAGIC LIVE ROSIN BADDER - PRESSURE","min_price":128.8,"max_price":140.0,"avg_price":134.4,"std_dev":3.167838379715728,"store_count":4,"price_range":11.199999999999992,"range_pct":8.3},{"product":"GRAPE JELLY RUNTZ LIVE RESIN SUGAR - PRESSURE","min_price":63.0,"max_price":66.0,"avg_price":64.5,"std_dev":0.8485281374238578,"store_count":4,"price_range":2.9999999999999982,"range_pct":4.7},{"product":"KUSH MINTS LIVE ROSIN DISPOSABLE VAPE - PRESSURE","min_price":82.25,"max_price":84.375,"avg_price":83.3125,"std_dev":0.6010407640085639,"store_count":4,"price_range":2.1250000000000036,"range_pct":2.6}],"promotional_effectiveness":{"lift":{"fp_units_per_day":8.58,"disc_units_per_day":15.5,"lift_pct":80.6,"fp_avg_revenue_per_unit":119.675,"disc_avg_revenue_per_unit":87.575},"by_deal":[{"deal_name":"Industry 30% Off","uses":353,"revenue":38632.48333056768,"discounts":16946.683333714802,"units":853.3333333333334,"cost":21153.141666661635,"margin":45.2,"discount_depth":61.0},{"deal_name":"50% Off - G2B","uses":130,"revenue":15240.974999666214,"discounts":15346.525001525879,"units":457.0,"cost":11184.124999991618,"margin":26.6,"discount_depth":100.4},{"deal_name":"Pressure - 25% Off","uses":123,"revenue":13169.375,"discounts":4530.625,"units":294.0,"cost":6586.562499993015,"margin":50.0,"discount_depth":51.2},{"deal_name":"Pressure - 30% Off","uses":63,"revenue":6340.0,"discounts":2735.0,"units":158.0,"cost":3717.5,"margin":41.4,"discount_depth":60.2},{"deal_name":"Pressure - 30% Off (Rosin / LR)","uses":45,"revenue":4643.75,"discounts":1993.75,"units":110.0,"cost":2622.5,"margin":43.5,"discount_depth":60.0},{"deal_name":"Employee 30% - NOT FRIDAYS","uses":24,"revenue":2266.25,"discounts":971.25,"units":54.0,"cost":1257.5,"margin":44.5,"discount_depth":60.0},{"deal_name":"Pressure / Trichome- Rosin Disposables - 2 for $80","uses":23,"revenue":4200.0,"discounts":525.0,"units":84.0,"cost":1995.0,"margin":52.5,"discount_depth":22.2},{"deal_name":"LVAC - 25% Off","uses":20,"revenue":2318.75,"discounts":781.25,"units":51.0,"cost":971.374999997206,"margin":58.1,"discount_depth":50.4},{"deal_name":"30% Off Special","uses":18,"revenue":2397.5,"discounts":1027.5,"units":40.0,"cost":1225.0,"margin":48.9,"discount_depth":60.0},{"deal_name":"Senior - 10% Off","uses":17,"revenue":4713.75,"discounts":523.75,"units":80.0,"cost":1988.75,"margin":57.8,"discount_depth":20.0},{"deal_name":"Employee - 40% OFF","uses":16,"revenue":1642.5,"discounts":1095.0,"units":42.0,"cost":1010.0,"margin":38.5,"discount_depth":80.0},{"deal_name":"Pressure - 1g Rosin - $50","uses":15,"revenue":2000.0,"discounts":800.0,"units":32.0,"cost":1000.0,"margin":50.0,"discount_depth":57.2},{"deal_name":"Store Credit - $25","uses":10,"revenue":535.145829518636,"discounts":425.2708329757054,"units":14.333333333333334,"cost":355.41666666666663,"margin":33.6,"discount_depth":88.6},{"deal_name":"Veterans - 10% Off","uses":10,"revenue":1147.5,"discounts":127.5,"units":22.0,"cost":480.0249999994412,"margin":58.2,"discount_depth":20.0},{"deal_name":"Jackpot - Locals 30% Off","uses":8,"revenue":717.5,"discounts":307.5,"units":18.0,"cost":402.5,"margin":43.9,"discount_depth":60.0},{"deal_name":"Store Credit - $15","uses":8,"revenue":529.8958333333333,"discounts":324.27083333333337,"units":13.333333333333334,"cost":341.66666666666663,"margin":35.5,"discount_depth":76.0},{"deal_name":"Senior / Veterans - 20% Off","uses":4,"revenue":480.0,"discounts":120.0,"units":10.0,"cost":185.0249999994412,"margin":61.5,"discount_depth":40.0},{"deal_name":"Sammy Davis Early Bird - 15% Off","uses":3,"revenue":276.25,"discounts":48.75,"units":6.0,"cost":132.5,"margin":52.0,"discount_depth":30.0},{"deal_name":"Store Credit - $100","uses":2,"revenue":74.29999947547913,"discounts":238.20000648498535,"units":5.0,"cost":126.25,"margin":-69.9,"discount_depth":152.4},{"deal_name":"Store Credit - $50","uses":2,"revenue":179.24999952316284,"discounts":127.00000047683716,"units":6.0,"cost":98.7624999997206,"margin":44.9,"discount_depth":83.0}]},"growth_opportunities":[{"type":"distribution","title":"Expand to Elevation Downtown","detail":"Store has $175,831 in CONCENTRATE, DISPOSABLE VAPE \u2014 categories where PRESSURE competes.","priority":"high"},{"type":"sku_expansion","title":"Add 'AFRICAN MAGIC LIVE ROSIN BADDER - PRESSURE' to 4 more store(s)","detail":"Carried in 2 stores. Missing from: Elevation Springs, Elevation Oasis, Elevation Boulevard, Elevation Parkway","priority":"medium"},{"type":"sku_expansion","title":"Add 'BLACK AMBER LIVE ROSIN BADDER - PRESSURE' to 2 more store(s)","detail":"Carried in 4 stores. Missing from: Elevation Springs, Elevation Parkway","priority":"medium"},{"type":"sku_expansion","title":"Add 'BTY OG LIVE ROSIN BADDER - PRESSURE' to 2 more store(s)","detail":"Carried in 4 stores. Missing from: Elevation Springs, Elevation Mesa","priority":"medium"},{"type":"sku_expansion","title":"Add 'BTY OG LIVE ROSIN DISPOSABLE VAPE - PRESSURE' to 1 more store(s)","detail":"Carried in 5 stores. Missing from: Elevation Boulevard","priority":"medium"},{"type":"sku_expansion","title":"Add 'CADILLAC RAINBOW LIVE ROSIN DISPOSABLE VAPE - PRESSURE' to 1 more store(s)","detail":"Carried in 5 stores. Missing from: Elevation Boulevard","priority":"medium"},{"type":"velocity","title":"Improve velocity in CONCENTRATE","detail":"Velocity index 16 (below category average). 1.2 units/day vs 7.7 avg.","priority":"medium"},{"type":"velocity","title":"Improve velocity in DISPOSABLE VAPE","detail":"Velocity index 12 (below category average). 1.6 units/day vs 14.2 avg.","priority":"medium"}],"trend":[{"period":"2025-07","revenue":28944.3994140625,"cost":14862.5,"margin":48.7,"units":618,"transactions":498,"profit":14081.8994140625,"revenue_change_pct":null,"units_change_pct":null,"margin_change_pts":null},{"period":"2025-08","revenue":38056.72607421875,"cost":18831.25,"margin":50.5,"units":754,"transactions":540,"profit":19225.474853515625,"revenue_change_pct":31.5,"units_change_pct":22.0,"margin_change_pts":1.9},{"period":"2025-09","revenue":23802.80029296875,"cost":10557.650146484375,"margin":55.6,"units":442,"transactions":340,"profit":13245.150146484375,"revenue_change_pct":-37.5,"units_change_pct":-41.4,"margin_change_pts":5.1},{"period":"2025-10","revenue":39691.0009765625,"cost":17737.650146484375,"margin":55.3,"units":734,"transactions":586,"profit":21953.349609375,"revenue_change_pct":66.7,"units_change_pct":66.1,"margin_change_pts":-0.3},{"period":"2025-11","revenue":42748.3984375,"cost":23926.650390625,"margin":44.0,"units":978,"transactions":644,"profit":18821.75048828125,"revenue_change_pct":7.7,"units_change_pct":33.2,"margin_change_pts":-11.3},{"period":"2025-12","revenue":25650.0,"cost":11555.52490234375,"margin":54.9,"units":522,"transactions":424,"profit":14094.47509765625,"revenue_change_pct":-40.0,"units_change_pct":-46.6,"margin_change_pts":10.9},{"period":"2026-01","revenue":13431.474609375,"cost":6175.374755859375,"margin":54.0,"units":282,"transactions":222,"profit":7256.099853515625,"revenue_change_pct":-47.6,"units_change_pct":-46.0,"margin_change_pts":-0.9}]}