{"brand":"PRESSURE","date_range":"2024-01-01 00:00:00 to 2026-01-31 00:00:00","period_label":"All Time","summary":{"total_units":4330,"total_revenue":212324.8046875,"total_cost":103646.6015625,"total_discounts":57387.7001953125,"total_profit":108678.203125,"overall_margin":51.20000076293945,"fp_margin":60.70000076293945,"disc_margin":44.900001525878906,"pct_full_price":39.900001525878906,"avg_discount_rate":21.299999237060547,"fp_revenue":84725.0,"disc_revenue":127599.8046875,"unique_customers":2546,"brand":"PRESSURE","date_range":"2024-01-01 00:00:00 to 2026-01-31 00:00:00","months_count":14,"avg_monthly_cost":14806.65,"cost_per_unit":47.875,"primary_category":"DISPOSABLE VAPE","primary_cat_margin":52.79999923706055,"category_rank":25,"category_total":35,"margin_vs_category":-1.600000023841858,"velocity_rank":26},"category_breakdown":[{"category_clean":"DISPOSABLE VAPE","units":2488,"revenue":114772.67578125,"cost":58520.2978515625,"profit":56252.373046875,"discounts":25177.32421875,"margin":49.0,"category_avg_margin":52.79999923706055,"vs_category":-3.8,"rank":25.0,"total_brands":35.0},{"category_clean":"CONCENTRATE","units":1842,"revenue":97552.12890625,"cost":45126.298828125,"profit":52425.8251953125,"discounts":32210.3759765625,"margin":53.70000076293945,"category_avg_margin":45.900001525878906,"vs_category":7.8,"rank":10.0,"total_brands":27.0}],"trend":[{"period":"2025-07","revenue":28944.3994140625,"cost":14862.5,"margin":48.7,"units":618,"transactions":498,"profit":14081.8994140625,"revenue_change_pct":null,"units_change_pct":null,"margin_change_pts":null},{"period":"2025-08","revenue":38056.72607421875,"cost":18831.25,"margin":50.5,"units":754,"transactions":540,"profit":19225.474853515625,"revenue_change_pct":31.5,"units_change_pct":22.0,"margin_change_pts":1.9},{"period":"2025-09","revenue":23802.80029296875,"cost":10557.650146484375,"margin":55.6,"units":442,"transactions":340,"profit":13245.150146484375,"revenue_change_pct":-37.5,"units_change_pct":-41.4,"margin_change_pts":5.1},{"period":"2025-10","revenue":39691.0009765625,"cost":17737.650146484375,"margin":55.3,"units":734,"transactions":586,"profit":21953.349609375,"revenue_change_pct":66.7,"units_change_pct":66.1,"margin_change_pts":-0.3},{"period":"2025-11","revenue":42748.3984375,"cost":23926.650390625,"margin":44.0,"units":978,"transactions":644,"profit":18821.75048828125,"revenue_change_pct":7.7,"units_change_pct":33.2,"margin_change_pts":-11.3},{"period":"2025-12","revenue":25650.0,"cost":11555.52490234375,"margin":54.9,"units":522,"transactions":424,"profit":14094.47509765625,"revenue_change_pct":-40.0,"units_change_pct":-46.6,"margin_change_pts":10.9},{"period":"2026-01","revenue":13431.474609375,"cost":6175.374755859375,"margin":54.0,"units":282,"transactions":222,"profit":7256.099853515625,"revenue_change_pct":-47.6,"units_change_pct":-46.0,"margin_change_pts":-0.9}],"share_of_category":[{"category":"DISPOSABLE VAPE","brand_revenue":114772.67578125,"category_revenue":30552405.0,"revenue_share_pct":0.4000000059604645,"brand_units":2488,"category_units":756548,"units_share_pct":0.3},{"category":"CONCENTRATE","brand_revenue":97552.12890625,"category_revenue":7866357.5,"revenue_share_pct":1.2000000476837158,"brand_units":1842,"category_units":316632,"units_share_pct":0.6}],"share_of_category_trend":{"DISPOSABLE VAPE":[{"period":"2024-01","brand_revenue":0.0,"category_revenue":933474.921875,"share_pct":0.0},{"period":"2024-02","brand_revenue":0.0,"category_revenue":877782.109375,"share_pct":0.0},{"period":"2024-03","brand_revenue":0.0,"category_revenue":990692.03125,"share_pct":0.0},{"period":"2024-04","brand_revenue":0.0,"category_revenue":971952.1875,"share_pct":0.0},{"period":"2024-05","brand_revenue":0.0,"category_revenue":1035100.46875,"share_pct":0.0},{"period":"2024-06","brand_revenue":0.0,"category_revenue":1039794.21875,"share_pct":0.0},{"period":"2024-07","brand_revenue":0.0,"category_revenue":1081636.5625,"share_pct":0.0},{"period":"2024-08","brand_revenue":0.0,"category_revenue":1098658.125,"share_pct":0.0},{"period":"2024-09","brand_revenue":0.0,"category_revenue":1056394.53125,"share_pct":0.0},{"period":"2024-10","brand_revenue":0.0,"category_revenue":1197041.171875,"share_pct":0.0},{"period":"2024-11","brand_revenue":0.0,"category_revenue":1193980.234375,"share_pct":0.0},{"period":"2024-12","brand_revenue":0.0,"category_revenue":1222008.984375,"share_pct":0.0},{"period":"2025-01","brand_revenue":0.0,"category_revenue":1100552.421875,"share_pct":0.0},{"period":"2025-02","brand_revenue":0.0,"category_revenue":1167271.25,"share_pct":0.0},{"period":"2025-03","brand_revenue":0.0,"category_revenue":1348856.71875,"share_pct":0.0},{"period":"2025-04","brand_revenue":0.0,"category_revenue":1414639.84375,"share_pct":0.0},{"period":"2025-05","brand_revenue":0.0,"category_revenue":1460588.4375,"share_pct":0.0},{"period":"2025-06","brand_revenue":0.0,"category_revenue":1320852.96875,"share_pct":0.0},{"period":"2025-07","brand_revenue":14801.875,"category_revenue":1451194.84375,"share_pct":1.0},{"period":"2025-08","brand_revenue":19774.224853515625,"category_revenue":1403520.625,"share_pct":1.399999976158142},{"period":"2025-09","brand_revenue":13223.499755859375,"category_revenue":1317518.125,"share_pct":1.0},{"period":"2025-10","brand_revenue":25489.7509765625,"category_revenue":1511693.75,"share_pct":1.7000000476837158},{"period":"2025-11","brand_revenue":21699.5751953125,"category_revenue":1481709.21875,"share_pct":1.5},{"period":"2025-12","brand_revenue":13551.25,"category_revenue":1476896.875,"share_pct":0.8999999761581421},{"period":"2026-01","brand_revenue":6232.5,"category_revenue":1398594.84375,"share_pct":0.4000000059604645}],"CONCENTRATE":[{"period":"2024-01","brand_revenue":0.0,"category_revenue":351129.609375,"share_pct":0.0},{"period":"2024-02","brand_revenue":0.0,"category_revenue":371224.4921875,"share_pct":0.0},{"period":"2024-03","brand_revenue":0.0,"category_revenue":375964.296875,"share_pct":0.0},{"period":"2024-04","brand_revenue":0.0,"category_revenue":352745.859375,"share_pct":0.0},{"period":"2024-05","brand_revenue":0.0,"category_revenue":346027.5,"share_pct":0.0},{"period":"2024-06","brand_revenue":0.0,"category_revenue":310723.3984375,"share_pct":0.0},{"period":"2024-07","brand_revenue":0.0,"category_revenue":336220.078125,"share_pct":0.0},{"period":"2024-08","brand_revenue":0.0,"category_revenue":324004.04296875,"share_pct":0.0},{"period":"2024-09","brand_revenue":0.0,"category_revenue":326834.1796875,"share_pct":0.0},{"period":"2024-10","brand_revenue":0.0,"category_revenue":324500.859375,"share_pct":0.0},{"period":"2024-11","brand_revenue":0.0,"category_revenue":351240.0390625,"share_pct":0.0},{"period":"2024-12","brand_revenue":0.0,"category_revenue":324145.4296875,"share_pct":0.0},{"period":"2025-01","brand_revenue":0.0,"category_revenue":325749.19921875,"share_pct":0.0},{"period":"2025-02","brand_revenue":0.0,"category_revenue":300499.0234375,"share_pct":0.0},{"period":"2025-03","brand_revenue":0.0,"category_revenue":298171.5234375,"share_pct":0.0},{"period":"2025-04","brand_revenue":0.0,"category_revenue":343355.625,"share_pct":0.0},{"period":"2025-05","brand_revenue":0.0,"category_revenue":288836.62109375,"share_pct":0.0},{"period":"2025-06","brand_revenue":0.0,"category_revenue":280928.33984375,"share_pct":0.0},{"period":"2025-07","brand_revenue":14142.5244140625,"category_revenue":283604.1796875,"share_pct":5.0},{"period":"2025-08","brand_revenue":18282.5,"category_revenue":274773.76953125,"share_pct":6.699999809265137},{"period":"2025-09","brand_revenue":10579.300537109375,"category_revenue":264599.19921875,"share_pct":4.0},{"period":"2025-10","brand_revenue":14201.25,"category_revenue":277515.46875,"share_pct":5.099999904632568},{"period":"2025-11","brand_revenue":21048.82568359375,"category_revenue":295773.3203125,"share_pct":7.099999904632568},{"period":"2025-12","brand_revenue":12098.75,"category_revenue":267042.05078125,"share_pct":4.5},{"period":"2026-01","brand_revenue":7198.9752197265625,"category_revenue":270749.70703125,"share_pct":2.700000047683716}]},"discount_depth":[{"tier":"0% (Full Price)","transactions":1350,"pct_of_transactions":33.9,"revenue":84725.0,"avg_discount":0.0},{"tier":"1-10%","transactions":138,"pct_of_transactions":3.5,"revenue":9655.549926757812,"avg_discount":20.0},{"tier":"11-20%","transactions":226,"pct_of_transactions":5.7,"revenue":14791.07421875,"avg_discount":26.200000762939453},{"tier":"21-30%","transactions":386,"pct_of_transactions":9.7,"revenue":18506.25,"avg_discount":50.599998474121094},{"tier":"31%+","transactions":542,"pct_of_transactions":13.6,"revenue":20973.17626953125,"avg_discount":98.4000015258789}],"velocity":{"units_per_day":21.02,"revenue_per_day":1030.6999969482422,"avg_units_per_txn":2.66,"days_of_data":206,"total_units":4330,"total_transactions":3254},"velocity_by_category":[{"category":"CONCENTRATE","brand_units_per_day":2.42,"category_avg_units_per_day":15.38,"velocity_index":15.7,"brand_rev_per_unit":42.37,"category_rev_per_unit":19.88,"brands_in_category":27},{"category":"DISPOSABLE VAPE","brand_units_per_day":3.26,"category_avg_units_per_day":28.36,"velocity_index":11.5,"brand_rev_per_unit":36.9,"category_rev_per_unit":32.31,"brands_in_category":35}],"deals":[{"deal_name":"Industry 30% Off","times_used":706,"units":853.3333333333334,"revenue":38632.48333056768,"discounts":16946.683333714802,"cost":21153.141666661635,"profit":17479.34166158239,"pre_discount_revenue":55579.16666666667,"margin":45.2,"avg_discount":61.0},{"deal_name":"50% Off - G2B","times_used":260,"units":457.0,"revenue":15240.974999666214,"discounts":15346.525001525879,"cost":11184.124999991618,"profit":4056.8499958515167,"pre_discount_revenue":30587.5,"margin":26.6,"avg_discount":100.4},{"deal_name":"Pressure - 25% Off","times_used":246,"units":294.0,"revenue":13169.375,"discounts":4530.625,"cost":6586.562499993015,"profit":6582.812492847443,"pre_discount_revenue":17700.0,"margin":50.0,"avg_discount":51.2},{"deal_name":"Pressure - 30% Off","times_used":126,"units":158.0,"revenue":6340.0,"discounts":2735.0,"cost":3717.5,"profit":2622.5,"pre_discount_revenue":9075.0,"margin":41.4,"avg_discount":60.2},{"deal_name":"Pressure - 30% Off (Rosin / LR)","times_used":90,"units":110.0,"revenue":4643.75,"discounts":1993.75,"cost":2622.5,"profit":2021.25,"pre_discount_revenue":6637.5,"margin":43.5,"avg_discount":60.0},{"deal_name":"Employee 30% - NOT FRIDAYS","times_used":48,"units":54.0,"revenue":2266.25,"discounts":971.25,"cost":1257.5,"profit":1008.75,"pre_discount_revenue":3237.5,"margin":44.5,"avg_discount":60.0},{"deal_name":"Pressure / Trichome- Rosin Disposables - 2 for $80","times_used":46,"units":84.0,"revenue":4200.0,"discounts":525.0,"cost":1995.0,"profit":2205.0,"pre_discount_revenue":4725.0,"margin":52.5,"avg_discount":22.2},{"deal_name":"LVAC - 25% Off","times_used":40,"units":51.0,"revenue":2318.75,"discounts":781.25,"cost":971.374999997206,"profit":1347.374997138977,"pre_discount_revenue":3100.0,"margin":58.1,"avg_discount":50.4},{"deal_name":"30% Off Special","times_used":36,"units":40.0,"revenue":2397.5,"discounts":1027.5,"cost":1225.0,"profit":1172.5,"pre_discount_revenue":3425.0,"margin":48.9,"avg_discount":60.0},{"deal_name":"Senior - 10% Off","times_used":34,"units":80.0,"revenue":4713.75,"discounts":523.75,"cost":1988.75,"profit":2725.0,"pre_discount_revenue":5237.5,"margin":57.8,"avg_discount":20.0},{"deal_name":"Employee - 40% OFF","times_used":32,"units":42.0,"revenue":1642.5,"discounts":1095.0,"cost":1010.0,"profit":632.5,"pre_discount_revenue":2737.5,"margin":38.5,"avg_discount":80.0},{"deal_name":"Pressure - 1g Rosin - $50","times_used":30,"units":32.0,"revenue":2000.0,"discounts":800.0,"cost":1000.0,"profit":1000.0,"pre_discount_revenue":2800.0,"margin":50.0,"avg_discount":57.2},{"deal_name":"Store Credit - $25","times_used":20,"units":14.333333333333334,"revenue":535.145829518636,"discounts":425.2708329757054,"cost":355.41666666666663,"profit":179.7291652361552,"pre_discount_revenue":960.4166666666665,"margin":33.6,"avg_discount":88.6},{"deal_name":"Veterans - 10% Off","times_used":20,"units":22.0,"revenue":1147.5,"discounts":127.5,"cost":480.0249999994412,"profit":667.475004196167,"pre_discount_revenue":1275.0,"margin":58.2,"avg_discount":20.0},{"deal_name":"Jackpot - Locals 30% Off","times_used":16,"units":18.0,"revenue":717.5,"discounts":307.5,"cost":402.5,"profit":315.0,"pre_discount_revenue":1025.0,"margin":43.9,"avg_discount":60.0},{"deal_name":"Store Credit - $15","times_used":16,"units":13.333333333333334,"revenue":529.8958333333333,"discounts":324.27083333333337,"cost":341.66666666666663,"profit":188.22916666666669,"pre_discount_revenue":854.1666666666667,"margin":35.5,"avg_discount":76.0},{"deal_name":"Senior / Veterans - 20% Off","times_used":8,"units":10.0,"revenue":480.0,"discounts":120.0,"cost":185.0249999994412,"profit":294.975004196167,"pre_discount_revenue":600.0,"margin":61.5,"avg_discount":40.0},{"deal_name":"Sammy Davis Early Bird - 15% Off","times_used":6,"units":6.0,"revenue":276.25,"discounts":48.75,"cost":132.5,"profit":143.75,"pre_discount_revenue":325.0,"margin":52.0,"avg_discount":30.0},{"deal_name":"Store Credit - $100","times_used":4,"units":5.0,"revenue":74.29999947547913,"discounts":238.20000648498535,"cost":126.25,"profit":-51.950000524520874,"pre_discount_revenue":312.5,"margin":-69.9,"avg_discount":152.4},{"deal_name":"Store Credit - $50","times_used":4,"units":6.0,"revenue":179.24999952316284,"discounts":127.00000047683716,"cost":98.7624999997206,"profit":80.48749968409538,"pre_discount_revenue":306.25,"margin":44.9,"avg_discount":83.0},{"deal_name":"Reno - Early Bird - Senior / Veterans - 20%","times_used":2,"units":2.0,"revenue":90.0,"discounts":22.5,"cost":47.5,"profit":42.5,"pre_discount_revenue":112.5,"margin":47.2,"avg_discount":40.0},{"deal_name":"Store Credit - $75","times_used":2,"units":6.0,"revenue":150.0,"discounts":187.5,"cost":142.5,"profit":7.5,"pre_discount_revenue":337.5,"margin":5.0,"avg_discount":111.2}],"top_products":[{"product":"GRAPE CADILLAC LIVE ROSIN DISPOSABLE VAPE - PRESSURE","units":474,"revenue":22394.775390625,"cost":11257.5,"profit":11137.275390625,"transactions":454,"margin":49.70000076293945},{"product":"RAINBOW GAS LIVE ROSIN DISPOSABLE VAPE - PRESSURE","units":290,"revenue":14187.874755859375,"cost":6317.80029296875,"profit":7870.0750732421875,"transactions":274,"margin":55.5},{"product":"CRANBERRY ZKITTLEZ LIVE ROSIN BADDER - PRESSURE","units":254,"revenue":13834.375,"cost":6662.5,"profit":7171.875,"transactions":224,"margin":51.79999923706055},{"product":"SNOWBALL 89 LIVE ROSIN BADDER - PRESSURE","units":262,"revenue":12880.0244140625,"cost":6012.5,"profit":6867.5250244140625,"transactions":244,"margin":53.29999923706055},{"product":"GREEN GLOVE LIVE ROSIN DISPOSABLE VAPE - PRESSURE","units":230,"revenue":10266.25,"cost":5462.5,"profit":4803.75,"transactions":220,"margin":46.79999923706055},{"product":"TROP CHERRY LIVE ROSIN DISPOSABLE VAPE - PRESSURE","units":198,"revenue":9686.25,"cost":4702.5,"profit":4983.75,"transactions":190,"margin":51.5},{"product":"ZEALOUSY LIVE ROSIN DISPOSABLE VAPE - PRESSURE","units":194,"revenue":9665.92529296875,"cost":4607.5,"profit":5058.424987792969,"transactions":182,"margin":52.29999923706055},{"product":"CADILLAC RAINBOW LIVE ROSIN DISPOSABLE VAPE - PRESSURE","units":190,"revenue":9279.425048828125,"cost":4512.5,"profit":4766.925048828125,"transactions":182,"margin":51.400001525878906},{"product":"CRAN ZEE 89 LIVE ROSIN DISPOSABLE VAPE - PRESSURE","units":196,"revenue":8340.0,"cost":4655.0,"profit":3685.0,"transactions":190,"margin":44.20000076293945},{"product":"GRAPE SNOW CONE LIVE ROSIN DISPOSABLE VAPE - PRESSURE","units":178,"revenue":8206.124877929688,"cost":4227.5,"profit":3978.6248779296875,"transactions":170,"margin":48.5},{"product":"BTY OG LIVE ROSIN DISPOSABLE VAPE - PRESSURE","units":184,"revenue":7901.875,"cost":4370.0,"profit":3531.875,"transactions":180,"margin":44.70000076293945},{"product":"LEMON SNOWBALL LIVE ROSIN BADDER - PRESSURE","units":122,"revenue":7683.75,"cost":3812.5,"profit":3871.25,"transactions":106,"margin":50.400001525878906},{"product":"RUBY VIOLET LIVE ROSIN DISPOSABLE VAPE - PRESSURE","units":186,"revenue":7467.2998046875,"cost":4417.5,"profit":3049.8001098632812,"transactions":174,"margin":40.79999923706055},{"product":"RUBY VIOLET LIVE ROSIN BADDER - PRESSURE","units":100,"revenue":6923.75,"cost":3125.0,"profit":3798.75,"transactions":84,"margin":54.900001525878906},{"product":"SNOWBALL Z LIVE ROSIN BADDER - PRESSURE","units":146,"revenue":5865.4248046875,"cost":2887.5,"profit":2977.9251098632812,"transactions":118,"margin":50.79999923706055},{"product":"BLACK AMBER LIVE ROSIN BADDER - PRESSURE","units":80,"revenue":5447.5,"cost":2500.0,"profit":2947.5,"transactions":64,"margin":54.099998474121094},{"product":"LEMON SNOW CONE LIVE ROSIN BADDER - PRESSURE","units":118,"revenue":5183.0499267578125,"cost":2462.5,"profit":2720.5499267578125,"transactions":106,"margin":52.5},{"product":"RAINBOW BELTZ LIVE ROSIN BADDER - PRESSURE","units":70,"revenue":4695.0,"cost":2187.5,"profit":2507.5,"transactions":64,"margin":53.400001525878906},{"product":"AFRICAN MAGIC LIVE ROSIN BADDER - PRESSURE","units":70,"revenue":4620.0,"cost":2187.5,"profit":2432.5,"transactions":58,"margin":52.70000076293945},{"product":"LEMON SNOWBALL LIVE ROSIN DISPOSABLE VAPE - PRESSURE","units":98,"revenue":4483.125,"cost":2327.5,"profit":2155.625,"transactions":90,"margin":48.099998474121094},{"product":"BTY OG LIVE ROSIN BADDER - PRESSURE","units":70,"revenue":4343.2000732421875,"cost":2187.5,"profit":2155.7000732421875,"transactions":60,"margin":49.599998474121094},{"product":"GRAPE CANYONZ LIVE ROSIN BADDER - PRESSURE","units":94,"revenue":4179.800109863281,"cost":2012.5,"profit":2167.2999572753906,"transactions":86,"margin":51.900001525878906},{"product":"ZEALOUSY LIVE ROSIN BADDER - PRESSURE","units":78,"revenue":3686.25,"cost":1912.5,"profit":1773.75,"transactions":64,"margin":48.099998474121094},{"product":"SHADY APPLES LIVE ROSIN BADDER - PRESSURE","units":52,"revenue":3578.75,"cost":1625.0,"profit":1953.75,"transactions":44,"margin":54.599998474121094},{"product":"OREGON HASH PLANT LIVE ROSIN BADDER - PRESSURE","units":60,"revenue":2957.5,"cost":1500.0,"profit":1457.5,"transactions":54,"margin":49.29999923706055}],"products_by_store":{"Elevation Springs":[{"product":"GRAPE CADILLAC LIVE ROSIN DISPOSABLE VAPE - PRESSURE","units":168,"revenue":7532.8997802734375,"cost":3990.0,"profit":3542.9000854492188,"transactions":162,"margin":47.0},{"product":"RAINBOW GAS LIVE ROSIN DISPOSABLE VAPE - PRESSURE","units":104,"revenue":5052.5,"cost":2375.050048828125,"profit":2677.449951171875,"transactions":102,"margin":53.0},{"product":"SNOWBALL 89 LIVE ROSIN BADDER - PRESSURE","units":80,"revenue":4612.5,"cost":2125.0,"profit":2487.5,"transactions":78,"margin":53.900001525878906},{"product":"CRANBERRY ZKITTLEZ LIVE ROSIN BADDER - PRESSURE","units":62,"revenue":3662.5,"cost":1812.5,"profit":1850.0,"transactions":58,"margin":50.5},{"product":"LEMON SNOWBALL LIVE ROSIN BADDER - PRESSURE","units":48,"revenue":2875.0,"cost":1500.0,"profit":1375.0,"transactions":44,"margin":47.79999923706055},{"product":"BTY OG LIVE ROSIN DISPOSABLE VAPE - PRESSURE","units":68,"revenue":2818.125,"cost":1615.0,"profit":1203.125,"transactions":68,"margin":42.70000076293945},{"product":"DIA DE LOS MUERTOS LIVE ROSIN BADDER - PRESSURE","units":46,"revenue":2435.0,"cost":1437.5,"profit":997.5,"transactions":34,"margin":41.0},{"product":"TROP CHERRY LIVE ROSIN DISPOSABLE VAPE - PRESSURE","units":48,"revenue":2203.75,"cost":1140.0,"profit":1063.75,"transactions":46,"margin":48.29999923706055},{"product":"CRAN ZEE 89 LIVE ROSIN DISPOSABLE VAPE - PRESSURE","units":50,"revenue":2130.625,"cost":1187.5,"profit":943.125,"transactions":50,"margin":44.29999923706055},{"product":"ZEALOUSY LIVE ROSIN DISPOSABLE VAPE - PRESSURE","units":40,"revenue":1940.0,"cost":950.0,"profit":990.0,"transactions":36,"margin":51.0},{"product":"RUBY VIOLET LIVE ROSIN DISPOSABLE VAPE - PRESSURE","units":48,"revenue":1929.1749572753906,"cost":1140.0,"profit":789.1750335693359,"transactions":48,"margin":40.900001525878906},{"product":"CADILLAC RAINBOW LIVE ROSIN DISPOSABLE VAPE - PRESSURE","units":40,"revenue":1926.25,"cost":950.0,"profit":976.25,"transactions":38,"margin":50.70000076293945},{"product":"LEMON SNOW CONE LIVE ROSIN BADDER - PRESSURE","units":40,"revenue":1723.0499267578125,"cost":750.0,"profit":973.0500030517578,"transactions":38,"margin":56.5},{"product":"RUBY VIOLET LIVE ROSIN BADDER - PRESSURE","units":20,"revenue":1505.0,"cost":625.0,"profit":880.0,"transactions":18,"margin":58.5},{"product":"RAINBOW BELTZ LIVE ROSIN BADDER - PRESSURE","units":20,"revenue":1487.5,"cost":625.0,"profit":862.5,"transactions":20,"margin":58.0}],"Elevation Mesa":[{"product":"CRANBERRY ZKITTLEZ LIVE ROSIN BADDER - PRESSURE","units":70,"revenue":3698.125,"cost":1937.5,"profit":1760.625,"transactions":60,"margin":47.599998474121094},{"product":"AFRICAN MAGIC LIVE ROSIN BADDER - PRESSURE","units":50,"revenue":3220.0,"cost":1562.5,"profit":1657.5,"transactions":40,"margin":51.5},{"product":"GRAPE CADILLAC LIVE ROSIN DISPOSABLE VAPE - PRESSURE","units":58,"revenue":2425.0,"cost":1377.5,"profit":1047.5,"transactions":58,"margin":43.20000076293945},{"product":"RUBY VIOLET LIVE ROSIN DISPOSABLE VAPE - PRESSURE","units":56,"revenue":2378.125,"cost":1330.0,"profit":1048.125,"transactions":54,"margin":44.099998474121094},{"product":"RAINBOW GAS LIVE ROSIN DISPOSABLE VAPE - PRESSURE","units":54,"revenue":2356.25,"cost":1187.5499725341797,"profit":1168.7000274658203,"transactions":44,"margin":49.599998474121094},{"product":"CRAN ZEE 89 LIVE ROSIN DISPOSABLE VAPE - PRESSURE","units":54,"revenue":2290.625,"cost":1282.5,"profit":1008.125,"transactions":54,"margin":44.0},{"product":"RUBY VIOLET LIVE ROSIN BADDER - PRESSURE","units":40,"revenue":2283.75,"cost":1250.0,"profit":1033.75,"transactions":38,"margin":45.29999923706055},{"product":"CADILLAC RAINBOW LIVE ROSIN DISPOSABLE VAPE - PRESSURE","units":48,"revenue":2111.925048828125,"cost":1140.0,"profit":971.9249725341797,"transactions":48,"margin":46.0},{"product":"TROP CHERRY LIVE ROSIN DISPOSABLE VAPE - PRESSURE","units":44,"revenue":2047.5,"cost":1045.0,"profit":1002.5,"transactions":44,"margin":49.0},{"product":"ZEALOUSY LIVE ROSIN DISPOSABLE VAPE - PRESSURE","units":44,"revenue":1959.6749877929688,"cost":1045.0,"profit":914.6749877929688,"transactions":44,"margin":46.70000076293945},{"product":"GREEN GLOVE LIVE ROSIN DISPOSABLE VAPE - PRESSURE","units":48,"revenue":1915.0,"cost":1140.0,"profit":775.0,"transactions":44,"margin":40.5},{"product":"RAINBOW BELTZ LIVE ROSIN BADDER - PRESSURE","units":30,"revenue":1665.0,"cost":937.5,"profit":727.5,"transactions":28,"margin":43.70000076293945},{"product":"LEMON SNOWBALL LIVE ROSIN BADDER - PRESSURE","units":30,"revenue":1660.0,"cost":937.5,"profit":722.5,"transactions":26,"margin":43.5},{"product":"KUSH MINTS LIVE ROSIN DISPOSABLE VAPE - PRESSURE","units":40,"revenue":1645.0,"cost":950.0,"profit":695.0,"transactions":38,"margin":42.20000076293945},{"product":"BTY OG LIVE ROSIN DISPOSABLE VAPE - PRESSURE","units":38,"revenue":1620.0,"cost":902.5,"profit":717.5,"transactions":38,"margin":44.29999923706055}],"Elevation Oasis":[{"product":"TROP CHERRY LIVE ROSIN DISPOSABLE VAPE - PRESSURE","units":50,"revenue":2670.0,"cost":1187.5,"profit":1482.5,"transactions":46,"margin":55.5},{"product":"ZEALOUSY LIVE ROSIN DISPOSABLE VAPE - PRESSURE","units":50,"revenue":2601.25,"cost":1187.5,"profit":1413.75,"transactions":48,"margin":54.29999923706055},{"product":"CADILLAC RAINBOW LIVE ROSIN DISPOSABLE VAPE - PRESSURE","units":48,"revenue":2428.75,"cost":1140.0,"profit":1288.75,"transactions":44,"margin":53.099998474121094},{"product":"GRAPE SNOW CONE LIVE ROSIN DISPOSABLE VAPE - PRESSURE","units":40,"revenue":1878.75,"cost":950.0,"profit":928.75,"transactions":34,"margin":49.400001525878906},{"product":"GREEN GLOVE LIVE ROSIN DISPOSABLE VAPE - PRESSURE","units":40,"revenue":1777.5,"cost":950.0,"profit":827.5,"transactions":38,"margin":46.599998474121094},{"product":"CRANBERRY ZKITTLEZ LIVE ROSIN BADDER - PRESSURE","units":38,"revenue":1650.0,"cost":712.5,"profit":937.5,"transactions":34,"margin":56.79999923706055},{"product":"RUBY VIOLET LIVE ROSIN BADDER - PRESSURE","units":20,"revenue":1560.0,"cost":625.0,"profit":935.0,"transactions":18,"margin":59.900001525878906},{"product":"BLACK AMBER LIVE ROSIN BADDER - PRESSURE","units":20,"revenue":1545.0,"cost":625.0,"profit":920.0,"transactions":20,"margin":59.5},{"product":"SUPER BOOF LIVE ROSIN BADDER - PRESSURE","units":30,"revenue":1310.0,"cost":543.75,"profit":766.25,"transactions":24,"margin":58.5},{"product":"SNOWBALL Z LIVE ROSIN BADDER - PRESSURE","units":32,"revenue":1230.0,"cost":750.0,"profit":480.0,"transactions":28,"margin":39.0},{"product":"SNOWBALL 89 LIVE ROSIN BADDER - PRESSURE","units":30,"revenue":1130.0,"cost":562.5,"profit":567.5,"transactions":30,"margin":50.20000076293945},{"product":"GRAPE CADILLAC LIVE ROSIN DISPOSABLE VAPE - PRESSURE","units":20,"revenue":1100.0,"cost":475.0,"profit":625.0,"transactions":18,"margin":56.79999923706055},{"product":"LEMON SNOW CONE LIVE ROSIN BADDER - PRESSURE","units":20,"revenue":1065.0,"cost":625.0,"profit":440.0,"transactions":20,"margin":41.29999923706055},{"product":"ZEALOUSY LIVE ROSIN BADDER - PRESSURE","units":20,"revenue":1041.25,"cost":625.0,"profit":416.25,"transactions":18,"margin":40.0},{"product":"CRAN ZEE 89 LIVE ROSIN DISPOSABLE VAPE - PRESSURE","units":20,"revenue":887.5,"cost":475.0,"profit":412.5,"transactions":18,"margin":46.5}],"Elevation Midtown":[{"product":"GRAPE CADILLAC LIVE ROSIN DISPOSABLE VAPE - PRESSURE","units":64,"revenue":3050.625,"cost":1520.0,"profit":1530.625,"transactions":60,"margin":50.20000076293945},{"product":"RAINBOW GAS LIVE ROSIN DISPOSABLE VAPE - PRESSURE","units":54,"revenue":2677.5,"cost":1092.6000213623047,"profit":1584.9000549316406,"transactions":52,"margin":59.20000076293945},{"product":"SHADY APPLES LIVE ROSIN BADDER - PRESSURE","units":38,"revenue":2598.75,"cost":1187.5,"profit":1411.25,"transactions":32,"margin":54.29999923706055},{"product":"TROP CHERRY LIVE ROSIN BADDER - PRESSURE","units":38,"revenue":2450.0,"cost":1187.5,"profit":1262.5,"transactions":30,"margin":51.5},{"product":"SNOWBALL Z LIVE ROSIN BADDER - PRESSURE","units":56,"revenue":2325.0,"cost":1050.0,"profit":1275.0,"transactions":32,"margin":54.79999923706055},{"product":"ZEALOUSY LIVE ROSIN BADDER - PRESSURE","units":38,"revenue":1765.0,"cost":925.0,"profit":840.0,"transactions":26,"margin":47.599998474121094},{"product":"GRAPE SNOW CONE LIVE ROSIN DISPOSABLE VAPE - PRESSURE","units":38,"revenue":1676.7500305175781,"cost":902.5,"profit":774.2500305175781,"transactions":38,"margin":46.20000076293945},{"product":"RUBY VIOLET LIVE ROSIN BADDER - PRESSURE","units":20,"revenue":1575.0,"cost":625.0,"profit":950.0,"transactions":10,"margin":60.29999923706055},{"product":"RAINBOW BELTZ LIVE ROSIN BADDER - PRESSURE","units":20,"revenue":1542.5,"cost":625.0,"profit":917.5,"transactions":16,"margin":59.5},{"product":"LEMON SNOWBALL LIVE ROSIN BADDER - PRESSURE","units":20,"revenue":1472.5,"cost":625.0,"profit":847.5,"transactions":12,"margin":57.599998474121094},{"product":"BTY OG LIVE ROSIN BADDER - PRESSURE","units":20,"revenue":1402.5,"cost":625.0,"profit":777.5,"transactions":10,"margin":55.400001525878906},{"product":"AFRICAN MAGIC LIVE ROSIN BADDER - PRESSURE","units":20,"revenue":1400.0,"cost":625.0,"profit":775.0,"transactions":18,"margin":55.400001525878906},{"product":"BLACK AMBER LIVE ROSIN BADDER - PRESSURE","units":20,"revenue":1387.5,"cost":625.0,"profit":762.5,"transactions":10,"margin":55.0},{"product":"GREEN GLOVE LIVE ROSIN DISPOSABLE VAPE - PRESSURE","units":30,"revenue":1302.5,"cost":712.5,"profit":590.0,"transactions":30,"margin":45.29999923706055},{"product":"SNOWBALL 89 LIVE ROSIN BADDER - PRESSURE","units":30,"revenue":1155.0250244140625,"cost":562.5,"profit":592.5249862670898,"transactions":24,"margin":51.29999923706055}],"Elevation Boulevard":[{"product":"GREEN GLOVE LIVE ROSIN DISPOSABLE VAPE - PRESSURE","units":50,"revenue":2256.25,"cost":1187.5,"profit":1068.75,"transactions":46,"margin":47.400001525878906},{"product":"GRAPE CADILLAC LIVE ROSIN DISPOSABLE VAPE - PRESSURE","units":36,"revenue":1645.625,"cost":855.0,"profit":790.625,"transactions":32,"margin":48.0},{"product":"BLACK AMBER LIVE ROSIN BADDER - PRESSURE","units":20,"revenue":1307.5,"cost":625.0,"profit":682.5,"transactions":18,"margin":52.20000076293945},{"product":"GRAPE CANYONZ LIVE ROSIN BADDER - PRESSURE","units":20,"revenue":1251.0499572753906,"cost":625.0,"profit":626.0499954223633,"transactions":20,"margin":50.0},{"product":"GRAPE SNOW CONE LIVE ROSIN DISPOSABLE VAPE - PRESSURE","units":30,"revenue":1246.875,"cost":712.5,"profit":534.375,"transactions":30,"margin":42.900001525878906},{"product":"BTY OG LIVE ROSIN BADDER - PRESSURE","units":20,"revenue":1220.0,"cost":625.0,"profit":595.0,"transactions":20,"margin":48.79999923706055},{"product":"OREGON HASH PLANT LIVE ROSIN BADDER - PRESSURE","units":20,"revenue":1208.75,"cost":625.0,"profit":583.75,"transactions":20,"margin":48.29999923706055},{"product":"SNOWBALL 89 LIVE ROSIN BADDER - PRESSURE","units":30,"revenue":1195.0,"cost":562.5,"profit":632.5,"transactions":30,"margin":52.900001525878906},{"product":"RAINBOW GAS LIVE ROSIN DISPOSABLE VAPE - PRESSURE","units":24,"revenue":1097.874984741211,"cost":475.05001068115234,"profit":622.8250122070312,"transactions":22,"margin":56.70000076293945},{"product":"LEMON SNOWBALL LIVE ROSIN BADDER - PRESSURE","units":14,"revenue":818.75,"cost":437.5,"profit":381.25,"transactions":14,"margin":46.599998474121094},{"product":"LEMON SNOW CONE LIVE ROSIN BADDER - PRESSURE","units":20,"revenue":795.0,"cost":375.0,"profit":420.0,"transactions":20,"margin":52.79999923706055},{"product":"SNOWBALL Z LIVE ROSIN BADDER - PRESSURE","units":20,"revenue":710.0,"cost":375.0,"profit":335.0,"transactions":20,"margin":47.20000076293945},{"product":"CRAN ZEE 89 LIVE ROSIN DISPOSABLE VAPE - PRESSURE","units":16,"revenue":567.5,"cost":380.0,"profit":187.5,"transactions":14,"margin":33.0},{"product":"KUSH MINTS LIVE ROSIN DISPOSABLE VAPE - PRESSURE","units":12,"revenue":506.25,"cost":285.0,"profit":221.25,"transactions":12,"margin":43.70000076293945},{"product":"KUSH MINTS LIVE ROSIN DISPOSABLE - PRESSURE","units":8,"revenue":348.75,"cost":190.0,"profit":158.75,"transactions":8,"margin":45.5}],"Elevation Parkway":[{"product":"GRAPE CADILLAC LIVE ROSIN DISPOSABLE VAPE - PRESSURE","units":128,"revenue":6640.625,"cost":3040.0,"profit":3600.625,"transactions":124,"margin":54.20000076293945},{"product":"CRANBERRY ZKITTLEZ LIVE ROSIN BADDER - PRESSURE","units":62,"revenue":4063.75,"cost":1787.5,"profit":2276.25,"transactions":54,"margin":56.0},{"product":"SNOWBALL 89 LIVE ROSIN BADDER - PRESSURE","units":62,"revenue":3747.5,"cost":1637.5,"profit":2110.0,"transactions":54,"margin":56.29999923706055},{"product":"LEMON SNOWBALL LIVE ROSIN DISPOSABLE VAPE - PRESSURE","units":66,"revenue":3245.625,"cost":1567.5,"profit":1678.125,"transactions":60,"margin":51.70000076293945},{"product":"RAINBOW GAS LIVE ROSIN DISPOSABLE VAPE - PRESSURE","units":50,"revenue":2778.75,"cost":1187.5,"profit":1591.25,"transactions":50,"margin":57.29999923706055},{"product":"ZEALOUSY LIVE ROSIN DISPOSABLE VAPE - PRESSURE","units":40,"revenue":2170.0,"cost":950.0,"profit":1220.0,"transactions":38,"margin":56.20000076293945},{"product":"BTY OG LIVE ROSIN DISPOSABLE VAPE - PRESSURE","units":42,"revenue":2137.5,"cost":997.5,"profit":1140.0,"transactions":42,"margin":53.29999923706055},{"product":"RUBY VIOLET LIVE ROSIN DISPOSABLE VAPE - PRESSURE","units":42,"revenue":2035.0,"cost":997.5,"profit":1037.5,"transactions":40,"margin":51.0},{"product":"CADILLAC RAINBOW LIVE ROSIN DISPOSABLE VAPE - PRESSURE","units":38,"revenue":2002.5,"cost":902.5,"profit":1100.0,"transactions":36,"margin":54.900001525878906},{"product":"CRAN ZEE 89 LIVE ROSIN DISPOSABLE VAPE - PRESSURE","units":42,"revenue":1968.75,"cost":997.5,"profit":971.25,"transactions":40,"margin":49.29999923706055},{"product":"GRAPE SNOW CONE LIVE ROSIN DISPOSABLE VAPE - PRESSURE","units":40,"revenue":1941.25,"cost":950.0,"profit":991.25,"transactions":38,"margin":51.099998474121094},{"product":"TROP CHERRY LIVE ROSIN DISPOSABLE VAPE - PRESSURE","units":38,"revenue":1855.0,"cost":902.5,"profit":952.5,"transactions":38,"margin":51.29999923706055},{"product":"GREEN GLOVE LIVE ROSIN DISPOSABLE VAPE - PRESSURE","units":30,"revenue":1620.0,"cost":712.5,"profit":907.5,"transactions":30,"margin":56.0},{"product":"BTY OG LIVE ROSIN BADDER - PRESSURE","units":18,"revenue":1251.25,"cost":562.5,"profit":688.75,"transactions":18,"margin":55.0},{"product":"SHADY APPLES LIVE ROSIN BADDER - PRESSURE","units":14,"revenue":980.0,"cost":437.5,"profit":542.5,"transactions":12,"margin":55.400001525878906}]},"store_summary":[{"store_clean":"Elevation Springs","units":972,"revenue":47921.376953125,"cost":24207.548828125,"profit":23713.82568359375,"discounts":13453.62548828125,"margin":49.5,"discount_rate":21.899999618530273},{"store_clean":"Elevation Parkway","units":786,"revenue":42383.75,"cost":19117.60009765625,"profit":23266.14990234375,"discounts":5641.25,"margin":54.900001525878906,"discount_rate":11.699999809265137},{"store_clean":"Elevation Mesa","units":916,"revenue":41470.1513671875,"cost":21991.59912109375,"profit":19478.5498046875,"discounts":16104.849853515625,"margin":47.0,"discount_rate":28.0},{"store_clean":"Elevation Midtown","units":722,"revenue":36312.39990234375,"cost":16748.074951171875,"profit":19564.324951171875,"discounts":9625.10009765625,"margin":53.900001525878906,"discount_rate":21.0},{"store_clean":"Elevation Oasis","units":574,"revenue":27331.95068359375,"cost":13134.05029296875,"profit":14197.900390625,"discounts":6843.0499267578125,"margin":51.900001525878906,"discount_rate":20.0},{"store_clean":"Elevation Boulevard","units":360,"revenue":16905.174560546875,"cost":8447.725219726562,"profit":8457.449951171875,"discounts":5719.8248291015625,"margin":50.0,"discount_rate":25.299999237060547}],"recommendations":[{"severity":"info","title":"VOLUME LEVERAGE","detail":"$84,930 revenue provides negotiating leverage.","action":"Use volume as leverage in next vendor meeting."}],"comparison":null}