{"brand":"CANYON RIM","date_range":"2024-01-01 00:00:00 to 2026-01-31 00:00:00","period_label":"All Time","summary":{"total_units":34,"total_revenue":945.5000305175781,"total_cost":470.0,"total_discounts":509.50000762939453,"total_profit":475.49999237060547,"overall_margin":50.29999923706055,"fp_margin":70.0,"disc_margin":44.099998474121094,"pct_full_price":23.799999237060547,"avg_discount_rate":35.0,"fp_revenue":225.0,"disc_revenue":720.5000305175781,"unique_customers":26,"brand":"CANYON RIM","date_range":"2024-01-01 00:00:00 to 2026-01-31 00:00:00","months_count":8,"avg_monthly_cost":117.5,"cost_per_unit":27.650000000000002,"primary_category":"APPAREL","primary_cat_margin":35.099998474121094,"category_rank":7,"category_total":8,"margin_vs_category":15.199999809265137,"velocity_rank":7},"category_breakdown":[{"category_clean":"APPAREL","units":24,"revenue":688.0000305175781,"cost":312.5,"profit":375.49999237060547,"discounts":297.00000762939453,"margin":54.599998474121094,"category_avg_margin":35.099998474121094,"vs_category":19.5,"rank":7.0,"total_brands":8.0},{"category_clean":"ACCESSORY","units":8,"revenue":172.5,"cost":90.0,"profit":82.5,"discounts":127.5,"margin":47.79999923706055,"category_avg_margin":61.099998474121094,"vs_category":-13.3,"rank":106.0,"total_brands":136.0}],"trend":[{"period":"2025-10","revenue":172.5,"cost":90.0,"margin":47.8,"units":8,"transactions":4,"profit":82.5,"revenue_change_pct":null,"units_change_pct":null,"margin_change_pts":null},{"period":"2025-11","revenue":87.5,"cost":45.0,"margin":48.6,"units":4,"transactions":4,"profit":42.5,"revenue_change_pct":-49.3,"units_change_pct":-50.0,"margin_change_pts":0.7},{"period":"2025-12","revenue":150.0,"cost":45.0,"margin":70.0,"units":4,"transactions":4,"profit":105.0,"revenue_change_pct":71.4,"units_change_pct":0,"margin_change_pts":21.4},{"period":"2026-01","revenue":535.4999923706055,"cost":290.0,"margin":45.8,"units":18,"transactions":16,"profit":245.49999237060547,"revenue_change_pct":257.0,"units_change_pct":350.0,"margin_change_pts":-24.2}],"share_of_category":[{"category":"APPAREL","brand_revenue":688.0000305175781,"category_revenue":37619.05029296875,"revenue_share_pct":1.7999999523162842,"brand_units":24,"category_units":1088,"units_share_pct":2.2},{"category":"ACCESSORY","brand_revenue":172.5,"category_revenue":4128754.0625,"revenue_share_pct":0.0,"brand_units":8,"category_units":2130096,"units_share_pct":0.0},{"category":0.0,"brand_revenue":0.0,"category_revenue":0.0,"revenue_share_pct":0.0,"brand_units":0,"category_units":0,"units_share_pct":0.0}],"share_of_category_trend":{"APPAREL":[{"period":"2024-01","brand_revenue":0.0,"category_revenue":300.0,"share_pct":0.0},{"period":"2024-02","brand_revenue":0.0,"category_revenue":837.5,"share_pct":0.0},{"period":"2024-03","brand_revenue":0.0,"category_revenue":1097.4250030517578,"share_pct":0.0},{"period":"2024-04","brand_revenue":0.0,"category_revenue":770.625,"share_pct":0.0},{"period":"2024-05","brand_revenue":0.0,"category_revenue":4345.0,"share_pct":0.0},{"period":"2024-06","brand_revenue":0.0,"category_revenue":5618.75,"share_pct":0.0},{"period":"2024-07","brand_revenue":0.0,"category_revenue":3827.5,"share_pct":0.0},{"period":"2024-08","brand_revenue":0.0,"category_revenue":822.5,"share_pct":0.0},{"period":"2024-09","brand_revenue":0.0,"category_revenue":810.0,"share_pct":0.0},{"period":"2024-10","brand_revenue":0.0,"category_revenue":493.75,"share_pct":0.0},{"period":"2024-11","brand_revenue":0.0,"category_revenue":2087.5,"share_pct":0.0},{"period":"2024-12","brand_revenue":0.0,"category_revenue":928.125,"share_pct":0.0},{"period":"2025-01","brand_revenue":0.0,"category_revenue":702.5,"share_pct":0.0},{"period":"2025-02","brand_revenue":0.0,"category_revenue":268.75,"share_pct":0.0},{"period":"2025-03","brand_revenue":0.0,"category_revenue":382.5,"share_pct":0.0},{"period":"2025-04","brand_revenue":0.0,"category_revenue":421.25,"share_pct":0.0},{"period":"2025-05","brand_revenue":0.0,"category_revenue":879.4999694824219,"share_pct":0.0},{"period":"2025-06","brand_revenue":0.0,"category_revenue":525.0,"share_pct":0.0},{"period":"2025-07","brand_revenue":0.0,"category_revenue":218.75,"share_pct":0.0},{"period":"2025-08","brand_revenue":0.0,"category_revenue":1616.25,"share_pct":0.0},{"period":"2025-09","brand_revenue":0.0,"category_revenue":920.0,"share_pct":0.0},{"period":"2025-10","brand_revenue":0.0,"category_revenue":1917.5,"share_pct":0.0},{"period":"2025-11","brand_revenue":87.5,"category_revenue":3255.3750610351562,"share_pct":2.700000047683716},{"period":"2025-12","brand_revenue":150.0,"category_revenue":2027.5,"share_pct":7.400000095367432},{"period":"2026-01","brand_revenue":450.49999237060547,"category_revenue":2545.500030517578,"share_pct":17.700000762939453}],"ACCESSORY":[{"period":"2024-01","brand_revenue":0.0,"category_revenue":153543.9453125,"share_pct":0.0},{"period":"2024-02","brand_revenue":0.0,"category_revenue":152399.47265625,"share_pct":0.0},{"period":"2024-03","brand_revenue":0.0,"category_revenue":154678.876953125,"share_pct":0.0},{"period":"2024-04","brand_revenue":0.0,"category_revenue":163353.65234375,"share_pct":0.0},{"period":"2024-05","brand_revenue":0.0,"category_revenue":179676.4453125,"share_pct":0.0},{"period":"2024-06","brand_revenue":0.0,"category_revenue":185008.828125,"share_pct":0.0},{"period":"2024-07","brand_revenue":0.0,"category_revenue":186675.46875,"share_pct":0.0},{"period":"2024-08","brand_revenue":0.0,"category_revenue":180226.328125,"share_pct":0.0},{"period":"2024-09","brand_revenue":0.0,"category_revenue":162386.298828125,"share_pct":0.0},{"period":"2024-10","brand_revenue":0.0,"category_revenue":166088.73046875,"share_pct":0.0},{"period":"2024-11","brand_revenue":0.0,"category_revenue":171706.09375,"share_pct":0.0},{"period":"2024-12","brand_revenue":0.0,"category_revenue":176502.03125,"share_pct":0.0},{"period":"2025-01","brand_revenue":0.0,"category_revenue":167261.34765625,"share_pct":0.0},{"period":"2025-02","brand_revenue":0.0,"category_revenue":155260.927734375,"share_pct":0.0},{"period":"2025-03","brand_revenue":0.0,"category_revenue":176420.390625,"share_pct":0.0},{"period":"2025-04","brand_revenue":0.0,"category_revenue":182694.82421875,"share_pct":0.0},{"period":"2025-05","brand_revenue":0.0,"category_revenue":179904.4921875,"share_pct":0.0},{"period":"2025-06","brand_revenue":0.0,"category_revenue":161148.75,"share_pct":0.0},{"period":"2025-07","brand_revenue":0.0,"category_revenue":165549.8046875,"share_pct":0.0},{"period":"2025-08","brand_revenue":0.0,"category_revenue":171752.05078125,"share_pct":0.0},{"period":"2025-09","brand_revenue":0.0,"category_revenue":168198.9453125,"share_pct":0.0},{"period":"2025-10","brand_revenue":172.5,"category_revenue":171844.55078125,"share_pct":0.10000000149011612},{"period":"2025-11","brand_revenue":0.0,"category_revenue":172839.74609375,"share_pct":0.0},{"period":"2025-12","brand_revenue":0.0,"category_revenue":141954.873046875,"share_pct":0.0},{"period":"2026-01","brand_revenue":0.0,"category_revenue":81677.1484375,"share_pct":0.0}]},"discount_depth":[{"tier":"0% (Full Price)","transactions":6,"pct_of_transactions":21.4,"revenue":225.0,"avg_discount":0.0},{"tier":"1-10%","transactions":0,"pct_of_transactions":0.0,"revenue":0.0,"avg_discount":0},{"tier":"11-20%","transactions":0,"pct_of_transactions":0.0,"revenue":0.0,"avg_discount":0},{"tier":"21-30%","transactions":4,"pct_of_transactions":14.3,"revenue":133.00000190734863,"avg_discount":60.0},{"tier":"31%+","transactions":14,"pct_of_transactions":50.0,"revenue":430.0,"avg_discount":97.19999694824219}],"velocity":{"units_per_day":0.3,"revenue_per_day":8.600000143051147,"avg_units_per_txn":2.42,"days_of_data":110,"total_units":34,"total_transactions":28},"velocity_by_category":[{"category":"APPAREL","brand_units_per_day":0.04,"category_avg_units_per_day":0.18,"velocity_index":17.6,"brand_rev_per_unit":22.93,"category_rev_per_unit":27.66,"brands_in_category":8},{"category":"ACCESSORY","brand_units_per_day":0.02,"category_avg_units_per_day":20.56,"velocity_index":0.1,"brand_rev_per_unit":17.25,"category_rev_per_unit":1.55,"brands_in_category":136},{"category":0.0,"brand_units_per_day":0.0,"category_avg_units_per_day":0,"velocity_index":0,"brand_rev_per_unit":0.0,"category_rev_per_unit":0.0,"brands_in_category":0}],"deals":[{"deal_name":"Jackpot - Locals 30% Off","times_used":2,"units":2.0,"revenue":66.50000095367432,"discounts":28.499999046325684,"cost":35.0,"profit":31.500000953674316,"pre_discount_revenue":95.0,"margin":47.4,"avg_discount":60.0}],"top_products":[{"product":"THRIVE HAT","units":32,"revenue":860.5000305175781,"cost":402.5,"profit":457.99999237060547,"transactions":26,"margin":53.20000076293945},{"product":"THRIVE JACKET ZIP-UP","units":2,"revenue":85.0,"cost":67.5,"profit":17.5,"transactions":2,"margin":20.600000381469727}],"products_by_store":{"Elevation Oasis":[{"product":"THRIVE HAT","units":32,"revenue":860.5000305175781,"cost":402.5,"profit":457.99999237060547,"transactions":26,"margin":53.20000076293945},{"product":"THRIVE JACKET ZIP-UP","units":2,"revenue":85.0,"cost":67.5,"profit":17.5,"transactions":2,"margin":20.600000381469727}]},"store_summary":[{"store_clean":"Elevation Oasis","units":34,"revenue":945.5000305175781,"cost":470.0,"profit":475.49999237060547,"discounts":509.50000762939453,"margin":50.29999923706055,"discount_rate":35.0}],"recommendations":[{"severity":"red","title":"ACCESSORY: BELOW CATEGORY AVERAGE","detail":"Margin (47.8%) is 13 pts below ACCESSORY average. Ranked #106 of 136. Strong case for cost negotiation.","action":"Request 7% cost reduction or evaluate alternative ACCESSORY brands."},{"severity":"red","title":"HIGH PROMOTION DEPENDENCY","detail":"Only 24% sells at full price. Heavy discounting required.","action":"Test reducing deal frequency \u2014 track velocity without promos."}],"comparison":null}