{"brand":"BANGERS","date_range":"2024-01-01 00:00:00 to 2026-01-31 00:00:00","period_label":"All Time","summary":{"total_units":6080,"total_revenue":157435.3515625,"total_cost":71579.423828125,"total_discounts":32564.6484375,"total_profit":85855.91796875,"overall_margin":54.5,"fp_margin":62.70000076293945,"disc_margin":46.5,"pct_full_price":49.70000076293945,"avg_discount_rate":17.100000381469727,"fp_revenue":78250.0,"disc_revenue":79185.3515625,"brand":"BANGERS","date_range":"2024-01-01 00:00:00 to 2026-01-31 00:00:00","primary_category":"INFUSED PRE ROLL","store_coverage":"7/7","stores_present":["Elevation Springs","Elevation Mesa","Elevation Oasis","Elevation Downtown","Elevation Midtown","Elevation Boulevard","Elevation Parkway"],"stores_missing":[],"velocity_rank":14,"velocity_total":25},"distribution":[{"store":"Elevation Springs","carries_brand":true,"sku_count":24,"revenue":32301.97509765625,"units":1284,"store_total_revenue":51138750.0,"brand_share_pct":0.10000000149011612},{"store":"Elevation Mesa","carries_brand":true,"sku_count":26,"revenue":20027.5,"units":770,"store_total_revenue":47532240.0,"brand_share_pct":0.0},{"store":"Elevation Oasis","carries_brand":true,"sku_count":22,"revenue":17169.82421875,"units":642,"store_total_revenue":56050145.0,"brand_share_pct":0.0},{"store":"Elevation Downtown","carries_brand":true,"sku_count":22,"revenue":14862.5,"units":594,"store_total_revenue":1945237.1875,"brand_share_pct":0.800000011920929},{"store":"Elevation Midtown","carries_brand":true,"sku_count":22,"revenue":31617.17529296875,"units":1212,"store_total_revenue":30850185.0,"brand_share_pct":0.10000000149011612},{"store":"Elevation Boulevard","carries_brand":true,"sku_count":20,"revenue":22128.22509765625,"units":884,"store_total_revenue":28757865.0,"brand_share_pct":0.10000000149011612},{"store":"Elevation Parkway","carries_brand":true,"sku_count":20,"revenue":19328.1494140625,"units":694,"store_total_revenue":21987007.5,"brand_share_pct":0.10000000149011612}],"share_of_category":[{"category":"INFUSED PRE ROLL","brand_revenue":84317.87109375,"category_revenue":10308101.25,"revenue_share_pct":0.800000011920929,"brand_units":3278,"category_units":488074,"units_share_pct":0.7},{"category":"INFUSED PACK","brand_revenue":73117.4755859375,"category_revenue":8259010.0,"revenue_share_pct":0.8999999761581421,"brand_units":2802,"category_units":240090,"units_share_pct":1.2}],"share_of_category_trend":{"INFUSED PRE ROLL":[{"period":"2024-01","brand_revenue":0.0,"category_revenue":410907.8515625,"share_pct":0.0},{"period":"2024-02","brand_revenue":0.0,"category_revenue":458711.484375,"share_pct":0.0},{"period":"2024-03","brand_revenue":0.0,"category_revenue":427464.375,"share_pct":0.0},{"period":"2024-04","brand_revenue":0.0,"category_revenue":428699.9609375,"share_pct":0.0},{"period":"2024-05","brand_revenue":0.0,"category_revenue":501098.3203125,"share_pct":0.0},{"period":"2024-06","brand_revenue":0.0,"category_revenue":477320.78125,"share_pct":0.0},{"period":"2024-07","brand_revenue":0.0,"category_revenue":479382.109375,"share_pct":0.0},{"period":"2024-08","brand_revenue":0.0,"category_revenue":474359.1015625,"share_pct":0.0},{"period":"2024-09","brand_revenue":0.0,"category_revenue":424280.1171875,"share_pct":0.0},{"period":"2024-10","brand_revenue":0.0,"category_revenue":470840.6640625,"share_pct":0.0},{"period":"2024-11","brand_revenue":0.0,"category_revenue":424285.1171875,"share_pct":0.0},{"period":"2024-12","brand_revenue":0.0,"category_revenue":432093.1640625,"share_pct":0.0},{"period":"2025-01","brand_revenue":0.0,"category_revenue":358002.890625,"share_pct":0.0},{"period":"2025-02","brand_revenue":0.0,"category_revenue":325080.17578125,"share_pct":0.0},{"period":"2025-03","brand_revenue":0.0,"category_revenue":347380.078125,"share_pct":0.0},{"period":"2025-04","brand_revenue":0.0,"category_revenue":401341.40625,"share_pct":0.0},{"period":"2025-05","brand_revenue":0.0,"category_revenue":378076.09375,"share_pct":0.0},{"period":"2025-06","brand_revenue":0.0,"category_revenue":354019.6484375,"share_pct":0.0},{"period":"2025-07","brand_revenue":0.0,"category_revenue":416008.203125,"share_pct":0.0},{"period":"2025-08","brand_revenue":14898.824462890625,"category_revenue":425283.28125,"share_pct":3.5},{"period":"2025-09","brand_revenue":18350.0,"category_revenue":378313.75,"share_pct":4.900000095367432},{"period":"2025-10","brand_revenue":15103.9501953125,"category_revenue":389168.3203125,"share_pct":3.9000000953674316},{"period":"2025-11","brand_revenue":17303.125,"category_revenue":390541.3671875,"share_pct":4.400000095367432},{"period":"2025-12","brand_revenue":10043.150024414062,"category_revenue":392812.34375,"share_pct":2.5999999046325684},{"period":"2026-01","brand_revenue":8618.825073242188,"category_revenue":342630.7421875,"share_pct":2.5}],"INFUSED PACK":[{"period":"2024-01","brand_revenue":0.0,"category_revenue":204601.875,"share_pct":0.0},{"period":"2024-02","brand_revenue":0.0,"category_revenue":221156.7578125,"share_pct":0.0},{"period":"2024-03","brand_revenue":0.0,"category_revenue":257436.93359375,"share_pct":0.0},{"period":"2024-04","brand_revenue":0.0,"category_revenue":301537.3046875,"share_pct":0.0},{"period":"2024-05","brand_revenue":0.0,"category_revenue":301873.0078125,"share_pct":0.0},{"period":"2024-06","brand_revenue":0.0,"category_revenue":300488.6328125,"share_pct":0.0},{"period":"2024-07","brand_revenue":0.0,"category_revenue":303570.80078125,"share_pct":0.0},{"period":"2024-08","brand_revenue":0.0,"category_revenue":283995.625,"share_pct":0.0},{"period":"2024-09","brand_revenue":0.0,"category_revenue":331664.1796875,"share_pct":0.0},{"period":"2024-10","brand_revenue":0.0,"category_revenue":311486.1328125,"share_pct":0.0},{"period":"2024-11","brand_revenue":0.0,"category_revenue":306613.92578125,"share_pct":0.0},{"period":"2024-12","brand_revenue":0.0,"category_revenue":298008.41796875,"share_pct":0.0},{"period":"2025-01","brand_revenue":0.0,"category_revenue":269244.765625,"share_pct":0.0},{"period":"2025-02","brand_revenue":0.0,"category_revenue":309579.8046875,"share_pct":0.0},{"period":"2025-03","brand_revenue":0.0,"category_revenue":312908.80859375,"share_pct":0.0},{"period":"2025-04","brand_revenue":0.0,"category_revenue":389974.3359375,"share_pct":0.0},{"period":"2025-05","brand_revenue":0.0,"category_revenue":404824.9609375,"share_pct":0.0},{"period":"2025-06","brand_revenue":0.0,"category_revenue":383193.4765625,"share_pct":0.0},{"period":"2025-07","brand_revenue":0.0,"category_revenue":437456.640625,"share_pct":0.0},{"period":"2025-08","brand_revenue":9043.75,"category_revenue":391817.578125,"share_pct":2.299999952316284},{"period":"2025-09","brand_revenue":12596.875,"category_revenue":367221.40625,"share_pct":3.4000000953674316},{"period":"2025-10","brand_revenue":14042.7001953125,"category_revenue":423332.109375,"share_pct":3.299999952316284},{"period":"2025-11","brand_revenue":15706.25,"category_revenue":395184.53125,"share_pct":4.0},{"period":"2025-12","brand_revenue":8634.375,"category_revenue":387500.234375,"share_pct":2.200000047683716},{"period":"2026-01","brand_revenue":13093.525390625,"category_revenue":364337.6171875,"share_pct":3.5999999046325684}]},"velocity_by_category":[{"category":"INFUSED PRE ROLL","brand_units_per_day":4.3,"category_avg_units_per_day":25.62,"velocity_index":16.8,"brand_rev_per_unit":20.58,"category_rev_per_unit":16.9,"brands_in_category":25},{"category":"INFUSED PACK","brand_units_per_day":3.68,"category_avg_units_per_day":26.26,"velocity_index":14.0,"brand_rev_per_unit":20.88,"category_rev_per_unit":27.52,"brands_in_category":12}],"store_gaps":[],"product_mix":{"top":[{"product":"ALIEN SOUR APPLE INFUSED PRE ROLL 2 PK - BANGERS","units":856,"revenue":23477.0751953125,"cost":9825.875244140625,"profit":13651.199951171875,"stores":7,"transactions":746,"margin":58.099998474121094},{"product":"STRAWBERRY CHEESECAKE INFUSED PRE ROLL - BANGERS","units":856,"revenue":22043.67431640625,"cost":10000.700073242188,"profit":12042.974853515625,"stores":7,"transactions":806,"margin":54.599998474121094},{"product":"FROSTED BLUEBERRY OG INFUSED PRE ROLL - BANGERS","units":868,"revenue":21951.6259765625,"cost":10100.750122070312,"profit":11850.875244140625,"stores":7,"transactions":786,"margin":54.0},{"product":"CHERRY ZLUSHIE INFUSED PRE ROLL 2 PK - BANGERS","units":692,"revenue":17067.099609375,"cost":8650.0,"profit":8417.100219726562,"stores":7,"transactions":624,"margin":49.29999923706055},{"product":"GRAPE APE INFUSED PRE ROLL - BANGERS","units":672,"revenue":17027.0751953125,"cost":8275.125122070312,"profit":8751.950073242188,"stores":7,"transactions":614,"margin":51.400001525878906},{"product":"MELONADE INFUSED PRE ROLL 2 PK - BANGERS","units":602,"revenue":15328.125,"cost":6575.94970703125,"profit":8752.17529296875,"stores":7,"transactions":562,"margin":57.099998474121094},{"product":"LIME SLUSHY INFUSED PRE ROLL - BANGERS","units":354,"revenue":9157.80029296875,"cost":4425.0,"profit":4732.799987792969,"stores":5,"transactions":324,"margin":51.70000076293945},{"product":"WATERMELON SORBET INFUSED PRE ROLL - BANGERS","units":336,"revenue":9100.2001953125,"cost":3450.7501220703125,"profit":5649.4500732421875,"stores":7,"transactions":314,"margin":62.099998474121094},{"product":"LIME SLUSHY INFUSED PRE ROLL 2 PK - BANGERS","units":326,"revenue":8656.275024414062,"cost":4075.0,"profit":4581.2750244140625,"stores":5,"transactions":288,"margin":52.900001525878906},{"product":"PINEAPPLE OG INFUSED PRE ROLL 2 PK - BANGERS","units":220,"revenue":5688.900146484375,"cost":2750.0,"profit":2938.900146484375,"stores":6,"transactions":200,"margin":51.70000076293945},{"product":"ALIEN SOUR APPLE INFUSED PRE ROLL - BANGERS","units":192,"revenue":5037.5,"cost":2400.0,"profit":2637.5,"stores":7,"transactions":156,"margin":52.400001525878906},{"product":"STRAWBERRY CHEESECAKE INFUSED PRE ROLL 2 PK - BANGERS","units":52,"revenue":1462.5,"cost":500.1499938964844,"profit":962.3500061035156,"stores":2,"transactions":48,"margin":65.80000305175781},{"product":"WATERMELON SORBET INFUSED PRE ROLL 2 PK - BANGERS","units":48,"revenue":1293.75,"cost":475.12500762939453,"profit":818.6250305175781,"stores":2,"transactions":48,"margin":63.29999923706055},{"product":"GRAPE APE INFUSED PRE ROLL 2 PK - BANGERS","units":6,"revenue":143.75,"cost":75.0,"profit":68.75,"stores":2,"transactions":6,"margin":47.79999923706055}],"bottom":[],"expansion":[{"product":"LIME SLUSHY INFUSED PRE ROLL - BANGERS","current_stores":5,"total_stores":7,"missing_stores":["Elevation Oasis","Elevation Parkway"],"revenue":9157.80029296875},{"product":"LIME SLUSHY INFUSED PRE ROLL 2 PK - BANGERS","current_stores":5,"total_stores":7,"missing_stores":["Elevation Mesa","Elevation Boulevard"],"revenue":8656.275024414062},{"product":"PINEAPPLE OG INFUSED PRE ROLL 2 PK - BANGERS","current_stores":6,"total_stores":7,"missing_stores":["Elevation Oasis"],"revenue":5688.900146484375},{"product":"STRAWBERRY CHEESECAKE INFUSED PRE ROLL 2 PK - BANGERS","current_stores":2,"total_stores":7,"missing_stores":["Elevation Oasis","Elevation Downtown","Elevation Midtown","Elevation Boulevard","Elevation Parkway"],"revenue":1462.5},{"product":"WATERMELON SORBET INFUSED PRE ROLL 2 PK - BANGERS","current_stores":2,"total_stores":7,"missing_stores":["Elevation Springs","Elevation Downtown","Elevation Midtown","Elevation Boulevard","Elevation Parkway"],"revenue":1293.75},{"product":"GRAPE APE INFUSED PRE ROLL 2 PK - BANGERS","current_stores":2,"total_stores":7,"missing_stores":["Elevation Springs","Elevation Downtown","Elevation Midtown","Elevation Boulevard","Elevation Parkway"],"revenue":143.75}]},"pricing_consistency":[{"product":"ALIEN SOUR APPLE INFUSED PRE ROLL - BANGERS","min_price":45.41666666666667,"max_price":56.25,"avg_price":52.0046768707483,"std_dev":1.5151302703033926,"store_count":14,"price_range":10.83333333333333,"range_pct":20.8},{"product":"LIME SLUSHY INFUSED PRE ROLL - BANGERS","min_price":44.75,"max_price":55.125609607231326,"avg_price":50.07512192144627,"std_dev":1.5288055118991852,"store_count":10,"price_range":10.37560960723133,"range_pct":20.7},{"product":"GRAPE APE INFUSED PRE ROLL - BANGERS","min_price":48.05,"max_price":57.8125,"avg_price":51.97041228763641,"std_dev":1.373963590329941,"store_count":14,"price_range":9.762500000000003,"range_pct":18.8},{"product":"CHERRY ZLUSHIE INFUSED PRE ROLL 2 PK - BANGERS","min_price":47.25,"max_price":56.25,"avg_price":50.22558336209168,"std_dev":1.3965731401330255,"store_count":14,"price_range":9.000000000000004,"range_pct":17.9},{"product":"MELONADE INFUSED PRE ROLL 2 PK - BANGERS","min_price":46.875,"max_price":55.70913461538461,"avg_price":50.42376893939394,"std_dev":1.2838612350522445,"store_count":14,"price_range":8.834134615384617,"range_pct":17.5},{"product":"FROSTED BLUEBERRY OG INFUSED PRE ROLL - BANGERS","min_price":45.72916666666667,"max_price":54.01836784518495,"avg_price":50.38262192331011,"std_dev":1.1722217302594202,"store_count":14,"price_range":8.28920117851828,"range_pct":16.5},{"product":"ALIEN SOUR APPLE INFUSED PRE ROLL 2 PK - BANGERS","min_price":51.85324928977273,"max_price":59.17338709677419,"avg_price":55.00234485286778,"std_dev":0.9949267032934265,"store_count":14,"price_range":7.3201378070014655,"range_pct":13.3},{"product":"GRAPE APE INFUSED PRE ROLL 2 PK - BANGERS","min_price":43.75,"max_price":50.0,"avg_price":46.875,"std_dev":1.7677669529663689,"store_count":4,"price_range":6.25,"range_pct":13.3},{"product":"STRAWBERRY CHEESECAKE INFUSED PRE ROLL - BANGERS","min_price":49.506578947368425,"max_price":55.52083333333333,"avg_price":51.73609309707348,"std_dev":0.8283130869562932,"store_count":14,"price_range":6.014254385964906,"range_pct":11.6},{"product":"PINEAPPLE OG INFUSED PRE ROLL 2 PK - BANGERS","min_price":47.724999321831596,"max_price":53.60576923076923,"avg_price":51.21935759969265,"std_dev":1.0934439757232814,"store_count":12,"price_range":5.880769908937635,"range_pct":11.5},{"product":"WATERMELON SORBET INFUSED PRE ROLL - BANGERS","min_price":51.44230769230769,"max_price":56.5625,"avg_price":53.98250674452849,"std_dev":0.8655091949639097,"store_count":14,"price_range":5.120192307692308,"range_pct":9.5},{"product":"LIME SLUSHY INFUSED PRE ROLL 2 PK - BANGERS","min_price":50.25,"max_price":55.079167683919266,"avg_price":53.74797639392671,"std_dev":0.8159699482242913,"store_count":10,"price_range":4.829167683919264,"range_pct":9.0},{"product":"WATERMELON SORBET INFUSED PRE ROLL 2 PK - BANGERS","min_price":53.515625,"max_price":54.6875,"avg_price":54.1015625,"std_dev":0.33145630368119416,"store_count":4,"price_range":1.171875,"range_pct":2.2},{"product":"STRAWBERRY CHEESECAKE INFUSED PRE ROLL 2 PK - BANGERS","min_price":56.25,"max_price":56.25,"avg_price":56.25,"std_dev":0.0,"store_count":4,"price_range":0.0,"range_pct":0.0}],"promotional_effectiveness":{"lift":{"fp_units_per_day":14.9,"disc_units_per_day":20.68,"lift_pct":38.7,"fp_avg_revenue_per_unit":62.5,"disc_avg_revenue_per_unit":44.275000000000006},"by_deal":[{"deal_name":"Industry 30% Off","uses":409,"revenue":25686.70000076294,"discounts":11219.54999923706,"units":1181.0,"cost":13838.424999979325,"margin":46.1,"discount_depth":60.8},{"deal_name":"50% Off - G2B","uses":112,"revenue":5789.0625,"discounts":5804.6875,"units":371.0,"cost":4562.574999998324,"margin":21.2,"discount_depth":100.2},{"deal_name":"Bangers - Mix n Match - 2 for $40","uses":104,"revenue":11325.0,"discounts":2925.0,"units":456.0,"cost":5575.124999997206,"margin":50.8,"discount_depth":41.0},{"deal_name":"Bangers Mix n Match - 2 for $40","uses":75,"revenue":7950.0,"discounts":1987.5,"units":318.0,"cost":3975.0,"margin":50.0,"discount_depth":40.0},{"deal_name":"Employee 30% - NOT FRIDAYS","uses":70,"revenue":4025.0,"discounts":1725.0,"units":184.0,"cost":2075.224999994971,"margin":48.4,"discount_depth":60.0},{"deal_name":"Employee - 40% OFF","uses":57,"revenue":2901.0374999046326,"discounts":1942.7125000953674,"units":155.0,"cost":1712.7249999949709,"margin":41.0,"discount_depth":80.2},{"deal_name":"Veterans - 10% Off","uses":55,"revenue":3645.824999809265,"discounts":416.67500019073486,"units":130.0,"cost":1450.1749999960884,"margin":60.2,"discount_depth":20.6},{"deal_name":"Jackpot - Locals 30% Off","uses":39,"revenue":2056.25,"discounts":881.25,"units":94.0,"cost":1150.0249999994412,"margin":44.1,"discount_depth":60.0},{"deal_name":"Senior - 10% Off","uses":24,"revenue":1631.25,"discounts":181.25,"units":58.0,"cost":725.0,"margin":55.6,"discount_depth":20.0},{"deal_name":"Senior / Veterans - 20% Off","uses":17,"revenue":993.75,"discounts":318.75,"units":42.0,"cost":475.0499999988824,"margin":52.2,"discount_depth":48.6},{"deal_name":"Main St Happy Hour - 25% Off","uses":9,"revenue":515.625,"discounts":171.875,"units":22.0,"cost":200.07499999832362,"margin":61.2,"discount_depth":50.0},{"deal_name":"Store Credit - $25","uses":7,"revenue":256.5875041484833,"discounts":118.4125006198883,"units":12.0,"cost":125.0249999994412,"margin":51.3,"discount_depth":63.2},{"deal_name":"Store Credit - $15","uses":6,"revenue":231.25,"discounts":143.75,"units":12.0,"cost":150.0,"margin":35.1,"discount_depth":76.6},{"deal_name":"Bangers B2G1","uses":5,"revenue":562.6249837875366,"discounts":312.37499713897705,"units":28.0,"cost":350.0,"margin":37.8,"discount_depth":71.4},{"deal_name":"Store Credit - $50","uses":5,"revenue":260.12500762939453,"discounts":239.87499952316284,"units":16.0,"cost":200.0,"margin":23.1,"discount_depth":96.0},{"deal_name":"30% Off Special","uses":5,"revenue":262.5,"discounts":112.5,"units":12.0,"cost":150.0,"margin":42.9,"discount_depth":60.0},{"deal_name":"Sammy Davis Early Bird - 15% Off","uses":3,"revenue":159.375,"discounts":28.125,"units":6.0,"cost":75.0,"margin":52.9,"discount_depth":30.0},{"deal_name":"LVAC - 25% Off","uses":3,"revenue":187.5,"discounts":62.5,"units":8.0,"cost":100.0,"margin":46.7,"discount_depth":50.0},{"deal_name":"Store Credit - $75","uses":3,"revenue":129.56250071525574,"discounts":151.68749928474426,"units":9.0,"cost":112.5,"margin":13.2,"discount_depth":107.8},{"deal_name":"40% Off Special","uses":2,"revenue":112.5,"discounts":75.0,"units":6.0,"cost":0.07499999832361937,"margin":99.9,"discount_depth":80.0}]},"growth_opportunities":[{"type":"sku_expansion","title":"Add 'GRAPE APE INFUSED PRE ROLL 2 PK - BANGERS' to 5 more store(s)","detail":"Carried in 2 stores. Missing from: Elevation Springs, Elevation Downtown, Elevation Midtown, Elevation Boulevard, Elevation Parkway","priority":"medium"},{"type":"sku_expansion","title":"Add 'LIME SLUSHY INFUSED PRE ROLL - BANGERS' to 2 more store(s)","detail":"Carried in 5 stores. Missing from: Elevation Oasis, Elevation Parkway","priority":"medium"},{"type":"sku_expansion","title":"Add 'LIME SLUSHY INFUSED PRE ROLL 2 PK - BANGERS' to 2 more store(s)","detail":"Carried in 5 stores. Missing from: Elevation Mesa, Elevation Boulevard","priority":"medium"},{"type":"sku_expansion","title":"Add 'PINEAPPLE OG INFUSED PRE ROLL 2 PK - BANGERS' to 1 more store(s)","detail":"Carried in 6 stores. Missing from: Elevation Oasis","priority":"medium"},{"type":"sku_expansion","title":"Add 'STRAWBERRY CHEESECAKE INFUSED PRE ROLL 2 PK - BANGERS' to 5 more store(s)","detail":"Carried in 2 stores. Missing from: Elevation Oasis, Elevation Downtown, Elevation Midtown, Elevation Boulevard, Elevation Parkway","priority":"medium"},{"type":"velocity","title":"Improve velocity in INFUSED PRE ROLL","detail":"Velocity index 17 (below category average). 2.1 units/day vs 12.8 avg.","priority":"medium"},{"type":"velocity","title":"Improve velocity in INFUSED PACK","detail":"Velocity index 14 (below category average). 1.8 units/day vs 13.1 avg.","priority":"medium"}],"trend":[{"period":"2025-08","revenue":23942.57568359375,"cost":8777.374877929688,"margin":63.3,"units":892,"transactions":702,"profit":15165.2001953125,"revenue_change_pct":null,"units_change_pct":null,"margin_change_pts":null},{"period":"2025-09","revenue":30946.875,"cost":13226.075439453125,"margin":57.3,"units":1144,"transactions":874,"profit":17720.799560546875,"revenue_change_pct":29.3,"units_change_pct":28.3,"margin_change_pts":-6.1},{"period":"2025-10","revenue":29146.650390625,"cost":13325.6005859375,"margin":54.3,"units":1114,"transactions":818,"profit":15821.0498046875,"revenue_change_pct":-5.8,"units_change_pct":-2.6,"margin_change_pts":-3.0},{"period":"2025-11","revenue":33009.375,"cost":17275.174560546875,"margin":47.7,"units":1396,"transactions":936,"profit":15734.200439453125,"revenue_change_pct":13.3,"units_change_pct":25.3,"margin_change_pts":-6.6},{"period":"2025-12","revenue":18677.5244140625,"cost":8575.2001953125,"margin":54.1,"units":702,"transactions":502,"profit":10102.324829101562,"revenue_change_pct":-43.4,"units_change_pct":-49.7,"margin_change_pts":6.4},{"period":"2026-01","revenue":21712.35107421875,"cost":10400.0,"margin":52.1,"units":832,"transactions":538,"profit":11312.349853515625,"revenue_change_pct":16.2,"units_change_pct":18.5,"margin_change_pts":-2.0}]}