{"brand":"BANGERS","date_range":"2024-01-01 00:00:00 to 2026-01-31 00:00:00","period_label":"All Time","summary":{"total_units":6080,"total_revenue":157435.3515625,"total_cost":71579.423828125,"total_discounts":32564.6484375,"total_profit":85855.91796875,"overall_margin":54.5,"fp_margin":62.70000076293945,"disc_margin":46.5,"pct_full_price":49.70000076293945,"avg_discount_rate":17.100000381469727,"fp_revenue":78250.0,"disc_revenue":79185.3515625,"unique_customers":3116,"brand":"BANGERS","date_range":"2024-01-01 00:00:00 to 2026-01-31 00:00:00","months_count":12,"avg_monthly_cost":11929.9,"cost_per_unit":23.55,"primary_category":"INFUSED PRE ROLL","primary_cat_margin":47.29999923706055,"category_rank":13,"category_total":25,"margin_vs_category":7.199999809265137,"velocity_rank":14},"category_breakdown":[{"category_clean":"INFUSED PRE ROLL","units":3278,"revenue":84317.87109375,"cost":38652.32421875,"profit":45665.5517578125,"discounts":18119.625244140625,"margin":54.20000076293945,"category_avg_margin":47.29999923706055,"vs_category":6.9,"rank":13.0,"total_brands":25.0},{"category_clean":"INFUSED PACK","units":2802,"revenue":73117.4755859375,"cost":32927.099609375,"profit":40190.3759765625,"discounts":14445.0244140625,"margin":55.0,"category_avg_margin":47.70000076293945,"vs_category":7.3,"rank":9.0,"total_brands":12.0}],"trend":[{"period":"2025-08","revenue":23942.57568359375,"cost":8777.374877929688,"margin":63.3,"units":892,"transactions":702,"profit":15165.2001953125,"revenue_change_pct":null,"units_change_pct":null,"margin_change_pts":null},{"period":"2025-09","revenue":30946.875,"cost":13226.075439453125,"margin":57.3,"units":1144,"transactions":874,"profit":17720.799560546875,"revenue_change_pct":29.3,"units_change_pct":28.3,"margin_change_pts":-6.1},{"period":"2025-10","revenue":29146.650390625,"cost":13325.6005859375,"margin":54.3,"units":1114,"transactions":818,"profit":15821.0498046875,"revenue_change_pct":-5.8,"units_change_pct":-2.6,"margin_change_pts":-3.0},{"period":"2025-11","revenue":33009.375,"cost":17275.174560546875,"margin":47.7,"units":1396,"transactions":936,"profit":15734.200439453125,"revenue_change_pct":13.3,"units_change_pct":25.3,"margin_change_pts":-6.6},{"period":"2025-12","revenue":18677.5244140625,"cost":8575.2001953125,"margin":54.1,"units":702,"transactions":502,"profit":10102.324829101562,"revenue_change_pct":-43.4,"units_change_pct":-49.7,"margin_change_pts":6.4},{"period":"2026-01","revenue":21712.35107421875,"cost":10400.0,"margin":52.1,"units":832,"transactions":538,"profit":11312.349853515625,"revenue_change_pct":16.2,"units_change_pct":18.5,"margin_change_pts":-2.0}],"share_of_category":[{"category":"INFUSED PRE ROLL","brand_revenue":84317.87109375,"category_revenue":10308101.25,"revenue_share_pct":0.800000011920929,"brand_units":3278,"category_units":488074,"units_share_pct":0.7},{"category":"INFUSED PACK","brand_revenue":73117.4755859375,"category_revenue":8259010.0,"revenue_share_pct":0.8999999761581421,"brand_units":2802,"category_units":240090,"units_share_pct":1.2}],"share_of_category_trend":{"INFUSED PRE ROLL":[{"period":"2024-01","brand_revenue":0.0,"category_revenue":410907.8515625,"share_pct":0.0},{"period":"2024-02","brand_revenue":0.0,"category_revenue":458711.484375,"share_pct":0.0},{"period":"2024-03","brand_revenue":0.0,"category_revenue":427464.375,"share_pct":0.0},{"period":"2024-04","brand_revenue":0.0,"category_revenue":428699.9609375,"share_pct":0.0},{"period":"2024-05","brand_revenue":0.0,"category_revenue":501098.3203125,"share_pct":0.0},{"period":"2024-06","brand_revenue":0.0,"category_revenue":477320.78125,"share_pct":0.0},{"period":"2024-07","brand_revenue":0.0,"category_revenue":479382.109375,"share_pct":0.0},{"period":"2024-08","brand_revenue":0.0,"category_revenue":474359.1015625,"share_pct":0.0},{"period":"2024-09","brand_revenue":0.0,"category_revenue":424280.1171875,"share_pct":0.0},{"period":"2024-10","brand_revenue":0.0,"category_revenue":470840.6640625,"share_pct":0.0},{"period":"2024-11","brand_revenue":0.0,"category_revenue":424285.1171875,"share_pct":0.0},{"period":"2024-12","brand_revenue":0.0,"category_revenue":432093.1640625,"share_pct":0.0},{"period":"2025-01","brand_revenue":0.0,"category_revenue":358002.890625,"share_pct":0.0},{"period":"2025-02","brand_revenue":0.0,"category_revenue":325080.17578125,"share_pct":0.0},{"period":"2025-03","brand_revenue":0.0,"category_revenue":347380.078125,"share_pct":0.0},{"period":"2025-04","brand_revenue":0.0,"category_revenue":401341.40625,"share_pct":0.0},{"period":"2025-05","brand_revenue":0.0,"category_revenue":378076.09375,"share_pct":0.0},{"period":"2025-06","brand_revenue":0.0,"category_revenue":354019.6484375,"share_pct":0.0},{"period":"2025-07","brand_revenue":0.0,"category_revenue":416008.203125,"share_pct":0.0},{"period":"2025-08","brand_revenue":14898.824462890625,"category_revenue":425283.28125,"share_pct":3.5},{"period":"2025-09","brand_revenue":18350.0,"category_revenue":378313.75,"share_pct":4.900000095367432},{"period":"2025-10","brand_revenue":15103.9501953125,"category_revenue":389168.3203125,"share_pct":3.9000000953674316},{"period":"2025-11","brand_revenue":17303.125,"category_revenue":390541.3671875,"share_pct":4.400000095367432},{"period":"2025-12","brand_revenue":10043.150024414062,"category_revenue":392812.34375,"share_pct":2.5999999046325684},{"period":"2026-01","brand_revenue":8618.825073242188,"category_revenue":342630.7421875,"share_pct":2.5}],"INFUSED PACK":[{"period":"2024-01","brand_revenue":0.0,"category_revenue":204601.875,"share_pct":0.0},{"period":"2024-02","brand_revenue":0.0,"category_revenue":221156.7578125,"share_pct":0.0},{"period":"2024-03","brand_revenue":0.0,"category_revenue":257436.93359375,"share_pct":0.0},{"period":"2024-04","brand_revenue":0.0,"category_revenue":301537.3046875,"share_pct":0.0},{"period":"2024-05","brand_revenue":0.0,"category_revenue":301873.0078125,"share_pct":0.0},{"period":"2024-06","brand_revenue":0.0,"category_revenue":300488.6328125,"share_pct":0.0},{"period":"2024-07","brand_revenue":0.0,"category_revenue":303570.80078125,"share_pct":0.0},{"period":"2024-08","brand_revenue":0.0,"category_revenue":283995.625,"share_pct":0.0},{"period":"2024-09","brand_revenue":0.0,"category_revenue":331664.1796875,"share_pct":0.0},{"period":"2024-10","brand_revenue":0.0,"category_revenue":311486.1328125,"share_pct":0.0},{"period":"2024-11","brand_revenue":0.0,"category_revenue":306613.92578125,"share_pct":0.0},{"period":"2024-12","brand_revenue":0.0,"category_revenue":298008.41796875,"share_pct":0.0},{"period":"2025-01","brand_revenue":0.0,"category_revenue":269244.765625,"share_pct":0.0},{"period":"2025-02","brand_revenue":0.0,"category_revenue":309579.8046875,"share_pct":0.0},{"period":"2025-03","brand_revenue":0.0,"category_revenue":312908.80859375,"share_pct":0.0},{"period":"2025-04","brand_revenue":0.0,"category_revenue":389974.3359375,"share_pct":0.0},{"period":"2025-05","brand_revenue":0.0,"category_revenue":404824.9609375,"share_pct":0.0},{"period":"2025-06","brand_revenue":0.0,"category_revenue":383193.4765625,"share_pct":0.0},{"period":"2025-07","brand_revenue":0.0,"category_revenue":437456.640625,"share_pct":0.0},{"period":"2025-08","brand_revenue":9043.75,"category_revenue":391817.578125,"share_pct":2.299999952316284},{"period":"2025-09","brand_revenue":12596.875,"category_revenue":367221.40625,"share_pct":3.4000000953674316},{"period":"2025-10","brand_revenue":14042.7001953125,"category_revenue":423332.109375,"share_pct":3.299999952316284},{"period":"2025-11","brand_revenue":15706.25,"category_revenue":395184.53125,"share_pct":4.0},{"period":"2025-12","brand_revenue":8634.375,"category_revenue":387500.234375,"share_pct":2.200000047683716},{"period":"2026-01","brand_revenue":13093.525390625,"category_revenue":364337.6171875,"share_pct":3.5999999046325684}]},"discount_depth":[{"tier":"0% (Full Price)","transactions":2322,"pct_of_transactions":42.0,"revenue":78250.0,"avg_discount":0.0},{"tier":"1-10%","transactions":252,"pct_of_transactions":4.6,"revenue":7818.75,"avg_discount":20.0},{"tier":"11-20%","transactions":740,"pct_of_transactions":13.4,"revenue":21627.4755859375,"avg_discount":39.79999923706055},{"tier":"21-30%","transactions":96,"pct_of_transactions":1.7,"revenue":2428.249969482422,"avg_discount":50.599998474121094},{"tier":"31%+","transactions":564,"pct_of_transactions":10.2,"revenue":10823.3740234375,"avg_discount":96.0}],"velocity":{"units_per_day":33.96,"revenue_per_day":879.5249938964844,"avg_units_per_txn":2.78,"days_of_data":179,"total_units":6080,"total_transactions":4370},"velocity_by_category":[{"category":"INFUSED PRE ROLL","brand_units_per_day":4.3,"category_avg_units_per_day":25.62,"velocity_index":16.8,"brand_rev_per_unit":20.58,"category_rev_per_unit":16.9,"brands_in_category":25},{"category":"INFUSED PACK","brand_units_per_day":3.68,"category_avg_units_per_day":26.26,"velocity_index":14.0,"brand_rev_per_unit":20.88,"category_rev_per_unit":27.52,"brands_in_category":12}],"deals":[{"deal_name":"Industry 30% Off","times_used":818,"units":1181.0,"revenue":25686.70000076294,"discounts":11219.54999923706,"cost":13838.424999979325,"profit":11848.2749786973,"pre_discount_revenue":36906.25,"margin":46.1,"avg_discount":60.8},{"deal_name":"50% Off - G2B","times_used":224,"units":371.0,"revenue":5789.0625,"discounts":5804.6875,"cost":4562.574999998324,"profit":1226.4874982833862,"pre_discount_revenue":11593.75,"margin":21.2,"avg_discount":100.2},{"deal_name":"Bangers - Mix n Match - 2 for $40","times_used":208,"units":456.0,"revenue":11325.0,"discounts":2925.0,"cost":5575.124999997206,"profit":5749.874997138977,"pre_discount_revenue":14250.0,"margin":50.8,"avg_discount":41.0},{"deal_name":"Bangers Mix n Match - 2 for $40","times_used":150,"units":318.0,"revenue":7950.0,"discounts":1987.5,"cost":3975.0,"profit":3975.0,"pre_discount_revenue":9937.5,"margin":50.0,"avg_discount":40.0},{"deal_name":"Employee 30% - NOT FRIDAYS","times_used":140,"units":184.0,"revenue":4025.0,"discounts":1725.0,"cost":2075.224999994971,"profit":1949.7749948501587,"pre_discount_revenue":5750.0,"margin":48.4,"avg_discount":60.0},{"deal_name":"Employee - 40% OFF","times_used":114,"units":155.0,"revenue":2901.0374999046326,"discounts":1942.7125000953674,"cost":1712.7249999949709,"profit":1188.312494829297,"pre_discount_revenue":4843.75,"margin":41.0,"avg_discount":80.2},{"deal_name":"Veterans - 10% Off","times_used":110,"units":130.0,"revenue":3645.824999809265,"discounts":416.67500019073486,"cost":1450.1749999960884,"profit":2195.649995803833,"pre_discount_revenue":4062.5,"margin":60.2,"avg_discount":20.6},{"deal_name":"Jackpot - Locals 30% Off","times_used":78,"units":94.0,"revenue":2056.25,"discounts":881.25,"cost":1150.0249999994412,"profit":906.2249994277954,"pre_discount_revenue":2937.5,"margin":44.1,"avg_discount":60.0},{"deal_name":"Senior - 10% Off","times_used":48,"units":58.0,"revenue":1631.25,"discounts":181.25,"cost":725.0,"profit":906.25,"pre_discount_revenue":1812.5,"margin":55.6,"avg_discount":20.0},{"deal_name":"Senior / Veterans - 20% Off","times_used":34,"units":42.0,"revenue":993.75,"discounts":318.75,"cost":475.0499999988824,"profit":518.6999988555908,"pre_discount_revenue":1312.5,"margin":52.2,"avg_discount":48.6},{"deal_name":"Main St Happy Hour - 25% Off","times_used":18,"units":22.0,"revenue":515.625,"discounts":171.875,"cost":200.07499999832362,"profit":315.54999828338623,"pre_discount_revenue":687.5,"margin":61.2,"avg_discount":50.0},{"deal_name":"Store Credit - $25","times_used":14,"units":12.0,"revenue":256.5875041484833,"discounts":118.4125006198883,"cost":125.0249999994412,"profit":131.5624988824129,"pre_discount_revenue":375.0,"margin":51.3,"avg_discount":63.2},{"deal_name":"Store Credit - $15","times_used":12,"units":12.0,"revenue":231.25,"discounts":143.75,"cost":150.0,"profit":81.25,"pre_discount_revenue":375.0,"margin":35.1,"avg_discount":76.6},{"deal_name":"Bangers B2G1","times_used":10,"units":28.0,"revenue":562.6249837875366,"discounts":312.37499713897705,"cost":350.0,"profit":212.62500286102295,"pre_discount_revenue":875.0,"margin":37.8,"avg_discount":71.4},{"deal_name":"Store Credit - $50","times_used":10,"units":16.0,"revenue":260.12500762939453,"discounts":239.87499952316284,"cost":200.0,"profit":60.12500077486038,"pre_discount_revenue":500.0,"margin":23.1,"avg_discount":96.0},{"deal_name":"30% Off Special","times_used":10,"units":12.0,"revenue":262.5,"discounts":112.5,"cost":150.0,"profit":112.5,"pre_discount_revenue":375.0,"margin":42.9,"avg_discount":60.0},{"deal_name":"Sammy Davis Early Bird - 15% Off","times_used":6,"units":6.0,"revenue":159.375,"discounts":28.125,"cost":75.0,"profit":84.375,"pre_discount_revenue":187.5,"margin":52.9,"avg_discount":30.0},{"deal_name":"LVAC - 25% Off","times_used":6,"units":8.0,"revenue":187.5,"discounts":62.5,"cost":100.0,"profit":87.5,"pre_discount_revenue":250.0,"margin":46.7,"avg_discount":50.0},{"deal_name":"Store Credit - $75","times_used":6,"units":9.0,"revenue":129.56250071525574,"discounts":151.68749928474426,"cost":112.5,"profit":17.062499821186066,"pre_discount_revenue":281.25,"margin":13.2,"avg_discount":107.8},{"deal_name":"40% Off Special","times_used":4,"units":6.0,"revenue":112.5,"discounts":75.0,"cost":0.07499999832361937,"profit":112.42499828338623,"pre_discount_revenue":187.5,"margin":99.9,"avg_discount":80.0},{"deal_name":"Medical - 10%","times_used":2,"units":4.0,"revenue":112.5,"discounts":12.5,"cost":50.0,"profit":62.5,"pre_discount_revenue":125.0,"margin":55.6,"avg_discount":20.0},{"deal_name":"Reno - Early Bird - Senior / Veterans - 20%","times_used":2,"units":12.0,"revenue":300.0,"discounts":75.0,"cost":150.0,"profit":150.0,"pre_discount_revenue":375.0,"margin":50.0,"avg_discount":40.0},{"deal_name":"Store Credit - $100","times_used":2,"units":10.0,"revenue":62.5,"discounts":250.0,"cost":125.0,"profit":-62.5,"pre_discount_revenue":312.5,"margin":-100.0,"avg_discount":160.0}],"top_products":[{"product":"ALIEN SOUR APPLE INFUSED PRE ROLL 2 PK - BANGERS","units":856,"revenue":23477.0751953125,"cost":9825.875244140625,"profit":13651.199951171875,"transactions":746,"margin":58.099998474121094},{"product":"STRAWBERRY CHEESECAKE INFUSED PRE ROLL - BANGERS","units":856,"revenue":22043.67431640625,"cost":10000.700073242188,"profit":12042.974853515625,"transactions":806,"margin":54.599998474121094},{"product":"FROSTED BLUEBERRY OG INFUSED PRE ROLL - BANGERS","units":868,"revenue":21951.6259765625,"cost":10100.750122070312,"profit":11850.875244140625,"transactions":786,"margin":54.0},{"product":"CHERRY ZLUSHIE INFUSED PRE ROLL 2 PK - BANGERS","units":692,"revenue":17067.099609375,"cost":8650.0,"profit":8417.100219726562,"transactions":624,"margin":49.29999923706055},{"product":"GRAPE APE INFUSED PRE ROLL - BANGERS","units":672,"revenue":17027.0751953125,"cost":8275.125122070312,"profit":8751.950073242188,"transactions":614,"margin":51.400001525878906},{"product":"MELONADE INFUSED PRE ROLL 2 PK - BANGERS","units":602,"revenue":15328.125,"cost":6575.94970703125,"profit":8752.17529296875,"transactions":562,"margin":57.099998474121094},{"product":"LIME SLUSHY INFUSED PRE ROLL - BANGERS","units":354,"revenue":9157.80029296875,"cost":4425.0,"profit":4732.799987792969,"transactions":324,"margin":51.70000076293945},{"product":"WATERMELON SORBET INFUSED PRE ROLL - BANGERS","units":336,"revenue":9100.2001953125,"cost":3450.7501220703125,"profit":5649.4500732421875,"transactions":314,"margin":62.099998474121094},{"product":"LIME SLUSHY INFUSED PRE ROLL 2 PK - BANGERS","units":326,"revenue":8656.275024414062,"cost":4075.0,"profit":4581.2750244140625,"transactions":288,"margin":52.900001525878906},{"product":"PINEAPPLE OG INFUSED PRE ROLL 2 PK - BANGERS","units":220,"revenue":5688.900146484375,"cost":2750.0,"profit":2938.900146484375,"transactions":200,"margin":51.70000076293945},{"product":"ALIEN SOUR APPLE INFUSED PRE ROLL - BANGERS","units":192,"revenue":5037.5,"cost":2400.0,"profit":2637.5,"transactions":156,"margin":52.400001525878906},{"product":"STRAWBERRY CHEESECAKE INFUSED PRE ROLL 2 PK - BANGERS","units":52,"revenue":1462.5,"cost":500.1499938964844,"profit":962.3500061035156,"transactions":48,"margin":65.80000305175781},{"product":"WATERMELON SORBET INFUSED PRE ROLL 2 PK - BANGERS","units":48,"revenue":1293.75,"cost":475.12500762939453,"profit":818.6250305175781,"transactions":48,"margin":63.29999923706055},{"product":"GRAPE APE INFUSED PRE ROLL 2 PK - BANGERS","units":6,"revenue":143.75,"cost":75.0,"profit":68.75,"transactions":6,"margin":47.79999923706055}],"products_by_store":{"Elevation Springs":[{"product":"GRAPE APE INFUSED PRE ROLL - BANGERS","units":250,"revenue":6006.25,"cost":3125.0,"profit":2881.25,"transactions":222,"margin":48.0},{"product":"CHERRY ZLUSHIE INFUSED PRE ROLL 2 PK - BANGERS","units":208,"revenue":5040.625,"cost":2600.0,"profit":2440.625,"transactions":172,"margin":48.400001525878906},{"product":"STRAWBERRY CHEESECAKE INFUSED PRE ROLL - BANGERS","units":176,"revenue":4526.9500732421875,"cost":2100.0999450683594,"profit":2426.8499755859375,"transactions":168,"margin":53.599998474121094},{"product":"FROSTED BLUEBERRY OG INFUSED PRE ROLL - BANGERS","units":160,"revenue":3818.7750244140625,"cost":1875.1249694824219,"profit":1943.6500549316406,"transactions":136,"margin":50.900001525878906},{"product":"ALIEN SOUR APPLE INFUSED PRE ROLL 2 PK - BANGERS","units":110,"revenue":3000.0,"cost":1250.1249694824219,"profit":1749.8750305175781,"transactions":106,"margin":58.29999923706055},{"product":"MELONADE INFUSED PRE ROLL 2 PK - BANGERS","units":110,"revenue":2718.75,"cost":1250.1249694824219,"profit":1468.6250305175781,"transactions":104,"margin":54.0},{"product":"WATERMELON SORBET INFUSED PRE ROLL - BANGERS","units":60,"revenue":1600.0,"cost":625.1250076293945,"profit":974.8750305175781,"transactions":56,"margin":60.900001525878906},{"product":"ALIEN SOUR APPLE INFUSED PRE ROLL - BANGERS","units":56,"revenue":1475.0,"cost":700.0,"profit":775.0,"transactions":48,"margin":52.5},{"product":"PINEAPPLE OG INFUSED PRE ROLL 2 PK - BANGERS","units":52,"revenue":1393.75,"cost":650.0,"profit":743.75,"transactions":50,"margin":53.400001525878906},{"product":"LIME SLUSHY INFUSED PRE ROLL 2 PK - BANGERS","units":50,"revenue":1371.875,"cost":625.0,"profit":746.875,"transactions":46,"margin":54.400001525878906},{"product":"LIME SLUSHY INFUSED PRE ROLL - BANGERS","units":50,"revenue":1293.75,"cost":625.0,"profit":668.75,"transactions":44,"margin":51.70000076293945},{"product":"STRAWBERRY CHEESECAKE INFUSED PRE ROLL 2 PK - BANGERS","units":2,"revenue":56.25,"cost":0.024999999441206455,"profit":56.22499942779541,"transactions":2,"margin":100.0}],"Elevation Mesa":[{"product":"FROSTED BLUEBERRY OG INFUSED PRE ROLL - BANGERS","units":156,"revenue":4121.25,"cost":1825.1249694824219,"profit":2296.125030517578,"transactions":148,"margin":55.70000076293945},{"product":"ALIEN SOUR APPLE INFUSED PRE ROLL 2 PK - BANGERS","units":110,"revenue":3087.5,"cost":1250.1249694824219,"profit":1837.3750305175781,"transactions":90,"margin":59.5},{"product":"GRAPE APE INFUSED PRE ROLL - BANGERS","units":90,"revenue":2225.0,"cost":1125.0,"profit":1100.0,"transactions":80,"margin":49.400001525878906},{"product":"STRAWBERRY CHEESECAKE INFUSED PRE ROLL - BANGERS","units":76,"revenue":1925.0,"cost":950.0,"profit":975.0,"transactions":72,"margin":50.599998474121094},{"product":"MELONADE INFUSED PRE ROLL 2 PK - BANGERS","units":60,"revenue":1406.25,"cost":625.1250076293945,"profit":781.1250305175781,"transactions":58,"margin":55.5},{"product":"STRAWBERRY CHEESECAKE INFUSED PRE ROLL 2 PK - BANGERS","units":50,"revenue":1406.25,"cost":500.12500762939453,"profit":906.1250305175781,"transactions":46,"margin":64.4000015258789},{"product":"LIME SLUSHY INFUSED PRE ROLL - BANGERS","units":50,"revenue":1250.0,"cost":625.0,"profit":625.0,"transactions":48,"margin":50.0},{"product":"CHERRY ZLUSHIE INFUSED PRE ROLL 2 PK - BANGERS","units":50,"revenue":1181.25,"cost":625.0,"profit":556.25,"transactions":44,"margin":47.099998474121094},{"product":"PINEAPPLE OG INFUSED PRE ROLL 2 PK - BANGERS","units":38,"revenue":1012.5,"cost":475.0,"profit":537.5,"transactions":32,"margin":53.099998474121094},{"product":"WATERMELON SORBET INFUSED PRE ROLL 2 PK - BANGERS","units":32,"revenue":856.25,"cost":275.12500762939453,"profit":581.1249923706055,"transactions":32,"margin":67.9000015258789},{"product":"ALIEN SOUR APPLE INFUSED PRE ROLL - BANGERS","units":30,"revenue":843.75,"cost":375.0,"profit":468.75,"transactions":28,"margin":55.599998474121094},{"product":"WATERMELON SORBET INFUSED PRE ROLL - BANGERS","units":26,"revenue":668.75,"cost":325.0,"profit":343.75,"transactions":22,"margin":51.400001525878906},{"product":"GRAPE APE INFUSED PRE ROLL 2 PK - BANGERS","units":2,"revenue":43.75,"cost":25.0,"profit":18.75,"transactions":2,"margin":42.900001525878906}],"Elevation Oasis":[{"product":"STRAWBERRY CHEESECAKE INFUSED PRE ROLL - BANGERS","units":130,"revenue":3441.6751098632812,"cost":1500.1249694824219,"profit":1941.5499877929688,"transactions":120,"margin":56.400001525878906},{"product":"MELONADE INFUSED PRE ROLL 2 PK - BANGERS","units":110,"revenue":2968.75,"cost":1250.1249694824219,"profit":1718.6250305175781,"transactions":104,"margin":57.900001525878906},{"product":"FROSTED BLUEBERRY OG INFUSED PRE ROLL - BANGERS","units":112,"revenue":2918.75,"cost":1275.1249694824219,"profit":1643.6250305175781,"transactions":98,"margin":56.29999923706055},{"product":"ALIEN SOUR APPLE INFUSED PRE ROLL 2 PK - BANGERS","units":60,"revenue":1687.5,"cost":625.1250076293945,"profit":1062.3750305175781,"transactions":60,"margin":63.0},{"product":"LIME SLUSHY INFUSED PRE ROLL 2 PK - BANGERS","units":48,"revenue":1321.9000244140625,"cost":600.0,"profit":721.9000244140625,"transactions":46,"margin":54.599998474121094},{"product":"GRAPE APE INFUSED PRE ROLL - BANGERS","units":48,"revenue":1200.0,"cost":600.0,"profit":600.0,"transactions":46,"margin":50.0},{"product":"ALIEN SOUR APPLE INFUSED PRE ROLL - BANGERS","units":40,"revenue":1100.0,"cost":500.0,"profit":600.0,"transactions":30,"margin":54.5},{"product":"WATERMELON SORBET INFUSED PRE ROLL - BANGERS","units":42,"revenue":1093.75,"cost":400.12500762939453,"profit":693.6250305175781,"transactions":40,"margin":63.400001525878906},{"product":"CHERRY ZLUSHIE INFUSED PRE ROLL 2 PK - BANGERS","units":32,"revenue":900.0,"cost":400.0,"profit":500.0,"transactions":28,"margin":55.599998474121094},{"product":"WATERMELON SORBET INFUSED PRE ROLL 2 PK - BANGERS","units":16,"revenue":437.5,"cost":200.0,"profit":237.5,"transactions":16,"margin":54.29999923706055},{"product":"GRAPE APE INFUSED PRE ROLL 2 PK - BANGERS","units":4,"revenue":100.0,"cost":50.0,"profit":50.0,"transactions":4,"margin":50.0}],"Elevation Downtown":[{"product":"CHERRY ZLUSHIE INFUSED PRE ROLL 2 PK - BANGERS","units":102,"revenue":2421.875,"cost":1275.0,"profit":1146.875,"transactions":96,"margin":47.400001525878906},{"product":"ALIEN SOUR APPLE INFUSED PRE ROLL 2 PK - BANGERS","units":90,"revenue":2359.375,"cost":1000.1249694824219,"profit":1359.2500305175781,"transactions":74,"margin":57.599998474121094},{"product":"MELONADE INFUSED PRE ROLL 2 PK - BANGERS","units":78,"revenue":1940.625,"cost":750.2249908447266,"profit":1190.4000091552734,"transactions":76,"margin":61.29999923706055},{"product":"STRAWBERRY CHEESECAKE INFUSED PRE ROLL - BANGERS","units":76,"revenue":1881.25,"cost":850.1000213623047,"profit":1031.1499786376953,"transactions":72,"margin":54.79999923706055},{"product":"FROSTED BLUEBERRY OG INFUSED PRE ROLL - BANGERS","units":60,"revenue":1371.875,"cost":750.0,"profit":621.875,"transactions":52,"margin":45.29999923706055},{"product":"GRAPE APE INFUSED PRE ROLL - BANGERS","units":50,"revenue":1356.25,"cost":500.12500762939453,"profit":856.1250305175781,"transactions":48,"margin":63.099998474121094},{"product":"LIME SLUSHY INFUSED PRE ROLL - BANGERS","units":40,"revenue":975.0,"cost":500.0,"profit":475.0,"transactions":36,"margin":48.70000076293945},{"product":"PINEAPPLE OG INFUSED PRE ROLL 2 PK - BANGERS","units":34,"revenue":812.5,"cost":425.0,"profit":387.5,"transactions":30,"margin":47.70000076293945},{"product":"WATERMELON SORBET INFUSED PRE ROLL - BANGERS","units":28,"revenue":781.25,"cost":225.12500762939453,"profit":556.1249923706055,"transactions":28,"margin":71.19999694824219},{"product":"LIME SLUSHY INFUSED PRE ROLL 2 PK - BANGERS","units":28,"revenue":768.75,"cost":350.0,"profit":418.75,"transactions":24,"margin":54.5},{"product":"ALIEN SOUR APPLE INFUSED PRE ROLL - BANGERS","units":8,"revenue":193.75,"cost":100.0,"profit":93.75,"transactions":8,"margin":48.400001525878906}],"Elevation Midtown":[{"product":"ALIEN SOUR APPLE INFUSED PRE ROLL 2 PK - BANGERS","units":208,"revenue":5681.25,"cost":2475.124969482422,"profit":3206.1248779296875,"transactions":196,"margin":56.400001525878906},{"product":"LIME SLUSHY INFUSED PRE ROLL - BANGERS","units":164,"revenue":4520.299987792969,"cost":2050.0,"profit":2470.2999877929688,"transactions":150,"margin":54.599998474121094},{"product":"FROSTED BLUEBERRY OG INFUSED PRE ROLL - BANGERS","units":156,"revenue":3946.875,"cost":1825.1249694824219,"profit":2121.750030517578,"transactions":154,"margin":53.79999923706055},{"product":"STRAWBERRY CHEESECAKE INFUSED PRE ROLL - BANGERS","units":150,"revenue":3915.625,"cost":1750.1249694824219,"profit":2165.500030517578,"transactions":144,"margin":55.29999923706055},{"product":"CHERRY ZLUSHIE INFUSED PRE ROLL 2 PK - BANGERS","units":150,"revenue":3671.875,"cost":1875.0,"profit":1796.875,"transactions":144,"margin":48.900001525878906},{"product":"LIME SLUSHY INFUSED PRE ROLL 2 PK - BANGERS","units":100,"revenue":2512.5,"cost":1250.0,"profit":1262.5,"transactions":94,"margin":50.20000076293945},{"product":"GRAPE APE INFUSED PRE ROLL - BANGERS","units":90,"revenue":2268.75,"cost":1125.0,"profit":1143.75,"transactions":90,"margin":50.400001525878906},{"product":"WATERMELON SORBET INFUSED PRE ROLL - BANGERS","units":60,"revenue":1687.5,"cost":625.1250076293945,"profit":1062.3750305175781,"transactions":60,"margin":63.0},{"product":"MELONADE INFUSED PRE ROLL 2 PK - BANGERS","units":60,"revenue":1475.0,"cost":625.1250076293945,"profit":849.8750305175781,"transactions":60,"margin":57.599998474121094},{"product":"PINEAPPLE OG INFUSED PRE ROLL 2 PK - BANGERS","units":50,"revenue":1300.0,"cost":625.0,"profit":675.0,"transactions":46,"margin":51.900001525878906},{"product":"ALIEN SOUR APPLE INFUSED PRE ROLL - BANGERS","units":24,"revenue":637.5,"cost":300.0,"profit":337.5,"transactions":20,"margin":52.900001525878906}],"Elevation Boulevard":[{"product":"STRAWBERRY CHEESECAKE INFUSED PRE ROLL - BANGERS","units":188,"revenue":4687.550048828125,"cost":2225.124969482422,"profit":2462.4249267578125,"transactions":172,"margin":52.5},{"product":"ALIEN SOUR APPLE INFUSED PRE ROLL 2 PK - BANGERS","units":154,"revenue":3992.6998901367188,"cost":1800.1249694824219,"profit":2192.5750732421875,"transactions":122,"margin":54.900001525878906},{"product":"FROSTED BLUEBERRY OG INFUSED PRE ROLL - BANGERS","units":126,"revenue":3127.2000122070312,"cost":1450.1249694824219,"profit":1677.0750427246094,"transactions":110,"margin":53.599998474121094},{"product":"GRAPE APE INFUSED PRE ROLL - BANGERS","units":96,"revenue":2583.3248901367188,"cost":1200.0,"profit":1383.3250427246094,"transactions":90,"margin":53.5},{"product":"CHERRY ZLUSHIE INFUSED PRE ROLL 2 PK - BANGERS","units":82,"revenue":2013.9750671386719,"cost":1025.0,"profit":988.9749908447266,"transactions":72,"margin":49.099998474121094},{"product":"MELONADE INFUSED PRE ROLL 2 PK - BANGERS","units":80,"revenue":1921.875,"cost":875.1249694824219,"profit":1046.7500305175781,"transactions":70,"margin":54.5},{"product":"WATERMELON SORBET INFUSED PRE ROLL - BANGERS","units":60,"revenue":1572.0750427246094,"cost":625.1250076293945,"profit":946.9499969482422,"transactions":56,"margin":60.20000076293945},{"product":"LIME SLUSHY INFUSED PRE ROLL - BANGERS","units":50,"revenue":1118.75,"cost":625.0,"profit":493.75,"transactions":46,"margin":44.099998474121094},{"product":"ALIEN SOUR APPLE INFUSED PRE ROLL - BANGERS","units":30,"revenue":681.25,"cost":375.0,"profit":306.25,"transactions":18,"margin":45.0},{"product":"PINEAPPLE OG INFUSED PRE ROLL 2 PK - BANGERS","units":18,"revenue":429.5249938964844,"cost":225.0,"profit":204.52499389648438,"transactions":18,"margin":47.599998474121094}],"Elevation Parkway":[{"product":"ALIEN SOUR APPLE INFUSED PRE ROLL 2 PK - BANGERS","units":124,"revenue":3668.75,"cost":1425.1249694824219,"profit":2243.625030517578,"transactions":98,"margin":61.20000076293945},{"product":"MELONADE INFUSED PRE ROLL 2 PK - BANGERS","units":104,"revenue":2896.875,"cost":1200.1000213623047,"profit":1696.7750549316406,"transactions":90,"margin":58.599998474121094},{"product":"LIME SLUSHY INFUSED PRE ROLL 2 PK - BANGERS","units":100,"revenue":2681.25,"cost":1250.0,"profit":1431.25,"transactions":78,"margin":53.400001525878906},{"product":"FROSTED BLUEBERRY OG INFUSED PRE ROLL - BANGERS","units":98,"revenue":2646.9000244140625,"cost":1100.1249694824219,"profit":1546.7750549316406,"transactions":88,"margin":58.400001525878906},{"product":"CHERRY ZLUSHIE INFUSED PRE ROLL 2 PK - BANGERS","units":68,"revenue":1837.5,"cost":850.0,"profit":987.5,"transactions":68,"margin":53.70000076293945},{"product":"WATERMELON SORBET INFUSED PRE ROLL - BANGERS","units":60,"revenue":1696.875,"cost":625.1250076293945,"profit":1071.7500305175781,"transactions":52,"margin":63.20000076293945},{"product":"STRAWBERRY CHEESECAKE INFUSED PRE ROLL - BANGERS","units":60,"revenue":1665.625,"cost":625.1250076293945,"profit":1040.5000305175781,"transactions":58,"margin":62.5},{"product":"GRAPE APE INFUSED PRE ROLL - BANGERS","units":48,"revenue":1387.5,"cost":600.0,"profit":787.5,"transactions":38,"margin":56.79999923706055},{"product":"PINEAPPLE OG INFUSED PRE ROLL 2 PK - BANGERS","units":28,"revenue":740.625,"cost":350.0,"profit":390.625,"transactions":24,"margin":52.70000076293945},{"product":"ALIEN SOUR APPLE INFUSED PRE ROLL - BANGERS","units":4,"revenue":106.25,"cost":50.0,"profit":56.25,"transactions":4,"margin":52.900001525878906}]},"store_summary":[{"store_clean":"Elevation Springs","units":1284,"revenue":32301.97509765625,"cost":15425.625,"profit":16876.35009765625,"discounts":7823.02490234375,"margin":52.20000076293945,"discount_rate":19.5},{"store_clean":"Elevation Midtown","units":1212,"revenue":31617.17529296875,"cost":14525.625,"profit":17091.55029296875,"discounts":6257.82470703125,"margin":54.099998474121094,"discount_rate":16.5},{"store_clean":"Elevation Boulevard","units":884,"revenue":22128.22509765625,"cost":10425.625,"profit":11702.60009765625,"discounts":5496.77490234375,"margin":52.900001525878906,"discount_rate":19.899999618530273},{"store_clean":"Elevation Mesa","units":770,"revenue":20027.5,"cost":9000.625,"profit":11026.875,"discounts":4035.0,"margin":55.099998474121094,"discount_rate":16.799999237060547},{"store_clean":"Elevation Parkway","units":694,"revenue":19328.1494140625,"cost":8075.5999755859375,"profit":11252.550048828125,"discounts":2359.3499755859375,"margin":58.20000076293945,"discount_rate":10.899999618530273},{"store_clean":"Elevation Oasis","units":642,"revenue":17169.825439453125,"cost":7400.625,"profit":9769.199829101562,"discounts":2892.6748657226562,"margin":56.900001525878906,"discount_rate":14.399999618530273},{"store_clean":"Elevation Downtown","units":594,"revenue":14862.5,"cost":6725.7000732421875,"profit":8136.7999267578125,"discounts":3700.0,"margin":54.70000076293945,"discount_rate":19.899999618530273}],"recommendations":[{"severity":"info","title":"VOLUME LEVERAGE","detail":"$62,974 revenue provides negotiating leverage.","action":"Use volume as leverage in next vendor meeting."}],"comparison":null}