{"brand":"Exit Bag","date_range":"2024-01-01 00:00:00 to 2026-01-31 00:00:00","period_label":"All Time","summary":{"total_units":156076,"total_revenue":193817.109375,"total_cost":78038.0078125,"total_discounts":1277.874984741211,"total_profit":115779.12109375,"overall_margin":59.70000076293945,"fp_margin":60.0,"disc_margin":28.0,"pct_full_price":99.19999694824219,"avg_discount_rate":0.699999988079071,"fp_revenue":192220.0,"disc_revenue":1597.1250915527344,"brand":"Exit Bag","date_range":"2024-01-01 00:00:00 to 2026-01-31 00:00:00","primary_category":"ACCESSORY","store_coverage":"7/7","stores_present":["Elevation Springs","Elevation Mesa","Elevation Oasis","Elevation Downtown","Elevation Midtown","Elevation Boulevard","Elevation Parkway"],"stores_missing":[],"velocity_rank":2,"velocity_total":136},"distribution":[{"store":"Elevation Springs","carries_brand":true,"sku_count":2,"revenue":52675.400390625,"units":42272,"store_total_revenue":51138750.0,"brand_share_pct":0.10000000149011612},{"store":"Elevation Mesa","carries_brand":true,"sku_count":2,"revenue":24715.17578125,"units":19886,"store_total_revenue":47532240.0,"brand_share_pct":0.10000000149011612},{"store":"Elevation Oasis","carries_brand":true,"sku_count":2,"revenue":40961.42578125,"units":32924,"store_total_revenue":56050145.0,"brand_share_pct":0.10000000149011612},{"store":"Elevation Downtown","carries_brand":true,"sku_count":2,"revenue":6590.1251220703125,"units":5276,"store_total_revenue":1945237.1875,"brand_share_pct":0.30000001192092896},{"store":"Elevation Midtown","carries_brand":true,"sku_count":2,"revenue":33601.19873046875,"units":27244,"store_total_revenue":30850185.0,"brand_share_pct":0.10000000149011612},{"store":"Elevation Boulevard","carries_brand":true,"sku_count":2,"revenue":14813.24951171875,"units":11904,"store_total_revenue":28757865.0,"brand_share_pct":0.10000000149011612},{"store":"Elevation Parkway","carries_brand":true,"sku_count":2,"revenue":20460.54931640625,"units":16570,"store_total_revenue":21987007.5,"brand_share_pct":0.10000000149011612}],"share_of_category":[{"category":"ACCESSORY","brand_revenue":193817.109375,"category_revenue":4128754.0625,"revenue_share_pct":4.699999809265137,"brand_units":156076,"category_units":2130096,"units_share_pct":7.3}],"share_of_category_trend":{"ACCESSORY":[{"period":"2024-01","brand_revenue":0.0,"category_revenue":153543.9453125,"share_pct":0.0},{"period":"2024-02","brand_revenue":0.0,"category_revenue":152399.47265625,"share_pct":0.0},{"period":"2024-03","brand_revenue":0.0,"category_revenue":154678.876953125,"share_pct":0.0},{"period":"2024-04","brand_revenue":0.0,"category_revenue":163353.65234375,"share_pct":0.0},{"period":"2024-05","brand_revenue":0.0,"category_revenue":179676.4453125,"share_pct":0.0},{"period":"2024-06","brand_revenue":0.0,"category_revenue":185008.828125,"share_pct":0.0},{"period":"2024-07","brand_revenue":0.0,"category_revenue":186675.46875,"share_pct":0.0},{"period":"2024-08","brand_revenue":0.0,"category_revenue":180226.328125,"share_pct":0.0},{"period":"2024-09","brand_revenue":0.0,"category_revenue":162386.298828125,"share_pct":0.0},{"period":"2024-10","brand_revenue":0.0,"category_revenue":166088.73046875,"share_pct":0.0},{"period":"2024-11","brand_revenue":0.0,"category_revenue":171706.09375,"share_pct":0.0},{"period":"2024-12","brand_revenue":0.0,"category_revenue":176502.03125,"share_pct":0.0},{"period":"2025-01","brand_revenue":0.0,"category_revenue":167261.34765625,"share_pct":0.0},{"period":"2025-02","brand_revenue":0.0,"category_revenue":155260.927734375,"share_pct":0.0},{"period":"2025-03","brand_revenue":0.0,"category_revenue":176420.390625,"share_pct":0.0},{"period":"2025-04","brand_revenue":0.0,"category_revenue":182694.82421875,"share_pct":0.0},{"period":"2025-05","brand_revenue":0.0,"category_revenue":179904.4921875,"share_pct":0.0},{"period":"2025-06","brand_revenue":55919.90234375,"category_revenue":161148.75,"share_pct":34.70000076293945},{"period":"2025-07","brand_revenue":87837.40234375,"category_revenue":165549.8046875,"share_pct":53.099998474121094},{"period":"2025-08","brand_revenue":50059.82421875,"category_revenue":171752.05078125,"share_pct":29.100000381469727},{"period":"2025-09","brand_revenue":0.0,"category_revenue":168198.9453125,"share_pct":0.0},{"period":"2025-10","brand_revenue":0.0,"category_revenue":171844.55078125,"share_pct":0.0},{"period":"2025-11","brand_revenue":0.0,"category_revenue":172839.74609375,"share_pct":0.0},{"period":"2025-12","brand_revenue":0.0,"category_revenue":141954.873046875,"share_pct":0.0},{"period":"2026-01","brand_revenue":0.0,"category_revenue":81677.1484375,"share_pct":0.0}]},"velocity_by_category":[{"category":"ACCESSORY","brand_units_per_day":204.82,"category_avg_units_per_day":20.56,"velocity_index":996.5,"brand_rev_per_unit":0.99,"category_rev_per_unit":1.55,"brands_in_category":136}],"store_gaps":[],"product_mix":{"top":[{"product":"EXIT BAG","units":156076,"revenue":193817.12890625,"cost":78038.0029296875,"profit":115779.130859375,"stores":7,"transactions":155650,"margin":59.70000076293945}],"bottom":[],"expansion":[]},"pricing_consistency":[{"product":"EXIT BAG","min_price":2.466686149645335,"max_price":2.498152055371612,"avg_price":2.4841932052249556,"std_dev":0.004672247357186458,"store_count":14,"price_range":0.031465905726277,"range_pct":1.3}],"promotional_effectiveness":{"lift":{"fp_units_per_day":2228.64,"disc_units_per_day":33.34,"lift_pct":-98.5,"fp_avg_revenue_per_unit":2.5,"disc_avg_revenue_per_unit":1.4000000000000001},"by_deal":[{"deal_name":"Senior Sunday - RENO ONLY - 20% Off","uses":18,"revenue":36.0000005364418,"discounts":9.00000013411045,"units":36.0,"cost":18.0000002682209,"margin":50.0,"discount_depth":40.0}]},"growth_opportunities":[],"trend":[{"period":"2025-06","revenue":55919.90234375,"cost":22544.00146484375,"margin":59.7,"units":45088,"transactions":44942,"profit":33375.90087890625,"revenue_change_pct":null,"units_change_pct":null,"margin_change_pts":null},{"period":"2025-07","revenue":87837.40234375,"cost":35351.0009765625,"margin":59.8,"units":70702,"transactions":70526,"profit":52486.4013671875,"revenue_change_pct":57.1,"units_change_pct":56.8,"margin_change_pts":0.1},{"period":"2025-08","revenue":50059.82421875,"cost":20143.00048828125,"margin":59.8,"units":40286,"transactions":40182,"profit":29916.826171875,"revenue_change_pct":-43.0,"units_change_pct":-43.0,"margin_change_pts":0.0}]}