{"brand":"Exit Bag","date_range":"2024-01-01 00:00:00 to 2026-01-31 00:00:00","period_label":"All Time","summary":{"total_units":78038,"total_revenue":77526.84375,"total_cost":31215.203125,"total_discounts":511.1499938964844,"total_profit":46311.6484375,"overall_margin":59.70000076293945,"fp_margin":60.0,"disc_margin":28.0,"pct_full_price":99.19999694824219,"avg_discount_rate":0.699999988079071,"fp_revenue":76888.0,"disc_revenue":638.8500366210938,"unique_customers":44116,"brand":"Exit Bag","date_range":"2024-01-01 00:00:00 to 2026-01-31 00:00:00","months_count":3,"avg_monthly_cost":10405.07,"cost_per_unit":0.4,"primary_category":"ACCESSORY","primary_cat_margin":61.099998474121094,"category_rank":3,"category_total":136,"margin_vs_category":-1.399999976158142,"velocity_rank":2},"category_breakdown":[{"category_clean":"ACCESSORY","units":78038,"revenue":77526.8515625,"cost":31215.201171875,"profit":46311.65234375,"discounts":511.1499938964844,"margin":59.70000076293945,"category_avg_margin":61.099998474121094,"vs_category":-1.4,"rank":3.0,"total_brands":136.0}],"trend":[{"period":"2025-06","revenue":22367.9609375,"cost":9017.6005859375,"margin":59.7,"units":22544,"transactions":22471,"profit":13350.3603515625,"revenue_change_pct":null,"units_change_pct":null,"margin_change_pts":null},{"period":"2025-07","revenue":35134.9609375,"cost":14140.400390625,"margin":59.8,"units":35351,"transactions":35263,"profit":20994.560546875,"revenue_change_pct":57.1,"units_change_pct":56.8,"margin_change_pts":0.1},{"period":"2025-08","revenue":20023.9296875,"cost":8057.2001953125,"margin":59.8,"units":20143,"transactions":20091,"profit":11966.73046875,"revenue_change_pct":-43.0,"units_change_pct":-43.0,"margin_change_pts":0.0}],"share_of_category":[{"category":"ACCESSORY","brand_revenue":77526.84375,"category_revenue":1651501.625,"revenue_share_pct":4.699999809265137,"brand_units":78038,"category_units":1065048,"units_share_pct":7.3}],"share_of_category_trend":{"ACCESSORY":[{"period":"2024-01","brand_revenue":0.0,"category_revenue":61417.578125,"share_pct":0.0},{"period":"2024-02","brand_revenue":0.0,"category_revenue":60959.7890625,"share_pct":0.0},{"period":"2024-03","brand_revenue":0.0,"category_revenue":61871.55078125,"share_pct":0.0},{"period":"2024-04","brand_revenue":0.0,"category_revenue":65341.4609375,"share_pct":0.0},{"period":"2024-05","brand_revenue":0.0,"category_revenue":71870.578125,"share_pct":0.0},{"period":"2024-06","brand_revenue":0.0,"category_revenue":74003.53125,"share_pct":0.0},{"period":"2024-07","brand_revenue":0.0,"category_revenue":74670.1875,"share_pct":0.0},{"period":"2024-08","brand_revenue":0.0,"category_revenue":72090.53125,"share_pct":0.0},{"period":"2024-09","brand_revenue":0.0,"category_revenue":64954.51953125,"share_pct":0.0},{"period":"2024-10","brand_revenue":0.0,"category_revenue":66435.4921875,"share_pct":0.0},{"period":"2024-11","brand_revenue":0.0,"category_revenue":68682.4375,"share_pct":0.0},{"period":"2024-12","brand_revenue":0.0,"category_revenue":70600.8125,"share_pct":0.0},{"period":"2025-01","brand_revenue":0.0,"category_revenue":66904.5390625,"share_pct":0.0},{"period":"2025-02","brand_revenue":0.0,"category_revenue":62104.37109375,"share_pct":0.0},{"period":"2025-03","brand_revenue":0.0,"category_revenue":70568.15625,"share_pct":0.0},{"period":"2025-04","brand_revenue":0.0,"category_revenue":73077.9296875,"share_pct":0.0},{"period":"2025-05","brand_revenue":0.0,"category_revenue":71961.796875,"share_pct":0.0},{"period":"2025-06","brand_revenue":22367.9609375,"category_revenue":64459.5,"share_pct":34.70000076293945},{"period":"2025-07","brand_revenue":35134.9609375,"category_revenue":66219.921875,"share_pct":53.099998474121094},{"period":"2025-08","brand_revenue":20023.9296875,"category_revenue":68700.8203125,"share_pct":29.100000381469727},{"period":"2025-09","brand_revenue":0.0,"category_revenue":67279.578125,"share_pct":0.0},{"period":"2025-10","brand_revenue":0.0,"category_revenue":68737.8203125,"share_pct":0.0},{"period":"2025-11","brand_revenue":0.0,"category_revenue":69135.8984375,"share_pct":0.0},{"period":"2025-12","brand_revenue":0.0,"category_revenue":56781.94921875,"share_pct":0.0},{"period":"2026-01","brand_revenue":0.0,"category_revenue":32670.859375,"share_pct":0.0}]},"discount_depth":[{"tier":"0% (Full Price)","transactions":76688,"pct_of_transactions":98.5,"revenue":76888.0,"avg_discount":0.0},{"tier":"1-10%","transactions":213,"pct_of_transactions":0.3,"revenue":191.69998168945312,"avg_discount":10.0},{"tier":"11-20%","transactions":84,"pct_of_transactions":0.1,"revenue":67.35002136230469,"avg_discount":19.799999237060547},{"tier":"21-30%","transactions":110,"pct_of_transactions":0.1,"revenue":83.27999877929688,"avg_discount":25.0},{"tier":"31%+","transactions":328,"pct_of_transactions":0.4,"revenue":15.119999885559082,"avg_discount":95.9000015258789}],"velocity":{"units_per_day":1130.99,"revenue_per_day":1123.5799560546875,"avg_units_per_txn":1.0,"days_of_data":69,"total_units":78038,"total_transactions":77825},"velocity_by_category":[{"category":"ACCESSORY","brand_units_per_day":102.41,"category_avg_units_per_day":10.28,"velocity_index":996.5,"brand_rev_per_unit":0.99,"category_rev_per_unit":1.55,"brands_in_category":136}],"deals":[{"deal_name":"Senior Sunday - RENO ONLY - 20% Off","times_used":18,"units":18.0,"revenue":14.400000214576721,"discounts":3.6000000536441803,"cost":7.200000107288361,"profit":7.200000107288361,"pre_discount_revenue":18.0,"margin":50.0,"avg_discount":20.0}],"top_products":[{"product":"EXIT BAG","units":78038,"revenue":77526.8515625,"cost":31215.201171875,"profit":46311.65234375,"transactions":77825,"margin":59.70000076293945}],"products_by_store":{"Thrive Cactus":[{"product":"EXIT BAG","units":21136,"revenue":21070.16015625,"cost":8454.400390625,"profit":12615.7607421875,"transactions":21113,"margin":59.900001525878906}],"Thrive Cheyenne":[{"product":"EXIT BAG","units":9943,"revenue":9886.0703125,"cost":3977.199951171875,"profit":5908.8701171875,"transactions":9938,"margin":59.79999923706055}],"Thrive Jackpot":[{"product":"EXIT BAG","units":16462,"revenue":16384.5703125,"cost":6584.80029296875,"profit":9799.7705078125,"transactions":16307,"margin":59.79999923706055}],"Thrive Main Street":[{"product":"EXIT BAG","units":2638,"revenue":2636.050048828125,"cost":1055.2000732421875,"profit":1580.85009765625,"transactions":2638,"margin":60.0}],"Thrive Reno":[{"product":"EXIT BAG","units":13622,"revenue":13440.48046875,"cost":5448.80029296875,"profit":7991.68017578125,"transactions":13608,"margin":59.5}],"Thrive Sahara":[{"product":"EXIT BAG","units":5952,"revenue":5925.2998046875,"cost":2380.800048828125,"profit":3544.500244140625,"transactions":5949,"margin":59.79999923706055}],"Thrive Sammy":[{"product":"EXIT BAG","units":8285,"revenue":8184.22021484375,"cost":3314.0,"profit":4870.22021484375,"transactions":8272,"margin":59.5}]},"store_summary":[{"store_clean":"Thrive Cactus","units":21136,"revenue":21070.16015625,"cost":8454.400390625,"profit":12615.7607421875,"discounts":65.84000396728516,"margin":59.900001525878906,"discount_rate":0.30000001192092896},{"store_clean":"Thrive Jackpot","units":16462,"revenue":16384.5703125,"cost":6584.80029296875,"profit":9799.7705078125,"discounts":77.43000030517578,"margin":59.79999923706055,"discount_rate":0.5},{"store_clean":"Thrive Reno","units":13622,"revenue":13440.48046875,"cost":5448.80029296875,"profit":7991.68017578125,"discounts":181.52000427246094,"margin":59.5,"discount_rate":1.2999999523162842},{"store_clean":"Thrive Cheyenne","units":9943,"revenue":9886.0703125,"cost":3977.199951171875,"profit":5908.8701171875,"discounts":56.93000030517578,"margin":59.79999923706055,"discount_rate":0.6000000238418579},{"store_clean":"Thrive Sammy","units":8285,"revenue":8184.22021484375,"cost":3314.0,"profit":4870.22021484375,"discounts":100.77999877929688,"margin":59.5,"discount_rate":1.2000000476837158},{"store_clean":"Thrive Sahara","units":5952,"revenue":5925.2998046875,"cost":2380.800048828125,"profit":3544.500244140625,"discounts":26.700000762939453,"margin":59.79999923706055,"discount_rate":0.4000000059604645},{"store_clean":"Thrive Main Street","units":2638,"revenue":2636.050048828125,"cost":1055.2000732421875,"profit":1580.85009765625,"discounts":1.9500000476837158,"margin":60.0,"discount_rate":0.10000000149011612}],"recommendations":[{"severity":"red","title":"LOW DISCOUNTED MARGIN","detail":"Margin drops to 28.0% when discounted.","action":"Cap discount depth at 20% or negotiate lower wholesale cost."},{"severity":"info","title":"VOLUME LEVERAGE","detail":"$77,527 revenue provides negotiating leverage.","action":"Use volume as leverage in next vendor meeting."}],"comparison":null}