{"brand":"CANNAPUNCH","date_range":"2024-01-01 00:00:00 to 2026-01-31 00:00:00","period_label":"All Time","summary":{"total_units":26,"total_revenue":328.6250305175781,"total_cost":227.5,"total_discounts":57.62499809265137,"total_profit":101.12499237060547,"overall_margin":30.799999237060547,"fp_margin":41.70000076293945,"disc_margin":17.600000381469727,"pct_full_price":54.79999923706055,"avg_discount_rate":14.899999618530273,"fp_revenue":180.0,"disc_revenue":148.6250114440918,"unique_customers":18,"brand":"CANNAPUNCH","date_range":"2024-01-01 00:00:00 to 2026-01-31 00:00:00","months_count":2,"avg_monthly_cost":227.5,"cost_per_unit":17.5,"primary_category":"EDIBLE","primary_cat_margin":50.0,"category_rank":32,"category_total":32,"margin_vs_category":-19.200000762939453,"velocity_rank":32},"category_breakdown":[{"category_clean":"EDIBLE","units":26,"revenue":328.62499237060547,"cost":227.5,"profit":101.12500190734863,"discounts":57.62499809265137,"margin":30.799999237060547,"category_avg_margin":50.0,"vs_category":-19.2,"rank":32.0,"total_brands":32.0}],"trend":[{"period":"2024-01","revenue":328.62499237060547,"cost":227.5,"margin":30.8,"units":26,"transactions":18,"profit":101.12500190734863,"revenue_change_pct":null,"units_change_pct":null,"margin_change_pts":null}],"share_of_category":[{"category":"EDIBLE","brand_revenue":328.6250305175781,"category_revenue":29378492.5,"revenue_share_pct":0.0,"brand_units":26,"category_units":1706530,"units_share_pct":0.0}],"share_of_category_trend":{"EDIBLE":[{"period":"2024-01","brand_revenue":328.62499237060547,"category_revenue":1115754.921875,"share_pct":0.0},{"period":"2024-02","brand_revenue":0.0,"category_revenue":1235210.0,"share_pct":0.0},{"period":"2024-03","brand_revenue":0.0,"category_revenue":1273343.671875,"share_pct":0.0},{"period":"2024-04","brand_revenue":0.0,"category_revenue":1298159.0625,"share_pct":0.0},{"period":"2024-05","brand_revenue":0.0,"category_revenue":1215880.78125,"share_pct":0.0},{"period":"2024-06","brand_revenue":0.0,"category_revenue":1181362.421875,"share_pct":0.0},{"period":"2024-07","brand_revenue":0.0,"category_revenue":1128302.8125,"share_pct":0.0},{"period":"2024-08","brand_revenue":0.0,"category_revenue":1167724.921875,"share_pct":0.0},{"period":"2024-09","brand_revenue":0.0,"category_revenue":1114619.53125,"share_pct":0.0},{"period":"2024-10","brand_revenue":0.0,"category_revenue":1205149.0625,"share_pct":0.0},{"period":"2024-11","brand_revenue":0.0,"category_revenue":1236132.421875,"share_pct":0.0},{"period":"2024-12","brand_revenue":0.0,"category_revenue":1207318.046875,"share_pct":0.0},{"period":"2025-01","brand_revenue":0.0,"category_revenue":1176202.578125,"share_pct":0.0},{"period":"2025-02","brand_revenue":0.0,"category_revenue":1097683.359375,"share_pct":0.0},{"period":"2025-03","brand_revenue":0.0,"category_revenue":1228067.265625,"share_pct":0.0},{"period":"2025-04","brand_revenue":0.0,"category_revenue":1290106.171875,"share_pct":0.0},{"period":"2025-05","brand_revenue":0.0,"category_revenue":1191670.3125,"share_pct":0.0},{"period":"2025-06","brand_revenue":0.0,"category_revenue":1110702.109375,"share_pct":0.0},{"period":"2025-07","brand_revenue":0.0,"category_revenue":1096938.125,"share_pct":0.0},{"period":"2025-08","brand_revenue":0.0,"category_revenue":1145920.859375,"share_pct":0.0},{"period":"2025-09","brand_revenue":0.0,"category_revenue":1070074.53125,"share_pct":0.0},{"period":"2025-10","brand_revenue":0.0,"category_revenue":1168865.78125,"share_pct":0.0},{"period":"2025-11","brand_revenue":0.0,"category_revenue":1192334.453125,"share_pct":0.0},{"period":"2025-12","brand_revenue":0.0,"category_revenue":1138094.375,"share_pct":0.0},{"period":"2026-01","brand_revenue":0.0,"category_revenue":1092874.21875,"share_pct":0.0}]},"discount_depth":[{"tier":"0% (Full Price)","transactions":6,"pct_of_transactions":33.3,"revenue":180.0,"avg_discount":0.0},{"tier":"1-10%","transactions":2,"pct_of_transactions":11.1,"revenue":23.624999523162842,"avg_discount":20.0},{"tier":"11-20%","transactions":0,"pct_of_transactions":0.0,"revenue":0.0,"avg_discount":0},{"tier":"21-30%","transactions":8,"pct_of_transactions":44.4,"revenue":105.0,"avg_discount":60.0},{"tier":"31%+","transactions":2,"pct_of_transactions":11.1,"revenue":20.0,"avg_discount":66.5999984741211}],"velocity":{"units_per_day":2.16,"revenue_per_day":27.374999523162842,"avg_units_per_txn":2.88,"days_of_data":12,"total_units":26,"total_transactions":18},"velocity_by_category":[{"category":"EDIBLE","brand_units_per_day":0.04,"category_avg_units_per_day":69.98,"velocity_index":0.0,"brand_rev_per_unit":10.11,"category_rev_per_unit":13.77,"brands_in_category":32}],"deals":[{"deal_name":"Industry - 30% Off","times_used":4,"units":4.0,"revenue":41.99999809265137,"discounts":17.999999523162842,"cost":35.0,"profit":6.9999998807907104,"pre_discount_revenue":60.0,"margin":16.7,"avg_discount":60.0}],"top_products":[{"product":"PINEAPPLE MANGO DELIGHT ELIXIR - CANNAPUNCH","units":24,"revenue":305.0,"cost":210.0,"profit":95.0,"transactions":16,"margin":31.100000381469727},{"product":"BLACK CHERRY FUSION ELIXIR - CANNAPUNCH","units":2,"revenue":23.624999523162842,"cost":17.5,"profit":6.1250001192092896,"transactions":2,"margin":25.899999618530273}],"products_by_store":{"Elevation Parkway":[{"product":"PINEAPPLE MANGO DELIGHT ELIXIR - CANNAPUNCH","units":24,"revenue":305.0,"cost":210.0,"profit":95.0,"transactions":16,"margin":31.100000381469727},{"product":"BLACK CHERRY FUSION ELIXIR - CANNAPUNCH","units":2,"revenue":23.624999523162842,"cost":17.5,"profit":6.1250001192092896,"transactions":2,"margin":25.899999618530273}]},"store_summary":[{"store_clean":"Elevation Parkway","units":26,"revenue":328.62499237060547,"cost":227.5,"profit":101.12500190734863,"discounts":57.62499809265137,"margin":30.799999237060547,"discount_rate":14.899999618530273}],"recommendations":[{"severity":"red","title":"EDIBLE: BELOW CATEGORY AVERAGE","detail":"Margin (30.8%) is 19 pts below EDIBLE average. Ranked #32 of 32. Strong case for cost negotiation.","action":"Request 10% cost reduction or evaluate alternative EDIBLE brands."},{"severity":"yellow","title":"CATEGORY BENCHMARK GAP","detail":"Overall margin (30.8%) trails EDIBLE average (50.0%) by 19.2 pts.","action":"Negotiate cost reduction or increase retail price."},{"severity":"red","title":"LOW DISCOUNTED MARGIN","detail":"Margin drops to 17.6% when discounted.","action":"Cap discount depth at 20% or negotiate lower wholesale cost."}],"comparison":null}