{"brand":"UNCLE ARNIES","date_range":"2024-01-01 00:00:00 to 2026-01-31 00:00:00","period_label":"All Time","summary":{"total_units":55148,"total_revenue":627222.8125,"total_cost":303161.5625,"total_discounts":160429.677734375,"total_profit":324061.25,"overall_margin":51.70000076293945,"fp_margin":59.79999923706055,"disc_margin":46.79999923706055,"pct_full_price":37.29999923706055,"avg_discount_rate":20.399999618530273,"fp_revenue":234117.5,"disc_revenue":393105.3125,"brand":"UNCLE ARNIES","date_range":"2024-01-01 00:00:00 to 2026-01-31 00:00:00","primary_category":"EDIBLE","store_coverage":"6/7","stores_present":["Elevation Springs","Elevation Mesa","Elevation Oasis","Elevation Midtown","Elevation Boulevard","Elevation Parkway"],"stores_missing":["Elevation Downtown"],"velocity_rank":11,"velocity_total":32},"distribution":[{"store":"Elevation Springs","carries_brand":true,"sku_count":26,"revenue":137640.673828125,"units":12198,"store_total_revenue":51138750.0,"brand_share_pct":0.30000001192092896},{"store":"Elevation Mesa","carries_brand":true,"sku_count":26,"revenue":132497.1484375,"units":12060,"store_total_revenue":47532240.0,"brand_share_pct":0.30000001192092896},{"store":"Elevation Oasis","carries_brand":true,"sku_count":26,"revenue":110246.904296875,"units":9310,"store_total_revenue":56050145.0,"brand_share_pct":0.20000000298023224},{"store":"Elevation Downtown","carries_brand":false,"sku_count":0,"revenue":0.0,"units":0,"store_total_revenue":1945237.1875,"brand_share_pct":0},{"store":"Elevation Midtown","carries_brand":true,"sku_count":26,"revenue":104135.52734375,"units":8990,"store_total_revenue":30850185.0,"brand_share_pct":0.30000001192092896},{"store":"Elevation Boulevard","carries_brand":true,"sku_count":24,"revenue":89338.14453125,"units":8080,"store_total_revenue":28757865.0,"brand_share_pct":0.30000001192092896},{"store":"Elevation Parkway","carries_brand":true,"sku_count":24,"revenue":53364.423828125,"units":4510,"store_total_revenue":21987007.5,"brand_share_pct":0.20000000298023224}],"share_of_category":[{"category":"EDIBLE","brand_revenue":627222.8125,"category_revenue":29378492.5,"revenue_share_pct":2.0999999046325684,"brand_units":55148,"category_units":1706530,"units_share_pct":3.2}],"share_of_category_trend":{"EDIBLE":[{"period":"2024-01","brand_revenue":20215.50048828125,"category_revenue":1115754.921875,"share_pct":1.7999999523162842},{"period":"2024-02","brand_revenue":23958.9501953125,"category_revenue":1235210.0,"share_pct":1.899999976158142},{"period":"2024-03","brand_revenue":16665.50048828125,"category_revenue":1273343.671875,"share_pct":1.2999999523162842},{"period":"2024-04","brand_revenue":28345.80078125,"category_revenue":1298159.0625,"share_pct":2.200000047683716},{"period":"2024-05","brand_revenue":24082.7001953125,"category_revenue":1215880.78125,"share_pct":2.0},{"period":"2024-06","brand_revenue":20961.25,"category_revenue":1181362.421875,"share_pct":1.7999999523162842},{"period":"2024-07","brand_revenue":24565.52490234375,"category_revenue":1128302.8125,"share_pct":2.200000047683716},{"period":"2024-08","brand_revenue":27669.423828125,"category_revenue":1167724.921875,"share_pct":2.4000000953674316},{"period":"2024-09","brand_revenue":22508.00048828125,"category_revenue":1114619.53125,"share_pct":2.0},{"period":"2024-10","brand_revenue":19847.774658203125,"category_revenue":1205149.0625,"share_pct":1.600000023841858},{"period":"2024-11","brand_revenue":10778.87451171875,"category_revenue":1236132.421875,"share_pct":0.8999999761581421},{"period":"2024-12","brand_revenue":612.0000076293945,"category_revenue":1207318.046875,"share_pct":0.10000000149011612},{"period":"2025-01","brand_revenue":10202.5,"category_revenue":1176202.578125,"share_pct":0.8999999761581421},{"period":"2025-02","brand_revenue":12013.62548828125,"category_revenue":1097683.359375,"share_pct":1.100000023841858},{"period":"2025-03","brand_revenue":27183.64990234375,"category_revenue":1228067.265625,"share_pct":2.200000047683716},{"period":"2025-04","brand_revenue":29392.17529296875,"category_revenue":1290106.171875,"share_pct":2.299999952316284},{"period":"2025-05","brand_revenue":32959.25048828125,"category_revenue":1191670.3125,"share_pct":2.799999952316284},{"period":"2025-06","brand_revenue":29790.6005859375,"category_revenue":1110702.109375,"share_pct":2.700000047683716},{"period":"2025-07","brand_revenue":30273.22509765625,"category_revenue":1096938.125,"share_pct":2.799999952316284},{"period":"2025-08","brand_revenue":31344.07470703125,"category_revenue":1145920.859375,"share_pct":2.700000047683716},{"period":"2025-09","brand_revenue":30815.2490234375,"category_revenue":1070074.53125,"share_pct":2.9000000953674316},{"period":"2025-10","brand_revenue":33930.72509765625,"category_revenue":1168865.78125,"share_pct":2.9000000953674316},{"period":"2025-11","brand_revenue":39411.75048828125,"category_revenue":1192334.453125,"share_pct":3.299999952316284},{"period":"2025-12","brand_revenue":34553.5986328125,"category_revenue":1138094.375,"share_pct":3.0},{"period":"2026-01","brand_revenue":45141.0986328125,"category_revenue":1092874.21875,"share_pct":4.099999904632568}]},"velocity_by_category":[{"category":"EDIBLE","brand_units_per_day":72.38,"category_avg_units_per_day":69.98,"velocity_index":103.4,"brand_rev_per_unit":9.1,"category_rev_per_unit":13.77,"brands_in_category":32}],"store_gaps":[{"store":"Elevation Downtown","category":"EDIBLE","category_revenue_at_store":354431.015625,"opportunity":"Brand not carried"}],"product_mix":{"top":[{"product":"STRAWBERRY KIWI 2OZ - UNCLE ARNIES","units":9922,"revenue":102051.5234375,"cost":45912.6513671875,"profit":56138.876953125,"stores":6,"transactions":5622,"margin":55.0},{"product":"MAGIC MANGO 2OZ - UNCLE ARNIES","units":8952,"revenue":93560.126953125,"cost":45185.6005859375,"profit":48374.5263671875,"stores":6,"transactions":5520,"margin":51.70000076293945},{"product":"SMACKIN APPLE 8OZ - UNCLE ARNIES","units":6700,"revenue":86893.349609375,"cost":43147.5,"profit":43745.849609375,"stores":6,"transactions":4292,"margin":50.29999923706055},{"product":"SWEET PEACH ICED TEA 8OZ - UNCLE ARNIES","units":5940,"revenue":76163.4228515625,"cost":38015.0,"profit":38148.42529296875,"stores":6,"transactions":3988,"margin":50.099998474121094},{"product":"BLUEBERRY NIGHTCAP 2OZ - UNCLE ARNIES","units":6898,"revenue":70317.05078125,"cost":34011.201171875,"profit":36305.849609375,"stores":6,"transactions":3662,"margin":51.599998474121094},{"product":"PINEAPPLE PUNCH 8OZ - UNCLE ARNIES","units":4062,"revenue":53978.9013671875,"cost":25983.1005859375,"profit":27995.80078125,"stores":6,"transactions":2838,"margin":51.900001525878906},{"product":"SUNRISE ORANGE 2OZ - UNCLE ARNIES","units":4826,"revenue":49522.5,"cost":24377.5,"profit":25145.0,"stores":6,"transactions":3056,"margin":50.79999923706055},{"product":"ICED TEA LEMONADE 8OZ - UNCLE ARNIES","units":2824,"revenue":36013.60107421875,"cost":18262.5,"profit":17751.099853515625,"stores":6,"transactions":2016,"margin":49.29999923706055},{"product":"WATERMELON WAVE 8OZ - UNCLE ARNIES","units":2018,"revenue":24698.22509765625,"cost":11851.524658203125,"profit":12846.700439453125,"stores":6,"transactions":1260,"margin":52.0},{"product":"BLUEBERRY NIGHT CAP 2OZ - UNCLE ARNIES","units":1610,"revenue":16715.12451171875,"cost":8050.0,"profit":8665.125122070312,"stores":6,"transactions":1024,"margin":51.79999923706055},{"product":"BLUEBERRY LAVENDER 2OZ - UNCLE ARNIES","units":642,"revenue":8029.5001220703125,"cost":3772.5,"profit":4257.0001220703125,"stores":6,"transactions":448,"margin":53.0},{"product":"KIWI STRAWBERRY 2OZ - UNCLE ARNIES","units":370,"revenue":4684.5001220703125,"cost":2192.5,"profit":2491.999969482422,"stores":4,"transactions":218,"margin":53.20000076293945},{"product":"WATERMELON WAVE 8OZ - UNCLE ARNIES 100MG","units":384,"revenue":4595.0,"cost":2400.0,"profit":2195.0,"stores":6,"transactions":266,"margin":47.79999923706055}],"bottom":[],"expansion":[{"product":"KIWI STRAWBERRY 2OZ - UNCLE ARNIES","current_stores":4,"total_stores":6,"missing_stores":["Elevation Boulevard","Elevation Parkway"],"revenue":4684.5001220703125}]},"pricing_consistency":[{"product":"KIWI STRAWBERRY 2OZ - UNCLE ARNIES","min_price":22.34375,"max_price":28.26315896552906,"avg_price":24.88733097399106,"std_dev":0.989168104926037,"store_count":8,"price_range":5.919408965529058,"range_pct":23.8},{"product":"SWEET PEACH ICED TEA 8OZ - UNCLE ARNIES","min_price":23.135505772844148,"max_price":28.458520179372194,"avg_price":25.964880116341334,"std_dev":0.7943798602021195,"store_count":12,"price_range":5.323014406528048,"range_pct":20.5},{"product":"BLUEBERRY LAVENDER 2OZ - UNCLE ARNIES","min_price":23.37837837837838,"max_price":28.272727272727273,"avg_price":25.366040394622726,"std_dev":0.7235595082376715,"store_count":12,"price_range":4.894348894348894,"range_pct":19.3},{"product":"SMACKIN APPLE 8OZ - UNCLE ARNIES","min_price":23.814113733771638,"max_price":28.368267052142183,"avg_price":26.10283437943979,"std_dev":0.5866668373125037,"store_count":12,"price_range":4.554153318370546,"range_pct":17.4},{"product":"ICED TEA LEMONADE 8OZ - UNCLE ARNIES","min_price":23.51551231971154,"max_price":27.733558103612168,"avg_price":25.49706197202657,"std_dev":0.7036352184750313,"store_count":12,"price_range":4.218045783900628,"range_pct":16.5},{"product":"WATERMELON WAVE 8OZ - UNCLE ARNIES","min_price":23.438104139332857,"max_price":27.462151845296226,"avg_price":24.91861174888347,"std_dev":0.6050300629177626,"store_count":12,"price_range":4.024047705963367,"range_pct":16.1},{"product":"WATERMELON WAVE 8OZ - UNCLE ARNIES 100MG","min_price":22.520834604899086,"max_price":26.20833396911621,"avg_price":24.279212719163716,"std_dev":0.5473937863141205,"store_count":12,"price_range":3.687499364217124,"range_pct":15.2},{"product":"SUNRISE ORANGE 2OZ - UNCLE ARNIES","min_price":19.236526946107784,"max_price":22.32541728952078,"avg_price":20.611955642365846,"std_dev":0.41411298062961804,"store_count":12,"price_range":3.0888903434129933,"range_pct":15.0},{"product":"PINEAPPLE PUNCH 8OZ - UNCLE ARNIES","min_price":24.8991015625,"max_price":28.562499152289497,"avg_price":26.846450409074887,"std_dev":0.534087701987972,"store_count":12,"price_range":3.6633975897894944,"range_pct":13.6},{"product":"BLUEBERRY NIGHT CAP 2OZ - UNCLE ARNIES","min_price":19.56651320151233,"max_price":21.629076418669328,"avg_price":20.6310293321999,"std_dev":0.323132864489375,"store_count":12,"price_range":2.0625632171569985,"range_pct":10.0},{"product":"STRAWBERRY KIWI 2OZ - UNCLE ARNIES","min_price":19.792521518943584,"max_price":21.565090041086464,"avg_price":20.678411017774575,"std_dev":0.253683628418261,"store_count":12,"price_range":1.772568522142881,"range_pct":8.6},{"product":"BLUEBERRY NIGHTCAP 2OZ - UNCLE ARNIES","min_price":19.65028729868942,"max_price":20.865284025360268,"avg_price":20.41739209399271,"std_dev":0.17917170451828113,"store_count":12,"price_range":1.2149967266708472,"range_pct":6.0},{"product":"MAGIC MANGO 2OZ - UNCLE ARNIES","min_price":20.567581305601628,"max_price":21.749999434859664,"avg_price":20.968672387280343,"std_dev":0.1608643215967422,"store_count":12,"price_range":1.1824181292580338,"range_pct":5.6}],"promotional_effectiveness":{"lift":{"fp_units_per_day":23.44,"disc_units_per_day":56.32,"lift_pct":140.4,"fp_avg_revenue_per_unit":29.25,"disc_avg_revenue_per_unit":20.075},"by_deal":[{"deal_name":"Industry - 30% Off","uses":1372,"revenue":55217.62385249138,"discounts":23801.12455546856,"units":5455.0,"cost":31250.974999978207,"margin":43.4,"discount_depth":60.2},{"deal_name":"Industry 30% Off","uses":1084,"revenue":55840.34037907918,"discounts":24258.407967686653,"units":5611.333333333333,"cost":30161.633333296828,"margin":46.0,"discount_depth":60.6},{"deal_name":"Stock & Save - SIP / Uncle Arnies 4 for $32","uses":861,"revenue":55671.07500076294,"discounts":20032.6750010252,"units":5563.0,"cost":27870.0,"margin":49.9,"discount_depth":53.0},{"deal_name":"Lit4Less - SIP / Uncle Arnies - 4 for $32","uses":805,"revenue":55102.98750638962,"discounts":20879.51250255108,"units":5526.0,"cost":27410.549999992363,"margin":50.3,"discount_depth":55.0},{"deal_name":"Lit4Less - SIP / Uncle Arnies /Cannavore/Hippies - 4 for $32","uses":460,"revenue":28129.199999570847,"discounts":10590.800000429153,"units":2816.0,"cost":12214.674999918789,"margin":56.6,"discount_depth":54.8},{"deal_name":"Senior - 10% Off","uses":320,"revenue":21169.454477032028,"discounts":2410.5458655953407,"units":1616.3333333333333,"cost":9622.133333332216,"margin":54.5,"discount_depth":20.4},{"deal_name":"4/20 2025 - Edibles","uses":262,"revenue":9668.999996185303,"discounts":9638.500003814697,"units":1356.0,"cost":7417.5,"margin":23.3,"discount_depth":99.8},{"deal_name":"50% Off - G2B","uses":231,"revenue":9708.75,"discounts":9708.75,"units":1362.0,"cost":7460.099999997765,"margin":23.2,"discount_depth":100.0},{"deal_name":"Veterans - 10% Off","uses":219,"revenue":9813.750015497208,"discounts":1103.7500220537186,"units":783.0,"cost":4366.299999998882,"margin":55.5,"discount_depth":20.2},{"deal_name":"Jackpot - Locals 30% Off","uses":134,"revenue":6465.499868392944,"discounts":2954.4999557733536,"units":670.0,"cost":3487.849999992177,"margin":46.1,"discount_depth":62.8},{"deal_name":"4/20 40% Off!!!!","uses":121,"revenue":5177.999942302704,"discounts":3452.0000422000885,"units":618.0,"cost":3527.5,"margin":31.9,"discount_depth":80.0},{"deal_name":"Senior / Veterans - 20% Off","uses":94,"revenue":4179.750072956085,"discounts":1055.2500170469284,"units":374.0,"cost":2047.5999999977648,"margin":51.0,"discount_depth":40.4},{"deal_name":"Employee 30% - NOT FRIDAYS","uses":89,"revenue":2950.4999136924744,"discounts":1264.4999754428864,"units":292.0,"cost":1620.0999999977648,"margin":45.1,"discount_depth":60.0},{"deal_name":"Stock & Save - SIP / Uncle Arnies /Cannavore 4 for $32","uses":70,"revenue":4460.0,"discounts":1737.5,"units":446.0,"cost":2295.0,"margin":48.5,"discount_depth":56.0},{"deal_name":"Employee - 40% OFF","uses":40,"revenue":1720.4999792575836,"discounts":1147.0000207424164,"units":196.0,"cost":1152.5,"margin":33.0,"discount_depth":80.0},{"deal_name":"LVAC - 25% Off","uses":25,"revenue":710.625,"discounts":249.375,"units":66.0,"cost":370.0,"margin":47.9,"discount_depth":52.0},{"deal_name":"Uncle Arnies 4 for $26","uses":17,"revenue":1365.0,"discounts":735.0,"units":168.0,"cost":840.0,"margin":38.5,"discount_depth":70.0},{"deal_name":"Store Credit - $15","uses":14,"revenue":356.7999967932701,"discounts":299.4500032067299,"units":47.0,"cost":205.09999999776483,"margin":42.5,"discount_depth":91.2},{"deal_name":"Store Credit - $25","uses":13,"revenue":402.7249988913536,"discounts":252.27500021457672,"units":45.0,"cost":261.25,"margin":35.1,"discount_depth":77.0},{"deal_name":"30% Off Special","uses":12,"revenue":314.99998569488525,"discounts":134.9999964237213,"units":30.0,"cost":112.64999999664724,"margin":64.2,"discount_depth":60.0}]},"growth_opportunities":[{"type":"distribution","title":"Expand to Elevation Downtown","detail":"Store has $141,772 in EDIBLE \u2014 categories where UNCLE ARNIES competes.","priority":"high"},{"type":"sku_expansion","title":"Add 'KIWI STRAWBERRY 2OZ - UNCLE ARNIES' to 2 more store(s)","detail":"Carried in 4 stores. Missing from: Elevation Boulevard, Elevation Parkway","priority":"medium"}],"trend":[{"period":"2024-01","revenue":20215.50048828125,"cost":9945.0,"margin":50.8,"units":1438,"transactions":772,"profit":10270.50048828125,"revenue_change_pct":null,"units_change_pct":null,"margin_change_pts":null},{"period":"2024-02","revenue":23958.9501953125,"cost":11627.5,"margin":51.5,"units":1654,"transactions":932,"profit":12331.4501953125,"revenue_change_pct":18.5,"units_change_pct":15.0,"margin_change_pts":0.7},{"period":"2024-03","revenue":16665.50048828125,"cost":8145.0,"margin":51.1,"units":1252,"transactions":622,"profit":8520.499877929688,"revenue_change_pct":-30.4,"units_change_pct":-24.3,"margin_change_pts":-0.3},{"period":"2024-04","revenue":28345.80078125,"cost":14342.5,"margin":49.4,"units":2460,"transactions":1280,"profit":14003.299560546875,"revenue_change_pct":70.1,"units_change_pct":96.5,"margin_change_pts":-1.7},{"period":"2024-05","revenue":24082.7001953125,"cost":11190.0,"margin":53.5,"units":1922,"transactions":1002,"profit":12892.7001953125,"revenue_change_pct":-15.0,"units_change_pct":-21.9,"margin_change_pts":4.1},{"period":"2024-06","revenue":20961.25,"cost":9945.0,"margin":52.6,"units":1760,"transactions":982,"profit":11016.25,"revenue_change_pct":-13.0,"units_change_pct":-8.4,"margin_change_pts":-1.0},{"period":"2024-07","revenue":24565.52490234375,"cost":12087.5,"margin":50.8,"units":2136,"transactions":996,"profit":12478.02490234375,"revenue_change_pct":17.2,"units_change_pct":21.4,"margin_change_pts":-1.8},{"period":"2024-08","revenue":27669.423828125,"cost":13255.0,"margin":52.1,"units":2376,"transactions":1032,"profit":14414.425048828125,"revenue_change_pct":12.6,"units_change_pct":11.2,"margin_change_pts":1.3},{"period":"2024-09","revenue":22508.00048828125,"cost":9938.64990234375,"margin":55.8,"units":1892,"transactions":914,"profit":12569.3505859375,"revenue_change_pct":-18.7,"units_change_pct":-20.4,"margin_change_pts":3.7},{"period":"2024-10","revenue":19847.774658203125,"cost":8509.924926757812,"margin":57.1,"units":1766,"transactions":724,"profit":11337.850341796875,"revenue_change_pct":-11.8,"units_change_pct":-6.7,"margin_change_pts":1.3},{"period":"2024-11","revenue":10778.87451171875,"cost":5277.5,"margin":51.0,"units":942,"transactions":434,"profit":5501.3751220703125,"revenue_change_pct":-45.7,"units_change_pct":-46.7,"margin_change_pts":-6.1},{"period":"2024-12","revenue":612.0000076293945,"cost":300.0,"margin":51.0,"units":48,"transactions":24,"profit":312.00000762939453,"revenue_change_pct":-94.3,"units_change_pct":-94.9,"margin_change_pts":-0.1},{"period":"2025-01","revenue":10202.5,"cost":4992.5,"margin":51.1,"units":926,"transactions":360,"profit":5210.0,"revenue_change_pct":1567.1,"units_change_pct":1829.2,"margin_change_pts":0.1},{"period":"2025-02","revenue":12013.62548828125,"cost":5887.5,"margin":51.0,"units":1044,"transactions":486,"profit":6126.1248779296875,"revenue_change_pct":17.8,"units_change_pct":12.7,"margin_change_pts":-0.1},{"period":"2025-03","revenue":27183.64990234375,"cost":13272.5,"margin":51.2,"units":2490,"transactions":1080,"profit":13911.14990234375,"revenue_change_pct":126.3,"units_change_pct":138.5,"margin_change_pts":0.2},{"period":"2025-04","revenue":29392.17529296875,"cost":17045.0,"margin":42.0,"units":3114,"transactions":1306,"profit":12347.17529296875,"revenue_change_pct":8.1,"units_change_pct":25.1,"margin_change_pts":-9.2},{"period":"2025-05","revenue":32959.25048828125,"cost":16020.0,"margin":51.4,"units":2966,"transactions":1296,"profit":16939.25048828125,"revenue_change_pct":12.1,"units_change_pct":-4.8,"margin_change_pts":9.4},{"period":"2025-06","revenue":29790.6005859375,"cost":14535.0,"margin":51.2,"units":2654,"transactions":1148,"profit":15255.6005859375,"revenue_change_pct":-9.6,"units_change_pct":-10.5,"margin_change_pts":-0.2},{"period":"2025-07","revenue":30273.22509765625,"cost":13979.300537109375,"margin":53.8,"units":2712,"transactions":1204,"profit":16293.924560546875,"revenue_change_pct":1.6,"units_change_pct":2.2,"margin_change_pts":2.6},{"period":"2025-08","revenue":31344.07470703125,"cost":13374.27490234375,"margin":57.3,"units":2758,"transactions":1176,"profit":17969.7998046875,"revenue_change_pct":3.5,"units_change_pct":1.7,"margin_change_pts":3.5},{"period":"2025-09","revenue":30815.2490234375,"cost":13755.52490234375,"margin":55.4,"units":2762,"transactions":1154,"profit":17059.725341796875,"revenue_change_pct":-1.7,"units_change_pct":0.1,"margin_change_pts":-2.0},{"period":"2025-10","revenue":33930.72509765625,"cost":15970.72509765625,"margin":52.9,"units":2980,"transactions":1312,"profit":17960.0,"revenue_change_pct":10.1,"units_change_pct":7.9,"margin_change_pts":-2.4},{"period":"2025-11","revenue":39411.75048828125,"cost":21498.173828125,"margin":45.5,"units":3980,"transactions":1606,"profit":17913.575439453125,"revenue_change_pct":16.2,"units_change_pct":33.6,"margin_change_pts":-7.5},{"period":"2025-12","revenue":34553.5986328125,"cost":16430.0,"margin":52.5,"units":3054,"transactions":1362,"profit":18123.599853515625,"revenue_change_pct":-12.3,"units_change_pct":-23.3,"margin_change_pts":7.0},{"period":"2026-01","revenue":45141.0986328125,"cost":21837.5,"margin":51.6,"units":4062,"transactions":1618,"profit":23303.60107421875,"revenue_change_pct":30.6,"units_change_pct":33.0,"margin_change_pts":-0.8}]}