{"brand":"LIL KIM","date_range":"2024-01-01 00:00:00 to 2026-01-31 00:00:00","period_label":"All Time","summary":{"total_units":866,"total_revenue":11521.624755859375,"total_cost":6912.5,"total_discounts":3083.3749389648438,"total_profit":4609.125061035156,"overall_margin":40.0,"fp_margin":52.400001525878906,"disc_margin":31.600000381469727,"pct_full_price":40.29999923706055,"avg_discount_rate":21.100000381469727,"fp_revenue":4647.5,"disc_revenue":6874.124755859375,"unique_customers":604,"brand":"LIL KIM","date_range":"2024-01-01 00:00:00 to 2026-01-31 00:00:00","months_count":6,"avg_monthly_cost":2304.1749999999997,"cost_per_unit":15.975,"primary_category":"PRE ROLL","primary_cat_margin":48.29999923706055,"category_rank":32,"category_total":46,"margin_vs_category":-8.300000190734863,"velocity_rank":32},"category_breakdown":[{"category_clean":"PRE ROLL","units":786,"revenue":8790.250244140625,"cost":4912.5,"profit":3877.7499389648438,"discounts":1814.7500610351562,"margin":44.099998474121094,"category_avg_margin":48.29999923706055,"vs_category":-4.2,"rank":32.0,"total_brands":46.0},{"category_clean":"FLOWER","units":80,"revenue":2731.3751220703125,"cost":2000.0,"profit":731.3749694824219,"discounts":1268.6250305175781,"margin":26.799999237060547,"category_avg_margin":54.099998474121094,"vs_category":-27.3,"rank":61.0,"total_brands":64.0}],"trend":[{"period":"2024-01","revenue":7621.1248779296875,"cost":4787.5,"margin":37.2,"units":526,"transactions":406,"profit":2833.6248779296875,"revenue_change_pct":null,"units_change_pct":null,"margin_change_pts":null},{"period":"2024-02","revenue":3517.5,"cost":1900.0,"margin":46.0,"units":304,"transactions":250,"profit":1617.5,"revenue_change_pct":-53.8,"units_change_pct":-42.2,"margin_change_pts":8.8},{"period":"2024-03","revenue":382.99999237060547,"cost":225.0,"margin":41.3,"units":36,"transactions":20,"profit":158.00000190734863,"revenue_change_pct":-89.1,"units_change_pct":-88.2,"margin_change_pts":-4.7}],"share_of_category":[{"category":"PRE ROLL","brand_revenue":8790.250244140625,"category_revenue":14009791.25,"revenue_share_pct":0.10000000149011612,"brand_units":786,"category_units":1485736,"units_share_pct":0.1},{"category":"FLOWER","brand_revenue":2731.3751220703125,"category_revenue":77755450.0,"revenue_share_pct":0.0,"brand_units":80,"category_units":2708446,"units_share_pct":0.0}],"share_of_category_trend":{"PRE ROLL":[{"period":"2024-01","brand_revenue":4889.750061035156,"category_revenue":508338.515625,"share_pct":1.0},{"period":"2024-02","brand_revenue":3517.5,"category_revenue":489393.671875,"share_pct":0.699999988079071},{"period":"2024-03","brand_revenue":382.99999237060547,"category_revenue":520052.3828125,"share_pct":0.10000000149011612},{"period":"2024-04","brand_revenue":0.0,"category_revenue":491300.6640625,"share_pct":0.0},{"period":"2024-05","brand_revenue":0.0,"category_revenue":542202.890625,"share_pct":0.0},{"period":"2024-06","brand_revenue":0.0,"category_revenue":507288.8671875,"share_pct":0.0},{"period":"2024-07","brand_revenue":0.0,"category_revenue":524250.9765625,"share_pct":0.0},{"period":"2024-08","brand_revenue":0.0,"category_revenue":612518.7109375,"share_pct":0.0},{"period":"2024-09","brand_revenue":0.0,"category_revenue":586543.0078125,"share_pct":0.0},{"period":"2024-10","brand_revenue":0.0,"category_revenue":641449.1796875,"share_pct":0.0},{"period":"2024-11","brand_revenue":0.0,"category_revenue":579866.71875,"share_pct":0.0},{"period":"2024-12","brand_revenue":0.0,"category_revenue":582999.5703125,"share_pct":0.0},{"period":"2025-01","brand_revenue":0.0,"category_revenue":544095.3125,"share_pct":0.0},{"period":"2025-02","brand_revenue":0.0,"category_revenue":500875.5859375,"share_pct":0.0},{"period":"2025-03","brand_revenue":0.0,"category_revenue":551422.0703125,"share_pct":0.0},{"period":"2025-04","brand_revenue":0.0,"category_revenue":568189.375,"share_pct":0.0},{"period":"2025-05","brand_revenue":0.0,"category_revenue":565516.875,"share_pct":0.0},{"period":"2025-06","brand_revenue":0.0,"category_revenue":560506.71875,"share_pct":0.0},{"period":"2025-07","brand_revenue":0.0,"category_revenue":600916.09375,"share_pct":0.0},{"period":"2025-08","brand_revenue":0.0,"category_revenue":620247.5,"share_pct":0.0},{"period":"2025-09","brand_revenue":0.0,"category_revenue":608971.09375,"share_pct":0.0},{"period":"2025-10","brand_revenue":0.0,"category_revenue":645293.1640625,"share_pct":0.0},{"period":"2025-11","brand_revenue":0.0,"category_revenue":581113.4765625,"share_pct":0.0},{"period":"2025-12","brand_revenue":0.0,"category_revenue":553088.5546875,"share_pct":0.0},{"period":"2026-01","brand_revenue":0.0,"category_revenue":523350.9375,"share_pct":0.0}],"FLOWER":[{"period":"2024-01","brand_revenue":2731.3751220703125,"category_revenue":3552357.8125,"share_pct":0.10000000149011612},{"period":"2024-02","brand_revenue":0.0,"category_revenue":3535245.625,"share_pct":0.0},{"period":"2024-03","brand_revenue":0.0,"category_revenue":3693805.625,"share_pct":0.0},{"period":"2024-04","brand_revenue":0.0,"category_revenue":3541899.6875,"share_pct":0.0},{"period":"2024-05","brand_revenue":0.0,"category_revenue":3537479.375,"share_pct":0.0},{"period":"2024-06","brand_revenue":0.0,"category_revenue":3403269.6875,"share_pct":0.0},{"period":"2024-07","brand_revenue":0.0,"category_revenue":3457705.9375,"share_pct":0.0},{"period":"2024-08","brand_revenue":0.0,"category_revenue":3453819.375,"share_pct":0.0},{"period":"2024-09","brand_revenue":0.0,"category_revenue":3316441.5625,"share_pct":0.0},{"period":"2024-10","brand_revenue":0.0,"category_revenue":3585775.0,"share_pct":0.0},{"period":"2024-11","brand_revenue":0.0,"category_revenue":3454855.3125,"share_pct":0.0},{"period":"2024-12","brand_revenue":0.0,"category_revenue":3226567.8125,"share_pct":0.0},{"period":"2025-01","brand_revenue":0.0,"category_revenue":2984938.125,"share_pct":0.0},{"period":"2025-02","brand_revenue":0.0,"category_revenue":2816220.0,"share_pct":0.0},{"period":"2025-03","brand_revenue":0.0,"category_revenue":2911379.6875,"share_pct":0.0},{"period":"2025-04","brand_revenue":0.0,"category_revenue":3118895.3125,"share_pct":0.0},{"period":"2025-05","brand_revenue":0.0,"category_revenue":2887345.0,"share_pct":0.0},{"period":"2025-06","brand_revenue":0.0,"category_revenue":2773698.125,"share_pct":0.0},{"period":"2025-07","brand_revenue":0.0,"category_revenue":2782763.125,"share_pct":0.0},{"period":"2025-08","brand_revenue":0.0,"category_revenue":2733122.8125,"share_pct":0.0},{"period":"2025-09","brand_revenue":0.0,"category_revenue":2603501.5625,"share_pct":0.0},{"period":"2025-10","brand_revenue":0.0,"category_revenue":2663705.0,"share_pct":0.0},{"period":"2025-11","brand_revenue":0.0,"category_revenue":2700189.0625,"share_pct":0.0},{"period":"2025-12","brand_revenue":0.0,"category_revenue":2515209.53125,"share_pct":0.0},{"period":"2026-01","brand_revenue":0.0,"category_revenue":2505261.875,"share_pct":0.0}]},"discount_depth":[{"tier":"0% (Full Price)","transactions":272,"pct_of_transactions":38.6,"revenue":4647.5,"avg_discount":0.0},{"tier":"1-10%","transactions":30,"pct_of_transactions":4.3,"revenue":438.75,"avg_discount":20.0},{"tier":"11-20%","transactions":48,"pct_of_transactions":6.8,"revenue":804.6250152587891,"avg_discount":38.599998474121094},{"tier":"21-30%","transactions":112,"pct_of_transactions":15.9,"revenue":1849.4999694824219,"avg_discount":59.20000076293945},{"tier":"31%+","transactions":90,"pct_of_transactions":12.8,"revenue":1845.7499694824219,"avg_discount":76.80000305175781}],"velocity":{"units_per_day":12.2,"revenue_per_day":162.27500915527344,"avg_units_per_txn":2.56,"days_of_data":71,"total_units":866,"total_transactions":676},"velocity_by_category":[{"category":"PRE ROLL","brand_units_per_day":1.04,"category_avg_units_per_day":42.38,"velocity_index":2.4,"brand_rev_per_unit":8.95,"category_rev_per_unit":7.54,"brands_in_category":46},{"category":"FLOWER","brand_units_per_day":0.1,"category_avg_units_per_day":55.54,"velocity_index":0.2,"brand_rev_per_unit":27.31,"category_rev_per_unit":22.97,"brands_in_category":64}],"deals":[{"deal_name":"Industry - 30% Off","times_used":126,"units":142.0,"revenue":1533.4999799728394,"discounts":646.4999949932098,"cost":1037.5,"profit":496.00000500679016,"pre_discount_revenue":2180.0,"margin":32.3,"avg_discount":59.4},{"deal_name":"30% Off Special","times_used":38,"units":66.0,"revenue":692.9999780654907,"discounts":296.9999945163727,"cost":412.5,"profit":280.5000054836273,"pre_discount_revenue":990.0,"margin":40.5,"avg_discount":60.0},{"deal_name":"Pre-Rolls 5 for $40","times_used":30,"units":54.0,"revenue":540.0,"discounts":220.0,"cost":337.5,"profit":202.5,"pre_discount_revenue":760.0,"margin":37.5,"avg_discount":57.8},{"deal_name":"Veterans - 10% Off","times_used":10,"units":14.0,"revenue":162.00000047683716,"discounts":18.00000011920929,"cost":87.5,"profit":74.50000047683716,"pre_discount_revenue":180.0,"margin":46.0,"avg_discount":20.0},{"deal_name":"Senior - 10% Off","times_used":8,"units":12.0,"revenue":132.75000095367432,"discounts":14.750000089406967,"cost":75.0,"profit":57.75000035762787,"pre_discount_revenue":147.5,"margin":43.5,"avg_discount":20.0},{"deal_name":"Senior / Veterans - 20% Off","times_used":6,"units":14.0,"revenue":160.0,"discounts":40.0,"cost":87.5,"profit":72.5,"pre_discount_revenue":200.0,"margin":45.3,"avg_discount":40.0},{"deal_name":"REINA / GKUA / Lil Kim 1/4 for $60","times_used":4,"units":8.0,"revenue":300.0,"discounts":100.0,"cost":200.0,"profit":100.0,"pre_discount_revenue":400.0,"margin":33.3,"avg_discount":50.0}],"top_products":[{"product":"NASTY ONE PRE ROLL - LIL KIM","units":434,"revenue":4848.999938964844,"cost":2712.5,"profit":2136.4999389648438,"transactions":374,"margin":44.099998474121094},{"product":"QUEEN B PRE ROLL - LIL KIM","units":340,"revenue":3802.5,"cost":2125.0,"profit":1677.5,"transactions":264,"margin":44.099998474121094},{"product":"QUEEN B EIGHTH - LIL KIM","units":40,"revenue":1428.75,"cost":1000.0,"profit":428.75,"transactions":30,"margin":30.0},{"product":"MAGIC STICK EIGHTH - LIL KIM","units":40,"revenue":1302.6249694824219,"cost":1000.0,"profit":302.62500762939453,"transactions":30,"margin":23.200000762939453},{"product":"MAGIC STICK PRE ROLL - LIL KIM","units":12,"revenue":138.75,"cost":75.0,"profit":63.75,"transactions":6,"margin":45.900001525878906}],"products_by_store":{"Elevation Springs":[{"product":"NASTY ONE PRE ROLL - LIL KIM","units":192,"revenue":2166.999969482422,"cost":1200.0,"profit":966.9999694824219,"transactions":158,"margin":44.599998474121094},{"product":"QUEEN B PRE ROLL - LIL KIM","units":176,"revenue":2138.4999084472656,"cost":1100.0,"profit":1038.499984741211,"transactions":134,"margin":48.599998474121094}],"Elevation Mesa":[{"product":"NASTY ONE PRE ROLL - LIL KIM","units":2,"revenue":25.0,"cost":12.5,"profit":12.5,"transactions":2,"margin":50.0}],"Elevation Midtown":[{"product":"NASTY ONE PRE ROLL - LIL KIM","units":58,"revenue":699.4999694824219,"cost":362.5,"profit":337.00000762939453,"transactions":52,"margin":48.20000076293945},{"product":"QUEEN B PRE ROLL - LIL KIM","units":64,"revenue":698.2499694824219,"cost":400.0,"profit":298.25000762939453,"transactions":50,"margin":42.70000076293945}],"Elevation Boulevard":[{"product":"QUEEN B EIGHTH - LIL KIM","units":40,"revenue":1428.75,"cost":1000.0,"profit":428.75,"transactions":30,"margin":30.0},{"product":"NASTY ONE PRE ROLL - LIL KIM","units":110,"revenue":1230.0,"cost":687.5,"profit":542.5,"transactions":96,"margin":44.099998474121094}],"Elevation Parkway":[{"product":"MAGIC STICK EIGHTH - LIL KIM","units":40,"revenue":1302.6249694824219,"cost":1000.0,"profit":302.62500762939453,"transactions":30,"margin":23.200000762939453},{"product":"QUEEN B PRE ROLL - LIL KIM","units":100,"revenue":965.7499694824219,"cost":625.0,"profit":340.75000762939453,"transactions":80,"margin":35.29999923706055},{"product":"NASTY ONE PRE ROLL - LIL KIM","units":72,"revenue":727.5,"cost":450.0,"profit":277.5,"transactions":66,"margin":38.099998474121094},{"product":"MAGIC STICK PRE ROLL - LIL KIM","units":12,"revenue":138.75,"cost":75.0,"profit":63.75,"transactions":6,"margin":45.900001525878906}]},"store_summary":[{"store_clean":"Elevation Springs","units":368,"revenue":4305.4998779296875,"cost":2300.0,"profit":2005.5000305175781,"discounts":959.4999694824219,"margin":46.599998474121094,"discount_rate":18.200000762939453},{"store_clean":"Elevation Parkway","units":224,"revenue":3134.6249389648438,"cost":2150.0,"profit":984.6250152587891,"discounts":1165.374984741211,"margin":31.399999618530273,"discount_rate":27.100000381469727},{"store_clean":"Elevation Boulevard","units":150,"revenue":2658.75,"cost":1687.5,"profit":971.25,"discounts":716.25,"margin":36.5,"discount_rate":21.200000762939453},{"store_clean":"Elevation Midtown","units":122,"revenue":1397.7499389648438,"cost":762.5,"profit":635.2500152587891,"discounts":242.25000381469727,"margin":45.400001525878906,"discount_rate":14.800000190734863},{"store_clean":"Elevation Mesa","units":2,"revenue":25.0,"cost":12.5,"profit":12.5,"discounts":0.0,"margin":50.0,"discount_rate":0.0}],"recommendations":[{"severity":"red","title":"FLOWER: BELOW CATEGORY AVERAGE","detail":"Margin (26.8%) is 27 pts below FLOWER average. Ranked #61 of 64. Strong case for cost negotiation.","action":"Request 14% cost reduction or evaluate alternative FLOWER brands."},{"severity":"yellow","title":"CATEGORY BENCHMARK GAP","detail":"Overall margin (40.0%) trails PRE ROLL average (48.3%) by 8.3 pts.","action":"Negotiate cost reduction or increase retail price."},{"severity":"red","title":"LOW DISCOUNTED MARGIN","detail":"Margin drops to 31.6% when discounted.","action":"Cap discount depth at 20% or negotiate lower wholesale cost."}],"comparison":null}