{"brand":"INDOCART","date_range":"2024-01-01 00:00:00 to 2026-01-31 00:00:00","period_label":"All Time","summary":{"total_units":21752,"total_revenue":502597.6953125,"total_cost":272540.0,"total_discounts":133529.82421875,"total_profit":230057.65625,"overall_margin":45.79999923706055,"fp_margin":57.29999923706055,"disc_margin":29.899999618530273,"pct_full_price":57.900001525878906,"avg_discount_rate":21.0,"fp_revenue":291180.0,"disc_revenue":211417.6953125,"brand":"INDOCART","date_range":"2024-01-01 00:00:00 to 2026-01-31 00:00:00","primary_category":"CARTRIDGE","store_coverage":"6/7","stores_present":["Elevation Springs","Elevation Mesa","Elevation Oasis","Elevation Midtown","Elevation Boulevard","Elevation Parkway"],"stores_missing":["Elevation Downtown"],"velocity_rank":15,"velocity_total":27},"distribution":[{"store":"Elevation Springs","carries_brand":true,"sku_count":16,"revenue":97498.330078125,"units":4228,"store_total_revenue":51138750.0,"brand_share_pct":0.20000000298023224},{"store":"Elevation Mesa","carries_brand":true,"sku_count":16,"revenue":105668.73046875,"units":4494,"store_total_revenue":47532240.0,"brand_share_pct":0.20000000298023224},{"store":"Elevation Oasis","carries_brand":true,"sku_count":16,"revenue":106101.07421875,"units":4654,"store_total_revenue":56050145.0,"brand_share_pct":0.20000000298023224},{"store":"Elevation Downtown","carries_brand":false,"sku_count":0,"revenue":0.0,"units":0,"store_total_revenue":1945237.1875,"brand_share_pct":0},{"store":"Elevation Midtown","carries_brand":true,"sku_count":14,"revenue":82183.69140625,"units":3428,"store_total_revenue":30850185.0,"brand_share_pct":0.30000001192092896},{"store":"Elevation Boulevard","carries_brand":true,"sku_count":16,"revenue":85086.8359375,"units":3858,"store_total_revenue":28757865.0,"brand_share_pct":0.30000001192092896},{"store":"Elevation Parkway","carries_brand":true,"sku_count":16,"revenue":26059.02587890625,"units":1090,"store_total_revenue":21987007.5,"brand_share_pct":0.10000000149011612}],"share_of_category":[{"category":"CARTRIDGE","brand_revenue":502597.6953125,"category_revenue":46155130.0,"revenue_share_pct":1.100000023841858,"brand_units":21752,"category_units":1532896,"units_share_pct":1.4}],"share_of_category_trend":{"CARTRIDGE":[{"period":"2024-01","brand_revenue":17781.6748046875,"category_revenue":2057675.625,"share_pct":0.8999999761581421},{"period":"2024-02","brand_revenue":42723.623046875,"category_revenue":2141777.8125,"share_pct":2.0},{"period":"2024-03","brand_revenue":54770.7275390625,"category_revenue":2288552.1875,"share_pct":2.4000000953674316},{"period":"2024-04","brand_revenue":51952.7978515625,"category_revenue":2096820.46875,"share_pct":2.5},{"period":"2024-05","brand_revenue":36304.5751953125,"category_revenue":2138038.59375,"share_pct":1.7000000476837158},{"period":"2024-06","brand_revenue":46593.701171875,"category_revenue":2017623.90625,"share_pct":2.299999952316284},{"period":"2024-07","brand_revenue":61566.1767578125,"category_revenue":2031918.28125,"share_pct":3.0},{"period":"2024-08","brand_revenue":49839.4482421875,"category_revenue":2132382.65625,"share_pct":2.299999952316284},{"period":"2024-09","brand_revenue":44183.8232421875,"category_revenue":1955407.03125,"share_pct":2.299999952316284},{"period":"2024-10","brand_revenue":32764.49951171875,"category_revenue":2083993.125,"share_pct":1.600000023841858},{"period":"2024-11","brand_revenue":27036.57470703125,"category_revenue":2038609.375,"share_pct":1.2999999523162842},{"period":"2024-12","brand_revenue":33103.525390625,"category_revenue":2003932.03125,"share_pct":1.7000000476837158},{"period":"2025-01","brand_revenue":3976.5249633789062,"category_revenue":1921719.21875,"share_pct":0.20000000298023224},{"period":"2025-02","brand_revenue":0.0,"category_revenue":1668647.5,"share_pct":0.0},{"period":"2025-03","brand_revenue":0.0,"category_revenue":1758711.25,"share_pct":0.0},{"period":"2025-04","brand_revenue":0.0,"category_revenue":1735997.5,"share_pct":0.0},{"period":"2025-05","brand_revenue":0.0,"category_revenue":1688800.46875,"share_pct":0.0},{"period":"2025-06","brand_revenue":0.0,"category_revenue":1594515.0,"share_pct":0.0},{"period":"2025-07","brand_revenue":0.0,"category_revenue":1595739.53125,"share_pct":0.0},{"period":"2025-08","brand_revenue":0.0,"category_revenue":1677489.6875,"share_pct":0.0},{"period":"2025-09","brand_revenue":0.0,"category_revenue":1539547.96875,"share_pct":0.0},{"period":"2025-10","brand_revenue":0.0,"category_revenue":1548909.21875,"share_pct":0.0},{"period":"2025-11","brand_revenue":0.0,"category_revenue":1545430.15625,"share_pct":0.0},{"period":"2025-12","brand_revenue":0.0,"category_revenue":1467828.28125,"share_pct":0.0},{"period":"2026-01","brand_revenue":0.0,"category_revenue":1425064.0625,"share_pct":0.0}]},"velocity_by_category":[{"category":"CARTRIDGE","brand_units_per_day":28.54,"category_avg_units_per_day":74.5,"velocity_index":38.3,"brand_rev_per_unit":18.48,"category_rev_per_unit":24.09,"brands_in_category":27}],"store_gaps":[{"store":"Elevation Downtown","category":"CARTRIDGE","category_revenue_at_store":190494.43359375,"opportunity":"Brand not carried"}],"product_mix":{"top":[{"product":"BUBBALICIOUS CART - INDOCART","units":5032,"revenue":116804.326171875,"cost":61820.0,"profit":54984.326171875,"stores":6,"transactions":4046,"margin":47.099998474121094},{"product":"PINEAPPLE JACK CART - INDOCART","units":5006,"revenue":116225.830078125,"cost":63200.0,"profit":53025.8251953125,"stores":6,"transactions":4018,"margin":45.599998474121094},{"product":"GHOST OG CART - INDOCART","units":3790,"revenue":88058.22265625,"cost":48125.0,"profit":39933.22509765625,"stores":6,"transactions":3108,"margin":45.29999923706055},{"product":"HULKS BREATH CART - INDOCART","units":3162,"revenue":68877.94921875,"cost":39555.0,"profit":29322.94921875,"stores":6,"transactions":2222,"margin":42.599998474121094},{"product":"STRAWBERRY LEMONADE CART - INDOCART","units":2066,"revenue":50757.1728515625,"cost":26165.0,"profit":24592.17529296875,"stores":6,"transactions":1724,"margin":48.5},{"product":"TROPICANA COOKIES CART - INDOCART","units":1870,"revenue":41588.349609375,"cost":23375.0,"profit":18213.349609375,"stores":6,"transactions":1404,"margin":43.79999923706055},{"product":"BLUEBERRY PUNCH CART - INDOCART","units":576,"revenue":14164.89990234375,"cost":7245.0,"profit":6919.89990234375,"stores":4,"transactions":502,"margin":48.900001525878906},{"product":"SPECIAL SAUCE CART - INDOCART","units":192,"revenue":4584.674987792969,"cost":2400.0,"profit":2184.6749877929688,"stores":5,"transactions":176,"margin":47.70000076293945},{"product":"ACAPULCO GOLD CART - INDOCART","units":28,"revenue":805.9999847412109,"cost":280.0,"profit":526.0000228881836,"stores":1,"transactions":26,"margin":65.30000305175781},{"product":"SUPER SILVER HAZE CART - INDOCART","units":30,"revenue":730.2500152587891,"cost":375.0,"profit":355.25001525878906,"stores":1,"transactions":24,"margin":48.599998474121094}],"bottom":[],"expansion":[{"product":"BLUEBERRY PUNCH CART - INDOCART","current_stores":4,"total_stores":6,"missing_stores":["Elevation Midtown","Elevation Parkway"],"revenue":14164.89990234375},{"product":"SPECIAL SAUCE CART - INDOCART","current_stores":5,"total_stores":6,"missing_stores":["Elevation Parkway"],"revenue":4584.674987792969}]},"pricing_consistency":[{"product":"SPECIAL SAUCE CART - INDOCART","min_price":25.0,"max_price":49.92272810502485,"avg_price":43.46945897762012,"std_dev":4.191814231268977,"store_count":10,"price_range":24.922728105024852,"range_pct":57.3},{"product":"BLUEBERRY PUNCH CART - INDOCART","min_price":44.53774246515012,"max_price":53.38243226747255,"avg_price":48.67580582970916,"std_dev":1.7984272669610586,"store_count":8,"price_range":8.84468980232243,"range_pct":18.2},{"product":"BUBBALICIOUS CART - INDOCART","min_price":43.95789625542015,"max_price":52.355490583714435,"avg_price":47.13072598978849,"std_dev":1.1933175096238653,"store_count":12,"price_range":8.397594328294282,"range_pct":17.8},{"product":"STRAWBERRY LEMONADE CART - INDOCART","min_price":47.05536633003049,"max_price":55.54636801442793,"avg_price":49.81903312947341,"std_dev":1.4882927433142792,"store_count":12,"price_range":8.491001684397439,"range_pct":17.0},{"product":"HULKS BREATH CART - INDOCART","min_price":39.373053393317655,"max_price":46.63170493521341,"avg_price":43.163288319977525,"std_dev":1.1690183589645469,"store_count":12,"price_range":7.258651541895755,"range_pct":16.8},{"product":"PINEAPPLE JACK CART - INDOCART","min_price":45.096592174770876,"max_price":50.244520795316305,"avg_price":46.49776851906935,"std_dev":0.7489136537266914,"store_count":12,"price_range":5.147928620545423,"range_pct":11.1},{"product":"GHOST OG CART - INDOCART","min_price":43.450000175011205,"max_price":48.303783519847975,"avg_price":46.42165968347367,"std_dev":0.9151863888413985,"store_count":12,"price_range":4.853783344836771,"range_pct":10.5},{"product":"TROPICANA COOKIES CART - INDOCART","min_price":43.42937723795573,"max_price":46.532692542442916,"avg_price":44.575700526780615,"std_dev":0.5900492168138496,"store_count":12,"price_range":3.103315304487184,"range_pct":7.0}],"promotional_effectiveness":{"lift":{"fp_units_per_day":27.16,"disc_units_per_day":32.26,"lift_pct":18.7,"fp_avg_revenue_per_unit":58.724999999999994,"disc_avg_revenue_per_unit":35.724999999999994},"by_deal":[{"deal_name":"Industry - 30% Off","uses":1487,"revenue":69004.63903665543,"discounts":29552.862799167633,"units":3392.0,"cost":42400.0,"margin":38.6,"discount_depth":60.0},{"deal_name":"INDO Carts + Tabs BOGO","uses":919,"revenue":78204.30043816566,"discounts":76970.6993484497,"units":5310.0,"cost":66575.0,"margin":14.9,"discount_depth":99.2},{"deal_name":"4/20 50% Off!!!!","uses":101,"revenue":4278.75,"discounts":4278.75,"units":292.0,"cost":3620.0,"margin":15.4,"discount_depth":100.0},{"deal_name":"Senior - 10% Off","uses":95,"revenue":7583.250200748444,"discounts":861.7499870061874,"units":292.0,"cost":3650.0,"margin":51.9,"discount_depth":20.4},{"deal_name":"Veterans - 10% Off","uses":84,"revenue":6381.000185012817,"discounts":708.9999884366989,"units":244.0,"cost":3065.0,"margin":52.0,"discount_depth":20.0},{"deal_name":"INDO Tabs / Carts B2G1","uses":74,"revenue":10952.562251091003,"discounts":5637.437443733215,"units":574.0,"cost":7170.0,"margin":34.5,"discount_depth":68.0},{"deal_name":"Jackpot - Locals 30% Off","uses":68,"revenue":3453.0000734329224,"discounts":1504.5000195503235,"units":172.0,"cost":2155.0,"margin":37.6,"discount_depth":60.6},{"deal_name":"GW - 50% Off Vapes","uses":35,"revenue":1581.25,"discounts":1581.25,"units":110.0,"cost":1375.0,"margin":13.0,"discount_depth":100.0},{"deal_name":"Senior / Veterans - 20% Off","uses":21,"revenue":1011.999979019165,"discounts":252.99999475479126,"units":44.0,"cost":550.0,"margin":45.7,"discount_depth":40.0},{"deal_name":"INDO Carts + Tabs / Topicals BOGO","uses":11,"revenue":690.3000068664551,"discounts":689.6999931335449,"units":48.0,"cost":600.0,"margin":13.1,"discount_depth":100.0},{"deal_name":"LVAC - 25% Off","uses":6,"revenue":258.75,"discounts":86.25,"units":12.0,"cost":150.0,"margin":42.0,"discount_depth":50.0},{"deal_name":"Employee - 40% OFF","uses":4,"revenue":138.00000190734863,"discounts":91.99999809265137,"units":8.0,"cost":100.0,"margin":27.5,"discount_depth":80.0},{"deal_name":"Employee 30% - NOT FRIDAYS","uses":4,"revenue":201.25000476837158,"discounts":86.2500011920929,"units":10.0,"cost":125.0,"margin":37.9,"discount_depth":60.0},{"deal_name":"Medical - 10%","uses":1,"revenue":51.75000190734863,"discounts":5.7499998807907104,"units":2.0,"cost":25.0,"margin":51.7,"discount_depth":20.0},{"deal_name":"Veterans Day - 30% Off For Veterans!","uses":1,"revenue":40.250000953674316,"discounts":17.25000023841858,"units":2.0,"cost":25.0,"margin":37.9,"discount_depth":60.0}]},"growth_opportunities":[{"type":"distribution","title":"Expand to Elevation Downtown","detail":"Store has $76,198 in CARTRIDGE \u2014 categories where INDOCART competes.","priority":"high"},{"type":"sku_expansion","title":"Add 'BLUEBERRY PUNCH CART - INDOCART' to 2 more store(s)","detail":"Carried in 4 stores. Missing from: Elevation Midtown, Elevation Parkway","priority":"medium"},{"type":"sku_expansion","title":"Add 'SPECIAL SAUCE CART - INDOCART' to 1 more store(s)","detail":"Carried in 5 stores. Missing from: Elevation Parkway","priority":"medium"},{"type":"velocity","title":"Improve velocity in CARTRIDGE","detail":"Velocity index 38 (below category average). 14.3 units/day vs 37.2 avg.","priority":"medium"}],"trend":[{"period":"2024-01","revenue":17781.6748046875,"cost":8845.0,"margin":50.3,"units":718,"transactions":492,"profit":8936.6748046875,"revenue_change_pct":null,"units_change_pct":null,"margin_change_pts":null},{"period":"2024-02","revenue":42723.623046875,"cost":22280.0,"margin":47.9,"units":1764,"transactions":1238,"profit":20443.62548828125,"revenue_change_pct":140.3,"units_change_pct":145.7,"margin_change_pts":-2.4},{"period":"2024-03","revenue":54770.7275390625,"cost":28745.0,"margin":47.5,"units":2276,"transactions":1542,"profit":26025.72509765625,"revenue_change_pct":28.2,"units_change_pct":29.0,"margin_change_pts":-0.3},{"period":"2024-04","revenue":51952.7978515625,"cost":28935.0,"margin":44.3,"units":2310,"transactions":1560,"profit":23017.80029296875,"revenue_change_pct":-5.1,"units_change_pct":1.5,"margin_change_pts":-3.2},{"period":"2024-05","revenue":36304.5751953125,"cost":19530.0,"margin":46.2,"units":1558,"transactions":1026,"profit":16774.5751953125,"revenue_change_pct":-30.1,"units_change_pct":-32.6,"margin_change_pts":1.9},{"period":"2024-06","revenue":46593.701171875,"cost":24205.0,"margin":48.1,"units":1926,"transactions":1410,"profit":22388.701171875,"revenue_change_pct":28.3,"units_change_pct":23.6,"margin_change_pts":1.8},{"period":"2024-07","revenue":61566.1767578125,"cost":33175.0,"margin":46.1,"units":2654,"transactions":1904,"profit":28391.17431640625,"revenue_change_pct":32.1,"units_change_pct":37.8,"margin_change_pts":-1.9},{"period":"2024-08","revenue":49839.4482421875,"cost":26600.0,"margin":46.6,"units":2128,"transactions":1594,"profit":23239.45068359375,"revenue_change_pct":-19.0,"units_change_pct":-19.8,"margin_change_pts":0.5},{"period":"2024-09","revenue":44183.8232421875,"cost":24675.0,"margin":44.2,"units":1974,"transactions":1306,"profit":19508.824462890625,"revenue_change_pct":-11.3,"units_change_pct":-7.2,"margin_change_pts":-2.5},{"period":"2024-10","revenue":32764.49951171875,"cost":18300.0,"margin":44.1,"units":1464,"transactions":1064,"profit":14464.49951171875,"revenue_change_pct":-25.8,"units_change_pct":-25.8,"margin_change_pts":-0.0},{"period":"2024-11","revenue":27036.57470703125,"cost":16350.0,"margin":39.5,"units":1308,"transactions":818,"profit":10686.57470703125,"revenue_change_pct":-17.5,"units_change_pct":-10.7,"margin_change_pts":-4.6},{"period":"2024-12","revenue":33103.525390625,"cost":18550.0,"margin":44.0,"units":1484,"transactions":972,"profit":14553.525390625,"revenue_change_pct":22.4,"units_change_pct":13.5,"margin_change_pts":4.4},{"period":"2025-01","revenue":3976.5249633789062,"cost":2350.0,"margin":40.9,"units":188,"transactions":134,"profit":1626.5249633789062,"revenue_change_pct":-88.0,"units_change_pct":-87.3,"margin_change_pts":-3.1}]}