{"brand":"INDOCART","date_range":"2024-01-01 00:00:00 to 2026-01-31 00:00:00","period_label":"All Time","summary":{"total_units":21752,"total_revenue":502597.6953125,"total_cost":272540.0,"total_discounts":133529.82421875,"total_profit":230057.65625,"overall_margin":45.79999923706055,"fp_margin":57.29999923706055,"disc_margin":29.899999618530273,"pct_full_price":57.900001525878906,"avg_discount_rate":21.0,"fp_revenue":291180.0,"disc_revenue":211417.6953125,"unique_customers":9038,"brand":"INDOCART","date_range":"2024-01-01 00:00:00 to 2026-01-31 00:00:00","months_count":26,"avg_monthly_cost":20964.625,"cost_per_unit":25.049999999999997,"primary_category":"CARTRIDGE","primary_cat_margin":50.400001525878906,"category_rank":15,"category_total":27,"margin_vs_category":-4.599999904632568,"velocity_rank":15},"category_breakdown":[{"category_clean":"CARTRIDGE","units":21752,"revenue":502597.6953125,"cost":272540.0,"profit":230057.67578125,"discounts":133529.82421875,"margin":45.79999923706055,"category_avg_margin":50.400001525878906,"vs_category":-4.6,"rank":15.0,"total_brands":27.0}],"trend":[{"period":"2024-01","revenue":17781.6748046875,"cost":8845.0,"margin":50.3,"units":718,"transactions":492,"profit":8936.6748046875,"revenue_change_pct":null,"units_change_pct":null,"margin_change_pts":null},{"period":"2024-02","revenue":42723.623046875,"cost":22280.0,"margin":47.9,"units":1764,"transactions":1238,"profit":20443.62548828125,"revenue_change_pct":140.3,"units_change_pct":145.7,"margin_change_pts":-2.4},{"period":"2024-03","revenue":54770.7275390625,"cost":28745.0,"margin":47.5,"units":2276,"transactions":1542,"profit":26025.72509765625,"revenue_change_pct":28.2,"units_change_pct":29.0,"margin_change_pts":-0.3},{"period":"2024-04","revenue":51952.7978515625,"cost":28935.0,"margin":44.3,"units":2310,"transactions":1560,"profit":23017.80029296875,"revenue_change_pct":-5.1,"units_change_pct":1.5,"margin_change_pts":-3.2},{"period":"2024-05","revenue":36304.5751953125,"cost":19530.0,"margin":46.2,"units":1558,"transactions":1026,"profit":16774.5751953125,"revenue_change_pct":-30.1,"units_change_pct":-32.6,"margin_change_pts":1.9},{"period":"2024-06","revenue":46593.701171875,"cost":24205.0,"margin":48.1,"units":1926,"transactions":1410,"profit":22388.701171875,"revenue_change_pct":28.3,"units_change_pct":23.6,"margin_change_pts":1.8},{"period":"2024-07","revenue":61566.1767578125,"cost":33175.0,"margin":46.1,"units":2654,"transactions":1904,"profit":28391.17431640625,"revenue_change_pct":32.1,"units_change_pct":37.8,"margin_change_pts":-1.9},{"period":"2024-08","revenue":49839.4482421875,"cost":26600.0,"margin":46.6,"units":2128,"transactions":1594,"profit":23239.45068359375,"revenue_change_pct":-19.0,"units_change_pct":-19.8,"margin_change_pts":0.5},{"period":"2024-09","revenue":44183.8232421875,"cost":24675.0,"margin":44.2,"units":1974,"transactions":1306,"profit":19508.824462890625,"revenue_change_pct":-11.3,"units_change_pct":-7.2,"margin_change_pts":-2.5},{"period":"2024-10","revenue":32764.49951171875,"cost":18300.0,"margin":44.1,"units":1464,"transactions":1064,"profit":14464.49951171875,"revenue_change_pct":-25.8,"units_change_pct":-25.8,"margin_change_pts":-0.0},{"period":"2024-11","revenue":27036.57470703125,"cost":16350.0,"margin":39.5,"units":1308,"transactions":818,"profit":10686.57470703125,"revenue_change_pct":-17.5,"units_change_pct":-10.7,"margin_change_pts":-4.6},{"period":"2024-12","revenue":33103.525390625,"cost":18550.0,"margin":44.0,"units":1484,"transactions":972,"profit":14553.525390625,"revenue_change_pct":22.4,"units_change_pct":13.5,"margin_change_pts":4.4},{"period":"2025-01","revenue":3976.5249633789062,"cost":2350.0,"margin":40.9,"units":188,"transactions":134,"profit":1626.5249633789062,"revenue_change_pct":-88.0,"units_change_pct":-87.3,"margin_change_pts":-3.1}],"share_of_category":[{"category":"CARTRIDGE","brand_revenue":502597.6953125,"category_revenue":46155130.0,"revenue_share_pct":1.100000023841858,"brand_units":21752,"category_units":1532896,"units_share_pct":1.4}],"share_of_category_trend":{"CARTRIDGE":[{"period":"2024-01","brand_revenue":17781.6748046875,"category_revenue":2057675.625,"share_pct":0.8999999761581421},{"period":"2024-02","brand_revenue":42723.623046875,"category_revenue":2141777.8125,"share_pct":2.0},{"period":"2024-03","brand_revenue":54770.7275390625,"category_revenue":2288552.1875,"share_pct":2.4000000953674316},{"period":"2024-04","brand_revenue":51952.7978515625,"category_revenue":2096820.46875,"share_pct":2.5},{"period":"2024-05","brand_revenue":36304.5751953125,"category_revenue":2138038.59375,"share_pct":1.7000000476837158},{"period":"2024-06","brand_revenue":46593.701171875,"category_revenue":2017623.90625,"share_pct":2.299999952316284},{"period":"2024-07","brand_revenue":61566.1767578125,"category_revenue":2031918.28125,"share_pct":3.0},{"period":"2024-08","brand_revenue":49839.4482421875,"category_revenue":2132382.65625,"share_pct":2.299999952316284},{"period":"2024-09","brand_revenue":44183.8232421875,"category_revenue":1955407.03125,"share_pct":2.299999952316284},{"period":"2024-10","brand_revenue":32764.49951171875,"category_revenue":2083993.125,"share_pct":1.600000023841858},{"period":"2024-11","brand_revenue":27036.57470703125,"category_revenue":2038609.375,"share_pct":1.2999999523162842},{"period":"2024-12","brand_revenue":33103.525390625,"category_revenue":2003932.03125,"share_pct":1.7000000476837158},{"period":"2025-01","brand_revenue":3976.5249633789062,"category_revenue":1921719.21875,"share_pct":0.20000000298023224},{"period":"2025-02","brand_revenue":0.0,"category_revenue":1668647.5,"share_pct":0.0},{"period":"2025-03","brand_revenue":0.0,"category_revenue":1758711.25,"share_pct":0.0},{"period":"2025-04","brand_revenue":0.0,"category_revenue":1735997.5,"share_pct":0.0},{"period":"2025-05","brand_revenue":0.0,"category_revenue":1688800.46875,"share_pct":0.0},{"period":"2025-06","brand_revenue":0.0,"category_revenue":1594515.0,"share_pct":0.0},{"period":"2025-07","brand_revenue":0.0,"category_revenue":1595739.53125,"share_pct":0.0},{"period":"2025-08","brand_revenue":0.0,"category_revenue":1677489.6875,"share_pct":0.0},{"period":"2025-09","brand_revenue":0.0,"category_revenue":1539547.96875,"share_pct":0.0},{"period":"2025-10","brand_revenue":0.0,"category_revenue":1548909.21875,"share_pct":0.0},{"period":"2025-11","brand_revenue":0.0,"category_revenue":1545430.15625,"share_pct":0.0},{"period":"2025-12","brand_revenue":0.0,"category_revenue":1467828.28125,"share_pct":0.0},{"period":"2026-01","brand_revenue":0.0,"category_revenue":1425064.0625,"share_pct":0.0}]},"discount_depth":[{"tier":"0% (Full Price)","transactions":9444,"pct_of_transactions":54.7,"revenue":291180.0,"avg_discount":0.0},{"tier":"1-10%","transactions":576,"pct_of_transactions":3.3,"revenue":18938.49853515625,"avg_discount":19.799999237060547},{"tier":"11-20%","transactions":134,"pct_of_transactions":0.8,"revenue":4250.8245849609375,"avg_discount":38.599998474121094},{"tier":"21-30%","transactions":282,"pct_of_transactions":1.6,"revenue":8239.024658203125,"avg_discount":57.599998474121094},{"tier":"31%+","transactions":2970,"pct_of_transactions":17.2,"revenue":97557.32421875,"avg_discount":98.0}],"velocity":{"units_per_day":56.36,"revenue_per_day":1302.0750427246094,"avg_units_per_txn":2.88,"days_of_data":386,"total_units":21752,"total_transactions":15060},"velocity_by_category":[{"category":"CARTRIDGE","brand_units_per_day":28.54,"category_avg_units_per_day":74.5,"velocity_index":38.3,"brand_rev_per_unit":18.48,"category_rev_per_unit":24.09,"brands_in_category":27}],"deals":[{"deal_name":"Industry - 30% Off","times_used":2974,"units":3392.0,"revenue":69004.63903665543,"discounts":29552.862799167633,"cost":42400.0,"profit":26604.637165516615,"pre_discount_revenue":98557.5,"margin":38.6,"avg_discount":60.0},{"deal_name":"INDO Carts + Tabs BOGO","times_used":1838,"units":5310.0,"revenue":78204.30043816566,"discounts":76970.6993484497,"cost":66575.0,"profit":11629.300042390823,"pre_discount_revenue":155175.0,"margin":14.9,"avg_discount":99.2},{"deal_name":"4/20 50% Off!!!!","times_used":202,"units":292.0,"revenue":4278.75,"discounts":4278.75,"cost":3620.0,"profit":658.75,"pre_discount_revenue":8557.5,"margin":15.4,"avg_discount":100.0},{"deal_name":"Senior - 10% Off","times_used":190,"units":292.0,"revenue":7583.250200748444,"discounts":861.7499870061874,"cost":3650.0,"profit":3933.2499307394028,"pre_discount_revenue":8445.0,"margin":51.9,"avg_discount":20.4},{"deal_name":"Veterans - 10% Off","times_used":168,"units":244.0,"revenue":6381.000185012817,"discounts":708.9999884366989,"cost":3065.0,"profit":3315.9999465942383,"pre_discount_revenue":7090.0,"margin":52.0,"avg_discount":20.0},{"deal_name":"INDO Tabs / Carts B2G1","times_used":148,"units":574.0,"revenue":10952.562251091003,"discounts":5637.437443733215,"cost":7170.0,"profit":3782.5625270605087,"pre_discount_revenue":16590.0,"margin":34.5,"avg_discount":68.0},{"deal_name":"Jackpot - Locals 30% Off","times_used":136,"units":172.0,"revenue":3453.0000734329224,"discounts":1504.5000195503235,"cost":2155.0,"profit":1297.9999813437462,"pre_discount_revenue":4957.5,"margin":37.6,"avg_discount":60.6},{"deal_name":"GW - 50% Off Vapes","times_used":70,"units":110.0,"revenue":1581.25,"discounts":1581.25,"cost":1375.0,"profit":206.25,"pre_discount_revenue":3162.5,"margin":13.0,"avg_discount":100.0},{"deal_name":"Senior / Veterans - 20% Off","times_used":42,"units":44.0,"revenue":1011.999979019165,"discounts":252.99999475479126,"cost":550.0,"profit":461.99997901916504,"pre_discount_revenue":1265.0,"margin":45.7,"avg_discount":40.0},{"deal_name":"INDO Carts + Tabs / Topicals BOGO","times_used":22,"units":48.0,"revenue":690.3000068664551,"discounts":689.6999931335449,"cost":600.0,"profit":90.2999997138977,"pre_discount_revenue":1380.0,"margin":13.1,"avg_discount":100.0},{"deal_name":"LVAC - 25% Off","times_used":12,"units":12.0,"revenue":258.75,"discounts":86.25,"cost":150.0,"profit":108.75,"pre_discount_revenue":345.0,"margin":42.0,"avg_discount":50.0},{"deal_name":"Employee - 40% OFF","times_used":8,"units":8.0,"revenue":138.00000190734863,"discounts":91.99999809265137,"cost":100.0,"profit":37.99999952316284,"pre_discount_revenue":230.0,"margin":27.5,"avg_discount":80.0},{"deal_name":"Employee 30% - NOT FRIDAYS","times_used":8,"units":10.0,"revenue":201.25000476837158,"discounts":86.2500011920929,"cost":125.0,"profit":76.2499988079071,"pre_discount_revenue":287.5,"margin":37.9,"avg_discount":60.0},{"deal_name":"Medical - 10%","times_used":2,"units":2.0,"revenue":51.75000190734863,"discounts":5.7499998807907104,"cost":25.0,"profit":26.749999523162842,"pre_discount_revenue":57.5,"margin":51.7,"avg_discount":20.0},{"deal_name":"Veterans Day - 30% Off For Veterans!","times_used":2,"units":2.0,"revenue":40.250000953674316,"discounts":17.25000023841858,"cost":25.0,"profit":15.249999761581421,"pre_discount_revenue":57.5,"margin":37.9,"avg_discount":60.0}],"top_products":[{"product":"BUBBALICIOUS CART - INDOCART","units":5032,"revenue":116804.326171875,"cost":61820.0,"profit":54984.326171875,"transactions":4046,"margin":47.099998474121094},{"product":"PINEAPPLE JACK CART - INDOCART","units":5006,"revenue":116225.830078125,"cost":63200.0,"profit":53025.8251953125,"transactions":4018,"margin":45.599998474121094},{"product":"GHOST OG CART - INDOCART","units":3790,"revenue":88058.22265625,"cost":48125.0,"profit":39933.22509765625,"transactions":3108,"margin":45.29999923706055},{"product":"HULKS BREATH CART - INDOCART","units":3162,"revenue":68877.94921875,"cost":39555.0,"profit":29322.94921875,"transactions":2222,"margin":42.599998474121094},{"product":"STRAWBERRY LEMONADE CART - INDOCART","units":2066,"revenue":50757.1728515625,"cost":26165.0,"profit":24592.17529296875,"transactions":1724,"margin":48.5},{"product":"TROPICANA COOKIES CART - INDOCART","units":1870,"revenue":41588.349609375,"cost":23375.0,"profit":18213.349609375,"transactions":1404,"margin":43.79999923706055},{"product":"BLUEBERRY PUNCH CART - INDOCART","units":576,"revenue":14164.89990234375,"cost":7245.0,"profit":6919.89990234375,"transactions":502,"margin":48.900001525878906},{"product":"SPECIAL SAUCE CART - INDOCART","units":192,"revenue":4584.674987792969,"cost":2400.0,"profit":2184.6749877929688,"transactions":176,"margin":47.70000076293945},{"product":"ACAPULCO GOLD CART - INDOCART","units":28,"revenue":805.9999847412109,"cost":280.0,"profit":526.0000228881836,"transactions":26,"margin":65.30000305175781},{"product":"SUPER SILVER HAZE CART - INDOCART","units":30,"revenue":730.2500152587891,"cost":375.0,"profit":355.25001525878906,"transactions":24,"margin":48.599998474121094}],"products_by_store":{"Elevation Springs":[{"product":"BUBBALICIOUS CART - INDOCART","units":934,"revenue":22674.25048828125,"cost":11165.0,"profit":11509.25048828125,"transactions":778,"margin":50.79999923706055},{"product":"GHOST OG CART - INDOCART","units":740,"revenue":17872.39990234375,"cost":9525.0,"profit":8347.39990234375,"transactions":638,"margin":46.70000076293945},{"product":"PINEAPPLE JACK CART - INDOCART","units":722,"revenue":16578.1005859375,"cost":9190.0,"profit":7388.0999755859375,"transactions":608,"margin":44.599998474121094},{"product":"HULKS BREATH CART - INDOCART","units":734,"revenue":15396.75048828125,"cost":9175.0,"profit":6221.7498779296875,"transactions":532,"margin":40.400001525878906},{"product":"TROPICANA COOKIES CART - INDOCART","units":492,"revenue":10897.099609375,"cost":6150.0,"profit":4747.099914550781,"transactions":388,"margin":43.599998474121094},{"product":"STRAWBERRY LEMONADE CART - INDOCART","units":410,"revenue":9646.35009765625,"cost":5125.0,"profit":4521.35009765625,"transactions":340,"margin":46.900001525878906},{"product":"BLUEBERRY PUNCH CART - INDOCART","units":146,"revenue":3294.8751831054688,"cost":1825.0,"profit":1469.8750305175781,"transactions":134,"margin":44.599998474121094},{"product":"SPECIAL SAUCE CART - INDOCART","units":50,"revenue":1138.5000610351562,"cost":625.0,"profit":513.4999847412109,"transactions":50,"margin":45.099998474121094}],"Elevation Mesa":[{"product":"PINEAPPLE JACK CART - INDOCART","units":1042,"revenue":23754.5751953125,"cost":13290.0,"profit":10464.5751953125,"transactions":830,"margin":44.099998474121094},{"product":"BUBBALICIOUS CART - INDOCART","units":1020,"revenue":23250.34912109375,"cost":12430.0,"profit":10820.350341796875,"transactions":836,"margin":46.5},{"product":"GHOST OG CART - INDOCART","units":686,"revenue":16551.77490234375,"cost":8875.0,"profit":7676.77490234375,"transactions":586,"margin":46.400001525878906},{"product":"HULKS BREATH CART - INDOCART","units":602,"revenue":13566.0498046875,"cost":7555.0,"profit":6011.0498046875,"transactions":476,"margin":44.29999923706055},{"product":"TROPICANA COOKIES CART - INDOCART","units":502,"revenue":11627.39990234375,"cost":6275.0,"profit":5352.39990234375,"transactions":394,"margin":46.0},{"product":"STRAWBERRY LEMONADE CART - INDOCART","units":416,"revenue":11129.024658203125,"cost":5290.0,"profit":5839.0252685546875,"transactions":368,"margin":52.5},{"product":"BLUEBERRY PUNCH CART - INDOCART","units":180,"revenue":4648.3001708984375,"cost":2295.0,"profit":2353.300018310547,"transactions":158,"margin":50.599998474121094},{"product":"SPECIAL SAUCE CART - INDOCART","units":46,"revenue":1141.25,"cost":575.0,"profit":566.25,"transactions":44,"margin":49.599998474121094}],"Elevation Oasis":[{"product":"PINEAPPLE JACK CART - INDOCART","units":1248,"revenue":28720.52490234375,"cost":15670.0,"profit":13050.52490234375,"transactions":880,"margin":45.400001525878906},{"product":"BUBBALICIOUS CART - INDOCART","units":1008,"revenue":22934.87548828125,"cost":12600.0,"profit":10334.87548828125,"transactions":714,"margin":45.099998474121094},{"product":"HULKS BREATH CART - INDOCART","units":732,"revenue":16593.02490234375,"cost":9150.0,"profit":7443.02490234375,"transactions":486,"margin":44.900001525878906},{"product":"GHOST OG CART - INDOCART","units":558,"revenue":12122.550048828125,"cost":6975.0,"profit":5147.550048828125,"transactions":384,"margin":42.5},{"product":"TROPICANA COOKIES CART - INDOCART","units":480,"revenue":10423.050537109375,"cost":6000.0,"profit":4423.0499267578125,"transactions":312,"margin":42.400001525878906},{"product":"STRAWBERRY LEMONADE CART - INDOCART","units":436,"revenue":10258.44970703125,"cost":5450.0,"profit":4808.450012207031,"transactions":326,"margin":46.900001525878906},{"product":"BLUEBERRY PUNCH CART - INDOCART","units":148,"revenue":3950.2999877929688,"cost":1850.0,"profit":2100.2999877929688,"transactions":128,"margin":53.20000076293945},{"product":"SPECIAL SAUCE CART - INDOCART","units":44,"revenue":1098.3000183105469,"cost":550.0,"profit":548.3000183105469,"transactions":34,"margin":49.900001525878906}],"Elevation Midtown":[{"product":"BUBBALICIOUS CART - INDOCART","units":988,"revenue":23130.72509765625,"cost":12350.0,"profit":10780.72509765625,"transactions":786,"margin":46.599998474121094},{"product":"PINEAPPLE JACK CART - INDOCART","units":822,"revenue":20650.50048828125,"cost":10275.0,"profit":10375.50048828125,"transactions":718,"margin":50.20000076293945},{"product":"GHOST OG CART - INDOCART","units":760,"revenue":18298.900146484375,"cost":9500.0,"profit":8798.900146484375,"transactions":626,"margin":48.099998474121094},{"product":"HULKS BREATH CART - INDOCART","units":410,"revenue":9559.500122070312,"cost":5125.0,"profit":4434.5001220703125,"transactions":328,"margin":46.400001525878906},{"product":"STRAWBERRY LEMONADE CART - INDOCART","units":370,"revenue":8868.64990234375,"cost":4625.0,"profit":4243.64990234375,"transactions":308,"margin":47.900001525878906},{"product":"TROPICANA COOKIES CART - INDOCART","units":76,"revenue":1650.4249572753906,"cost":950.0,"profit":700.4250335693359,"transactions":52,"margin":42.400001525878906},{"product":"SPECIAL SAUCE CART - INDOCART","units":2,"revenue":25.0,"cost":25.0,"profit":0.0,"transactions":2,"margin":0.0}],"Elevation Boulevard":[{"product":"PINEAPPLE JACK CART - INDOCART","units":982,"revenue":22142.42431640625,"cost":12275.0,"profit":9867.424926757812,"transactions":822,"margin":44.599998474121094},{"product":"BUBBALICIOUS CART - INDOCART","units":836,"revenue":18374.400634765625,"cost":10450.0,"profit":7924.4000244140625,"transactions":710,"margin":43.099998474121094},{"product":"GHOST OG CART - INDOCART","units":806,"revenue":17613.475341796875,"cost":10075.0,"profit":7538.4747314453125,"transactions":678,"margin":42.79999923706055},{"product":"HULKS BREATH CART - INDOCART","units":478,"revenue":9707.200317382812,"cost":5975.0,"profit":3732.2000122070312,"transactions":290,"margin":38.400001525878906},{"product":"STRAWBERRY LEMONADE CART - INDOCART","units":310,"revenue":7410.8251953125,"cost":3875.0,"profit":3535.8248901367188,"transactions":274,"margin":47.70000076293945},{"product":"TROPICANA COOKIES CART - INDOCART","units":294,"revenue":6385.4498291015625,"cost":3675.0,"profit":2710.4501342773438,"transactions":234,"margin":42.400001525878906},{"product":"BLUEBERRY PUNCH CART - INDOCART","units":102,"revenue":2271.425018310547,"cost":1275.0,"profit":996.4250183105469,"transactions":82,"margin":43.900001525878906},{"product":"SPECIAL SAUCE CART - INDOCART","units":50,"revenue":1181.624984741211,"cost":625.0,"profit":556.6249847412109,"transactions":46,"margin":47.099998474121094}],"Elevation Parkway":[{"product":"BUBBALICIOUS CART - INDOCART","units":246,"revenue":6439.725341796875,"cost":2825.0,"profit":3614.7250366210938,"transactions":222,"margin":56.099998474121094},{"product":"GHOST OG CART - INDOCART","units":240,"revenue":5599.124755859375,"cost":3175.0,"profit":2424.1250610351562,"transactions":196,"margin":43.29999923706055},{"product":"PINEAPPLE JACK CART - INDOCART","units":190,"revenue":4379.700012207031,"cost":2500.0,"profit":1879.7000122070312,"transactions":160,"margin":42.900001525878906},{"product":"HULKS BREATH CART - INDOCART","units":206,"revenue":4055.4251098632812,"cost":2575.0,"profit":1480.4249572753906,"transactions":110,"margin":36.5},{"product":"STRAWBERRY LEMONADE CART - INDOCART","units":124,"revenue":3443.8751220703125,"cost":1800.0,"profit":1643.8749694824219,"transactions":108,"margin":47.70000076293945},{"product":"ACAPULCO GOLD CART - INDOCART","units":28,"revenue":805.9999847412109,"cost":280.0,"profit":526.0000228881836,"transactions":26,"margin":65.30000305175781},{"product":"SUPER SILVER HAZE CART - INDOCART","units":30,"revenue":730.2500152587891,"cost":375.0,"profit":355.25001525878906,"transactions":24,"margin":48.599998474121094},{"product":"TROPICANA COOKIES CART - INDOCART","units":26,"revenue":604.9250030517578,"cost":325.0,"profit":279.9250030517578,"transactions":24,"margin":46.29999923706055}]},"store_summary":[{"store_clean":"Elevation Oasis","units":4654,"revenue":106101.07421875,"cost":58245.0,"profit":47856.07421875,"discounts":27876.42578125,"margin":45.099998474121094,"discount_rate":20.799999237060547},{"store_clean":"Elevation Mesa","units":4494,"revenue":105668.720703125,"cost":56585.0,"profit":49083.7255859375,"discounts":26903.7744140625,"margin":46.5,"discount_rate":20.299999237060547},{"store_clean":"Elevation Springs","units":4228,"revenue":97498.330078125,"cost":52780.0,"profit":44718.3251953125,"discounts":27969.1748046875,"margin":45.900001525878906,"discount_rate":22.299999237060547},{"store_clean":"Elevation Boulevard","units":3858,"revenue":85086.826171875,"cost":48225.0,"profit":36861.82373046875,"discounts":26130.673828125,"margin":43.29999923706055,"discount_rate":23.5},{"store_clean":"Elevation Midtown","units":3428,"revenue":82183.701171875,"cost":42850.0,"profit":39333.701171875,"discounts":17196.300048828125,"margin":47.900001525878906,"discount_rate":17.299999237060547},{"store_clean":"Elevation Parkway","units":1090,"revenue":26059.02587890625,"cost":13855.0,"profit":12204.024658203125,"discounts":7453.4747314453125,"margin":46.79999923706055,"discount_rate":22.200000762939453}],"recommendations":[{"severity":"red","title":"LOW DISCOUNTED MARGIN","detail":"Margin drops to 29.9% when discounted.","action":"Cap discount depth at 20% or negotiate lower wholesale cost."},{"severity":"info","title":"VOLUME LEVERAGE","detail":"$201,039 revenue provides negotiating leverage.","action":"Use volume as leverage in next vendor meeting."}],"comparison":null}