{"brand":"DABWOODS","date_range":"2024-01-01 00:00:00 to 2026-01-31 00:00:00","period_label":"All Time","summary":{"total_units":70480,"total_revenue":2975584.375,"total_cost":1374297.96875,"total_discounts":630565.546875,"total_profit":1601286.5625,"overall_margin":53.79999923706055,"fp_margin":61.099998474121094,"disc_margin":48.5,"pct_full_price":41.900001525878906,"avg_discount_rate":17.5,"fp_revenue":1246875.0,"disc_revenue":1728709.375,"brand":"DABWOODS","date_range":"2024-01-01 00:00:00 to 2026-01-31 00:00:00","primary_category":"DISPOSABLE VAPE","store_coverage":"6/7","stores_present":["Elevation Springs","Elevation Mesa","Elevation Oasis","Elevation Midtown","Elevation Boulevard","Elevation Parkway"],"stores_missing":["Elevation Downtown"],"velocity_rank":3,"velocity_total":35},"distribution":[{"store":"Elevation Springs","carries_brand":true,"sku_count":44,"revenue":622030.234375,"units":15162,"store_total_revenue":51138750.0,"brand_share_pct":1.2000000476837158},{"store":"Elevation Mesa","carries_brand":true,"sku_count":46,"revenue":509837.8125,"units":12454,"store_total_revenue":47532240.0,"brand_share_pct":1.100000023841858},{"store":"Elevation Oasis","carries_brand":true,"sku_count":42,"revenue":430966.09375,"units":9914,"store_total_revenue":56050145.0,"brand_share_pct":0.800000011920929},{"store":"Elevation Downtown","carries_brand":false,"sku_count":0,"revenue":0.0,"units":0,"store_total_revenue":1945237.1875,"brand_share_pct":0},{"store":"Elevation Midtown","carries_brand":true,"sku_count":50,"revenue":518449.0625,"units":11762,"store_total_revenue":30850185.0,"brand_share_pct":1.7000000476837158},{"store":"Elevation Boulevard","carries_brand":true,"sku_count":46,"revenue":335008.671875,"units":8408,"store_total_revenue":28757865.0,"brand_share_pct":1.2000000476837158},{"store":"Elevation Parkway","carries_brand":true,"sku_count":46,"revenue":559292.5,"units":12780,"store_total_revenue":21987007.5,"brand_share_pct":2.5}],"share_of_category":[{"category":"DISPOSABLE VAPE","brand_revenue":2975584.375,"category_revenue":30552405.0,"revenue_share_pct":9.699999809265137,"brand_units":70480,"category_units":756548,"units_share_pct":9.3}],"share_of_category_trend":{"DISPOSABLE VAPE":[{"period":"2024-01","brand_revenue":23470.0,"category_revenue":933474.921875,"share_pct":2.5},{"period":"2024-02","brand_revenue":98363.75,"category_revenue":877782.109375,"share_pct":11.199999809265137},{"period":"2024-03","brand_revenue":178317.5,"category_revenue":990692.03125,"share_pct":18.0},{"period":"2024-04","brand_revenue":207426.25,"category_revenue":971952.1875,"share_pct":21.299999237060547},{"period":"2024-05","brand_revenue":145261.25,"category_revenue":1035100.46875,"share_pct":14.0},{"period":"2024-06","brand_revenue":181791.6796875,"category_revenue":1039794.21875,"share_pct":17.5},{"period":"2024-07","brand_revenue":192738.6328125,"category_revenue":1081636.5625,"share_pct":17.799999237060547},{"period":"2024-08","brand_revenue":117989.5703125,"category_revenue":1098658.125,"share_pct":10.699999809265137},{"period":"2024-09","brand_revenue":176845.0,"category_revenue":1056394.53125,"share_pct":16.700000762939453},{"period":"2024-10","brand_revenue":210428.22265625,"category_revenue":1197041.171875,"share_pct":17.600000381469727},{"period":"2024-11","brand_revenue":107102.099609375,"category_revenue":1193980.234375,"share_pct":9.0},{"period":"2024-12","brand_revenue":5686.875,"category_revenue":1222008.984375,"share_pct":0.5},{"period":"2025-01","brand_revenue":0.0,"category_revenue":1100552.421875,"share_pct":0.0},{"period":"2025-02","brand_revenue":54374.4482421875,"category_revenue":1167271.25,"share_pct":4.699999809265137},{"period":"2025-03","brand_revenue":54203.4521484375,"category_revenue":1348856.71875,"share_pct":4.0},{"period":"2025-04","brand_revenue":90372.12890625,"category_revenue":1414639.84375,"share_pct":6.400000095367432},{"period":"2025-05","brand_revenue":74661.9482421875,"category_revenue":1460588.4375,"share_pct":5.099999904632568},{"period":"2025-06","brand_revenue":84532.87109375,"category_revenue":1320852.96875,"share_pct":6.400000095367432},{"period":"2025-07","brand_revenue":102569.0234375,"category_revenue":1451194.84375,"share_pct":7.099999904632568},{"period":"2025-08","brand_revenue":86105.947265625,"category_revenue":1403520.625,"share_pct":6.099999904632568},{"period":"2025-09","brand_revenue":178244.4921875,"category_revenue":1317518.125,"share_pct":13.5},{"period":"2025-10","brand_revenue":145542.998046875,"category_revenue":1511693.75,"share_pct":9.600000381469727},{"period":"2025-11","brand_revenue":151846.953125,"category_revenue":1481709.21875,"share_pct":10.199999809265137},{"period":"2025-12","brand_revenue":182041.42578125,"category_revenue":1476896.875,"share_pct":12.300000190734863},{"period":"2026-01","brand_revenue":125667.900390625,"category_revenue":1398594.84375,"share_pct":9.0}]},"velocity_by_category":[{"category":"DISPOSABLE VAPE","brand_units_per_day":92.5,"category_avg_units_per_day":28.36,"velocity_index":326.1,"brand_rev_per_unit":33.78,"category_rev_per_unit":32.31,"brands_in_category":35}],"store_gaps":[{"store":"Elevation Downtown","category":"DISPOSABLE VAPE","category_revenue_at_store":386406.2890625,"opportunity":"Brand not carried"}],"product_mix":{"top":[{"product":"BLUE RASPBERRY SLUSHEE DISPOSABLE VAPE - DABWOODS","units":9976,"revenue":421992.265625,"cost":197165.0,"profit":224827.24609375,"stores":6,"transactions":9226,"margin":53.29999923706055},{"product":"MOTHERS MILK DISPOSABLE VAPE - DABWOODS","units":10152,"revenue":421759.375,"cost":197945.0,"profit":223814.375,"stores":6,"transactions":9298,"margin":53.099998474121094},{"product":"BANANA OG DISPOSABLE VAPE - DABWOODS","units":9032,"revenue":378918.3203125,"cost":176560.0,"profit":202358.3203125,"stores":6,"transactions":8212,"margin":53.400001525878906},{"product":"MOONWALKER PURPS DISPOSABLE VAPE - DABWOODS","units":6754,"revenue":276277.109375,"cost":130335.0,"profit":145942.099609375,"stores":6,"transactions":6198,"margin":52.79999923706055},{"product":"SUNSET TSUNAMI DISPOSABLE VAPE - DABWOODS","units":5726,"revenue":242228.515625,"cost":106607.9296875,"profit":135620.595703125,"stores":6,"transactions":5268,"margin":56.0},{"product":"GUAVALATO DISPOSABLE VAPE - DABWOODS","units":4566,"revenue":185325.09765625,"cost":87195.0,"profit":98130.09765625,"stores":6,"transactions":4130,"margin":53.0},{"product":"BISCOTTI DISPOSABLE VAPE - DABWOODS","units":4424,"revenue":183222.87109375,"cost":86865.0,"profit":96357.87109375,"stores":6,"transactions":3988,"margin":52.599998474121094},{"product":"GEORGIA PEACH DISPOSABLE VAPE - DABWOODS","units":3574,"revenue":143924.248046875,"cost":68220.0,"profit":75704.248046875,"stores":6,"transactions":3310,"margin":52.599998474121094},{"product":"TRAINWRECK DISPOSABLE VAPE - DABWOODS","units":3016,"revenue":129746.25,"cost":60320.0,"profit":69426.25,"stores":6,"transactions":2850,"margin":53.5},{"product":"PINEAPPLE KUSH DISPOSABLE VAPE - DABWOODS","units":2030,"revenue":86223.896484375,"cost":39305.0,"profit":46918.9013671875,"stores":6,"transactions":1904,"margin":54.400001525878906},{"product":"SOUR DREAM DABBARX DISPOSABLE VAPE - DABWOODS","units":1680,"revenue":80900.8984375,"cost":35700.0,"profit":45200.8984375,"stores":6,"transactions":1586,"margin":55.900001525878906},{"product":"CREME DE LA CAKE DABBARX DISPOSABLE VAPE - DABWOODS","units":1586,"revenue":76587.724609375,"cost":33702.5,"profit":42885.224609375,"stores":6,"transactions":1464,"margin":56.0},{"product":"KIWI LATTO DABBARX DISPOSABLE VAPE - DABWOODS","units":1266,"revenue":59874.3505859375,"cost":26902.5,"profit":32971.8505859375,"stores":6,"transactions":1220,"margin":55.099998474121094},{"product":"HI-Z DABBARX DISPOSABLE VAPE - DABWOODS","units":1068,"revenue":51625.3515625,"cost":22695.0,"profit":28930.34912109375,"stores":6,"transactions":996,"margin":56.0},{"product":"GRAPE GOD DABBARX DISPOSABLE VAPE - DABWOODS","units":972,"revenue":47189.873046875,"cost":20655.0,"profit":26534.87548828125,"stores":6,"transactions":900,"margin":56.20000076293945},{"product":"BANANA OG DABBAR CLASSIC DISPOSABLE VAPE - DABWOODS","units":930,"revenue":36410.70068359375,"cost":16275.0,"profit":20135.699462890625,"stores":6,"transactions":874,"margin":55.29999923706055},{"product":"MAGIC MELONS DABBAR CLASSIC DISPOSABLE VAPE - DABWOODS","units":672,"revenue":28198.75,"cost":11760.0,"profit":16438.75,"stores":6,"transactions":636,"margin":58.29999923706055},{"product":"BLUE DREAM DISPOSABLE VAPE - DABWOODS","units":660,"revenue":27153.5498046875,"cost":13200.0,"profit":13953.5498046875,"stores":4,"transactions":618,"margin":51.400001525878906},{"product":"MOONWALKER PURPS DABBAR CLASSIC DISPOSABLE VAPE - DABWOODS","units":588,"revenue":24366.72607421875,"cost":10290.0,"profit":14076.724853515625,"stores":6,"transactions":510,"margin":57.79999923706055},{"product":"GUAVALATO DABBAR CLASSIC DISPOSABLE VAPE - DABWOODS","units":570,"revenue":22875.625,"cost":9975.0,"profit":12900.625,"stores":6,"transactions":530,"margin":56.400001525878906}],"bottom":[{"product":"BLUE DREAM DISPOSABLE VAPE - DABWOODS","units":660,"revenue":27153.5498046875,"cost":13200.0,"profit":13953.5498046875,"stores":4,"transactions":618,"margin":51.400001525878906},{"product":"MOONWALKER PURPS DABBAR CLASSIC DISPOSABLE VAPE - DABWOODS","units":588,"revenue":24366.72607421875,"cost":10290.0,"profit":14076.724853515625,"stores":6,"transactions":510,"margin":57.79999923706055},{"product":"GUAVALATO DABBAR CLASSIC DISPOSABLE VAPE - DABWOODS","units":570,"revenue":22875.625,"cost":9975.0,"profit":12900.625,"stores":6,"transactions":530,"margin":56.400001525878906},{"product":"SUNSET TSUNAMI DABBAR CLASSIC DISPOSABLE VAPE - DABWOODS","units":498,"revenue":20025.4248046875,"cost":8715.0,"profit":11310.4248046875,"stores":4,"transactions":450,"margin":56.5},{"product":"MOONWALKER PURPS DABBAR DISPOSABLE VAPE - DABWOODS","units":198,"revenue":7814.375,"cost":3465.0,"profit":4349.375,"stores":4,"transactions":178,"margin":55.70000076293945},{"product":"SOUR DIESEL DISPOSABLE VAPE - DABWOODS","units":160,"revenue":7210.0,"cost":3200.0,"profit":4010.0,"stores":1,"transactions":152,"margin":55.599998474121094},{"product":"MOTHERS MILK DABBAR CLASSIC DISPOSABLE VAPE - DABWOODS","units":156,"revenue":6227.5,"cost":2730.0,"profit":3497.5,"stores":6,"transactions":150,"margin":56.20000076293945},{"product":"MAGIC MELONS DISPOSABLE VAPE - DABWOODS","units":124,"revenue":5552.5,"cost":2480.0,"profit":3072.5,"stores":2,"transactions":120,"margin":55.29999923706055},{"product":"WATERMELON Z DISPOSABLE VAPE - DABWOODS","units":100,"revenue":3859.375,"cost":2000.0,"profit":1859.375,"stores":1,"transactions":98,"margin":48.20000076293945},{"product":"SUNSET TSUNAMI DABBAR DISPOSABLE VAPE - DABWOODS","units":2,"revenue":93.75,"cost":35.0,"profit":58.75,"stores":1,"transactions":2,"margin":62.70000076293945}],"expansion":[{"product":"BLUE DREAM DISPOSABLE VAPE - DABWOODS","current_stores":4,"total_stores":6,"missing_stores":["Elevation Oasis","Elevation Parkway"],"revenue":27153.5498046875},{"product":"SUNSET TSUNAMI DABBAR CLASSIC DISPOSABLE VAPE - DABWOODS","current_stores":4,"total_stores":6,"missing_stores":["Elevation Boulevard","Elevation Parkway"],"revenue":20025.4248046875},{"product":"MOONWALKER PURPS DABBAR DISPOSABLE VAPE - DABWOODS","current_stores":4,"total_stores":6,"missing_stores":["Elevation Springs","Elevation Oasis"],"revenue":7814.375},{"product":"MAGIC MELONS DISPOSABLE VAPE - DABWOODS","current_stores":2,"total_stores":6,"missing_stores":["Elevation Springs","Elevation Mesa","Elevation Oasis","Elevation Boulevard"],"revenue":5552.5}]},"pricing_consistency":[{"product":"MOTHERS MILK DABBAR CLASSIC DISPOSABLE VAPE - DABWOODS","min_price":75.0,"max_price":100.0,"avg_price":81.50954433497537,"std_dev":3.7487895552639574,"store_count":12,"price_range":25.0,"range_pct":30.7},{"product":"MOONWALKER PURPS DABBAR CLASSIC DISPOSABLE VAPE - DABWOODS","min_price":70.53402794731988,"max_price":93.11643835616438,"avg_price":81.47387913385495,"std_dev":3.09458184572677,"store_count":12,"price_range":22.582410408844503,"range_pct":27.7},{"product":"BANANA OG DABBAR CLASSIC DISPOSABLE VAPE - DABWOODS","min_price":70.76286764705883,"max_price":86.71666666666667,"avg_price":78.63160912037546,"std_dev":2.2642085233638434,"store_count":12,"price_range":15.953799019607846,"range_pct":20.3},{"product":"PINEAPPLE KUSH DISPOSABLE VAPE - DABWOODS","min_price":79.40714285714286,"max_price":96.5,"avg_price":85.6588692534381,"std_dev":2.6548365313066533,"store_count":12,"price_range":17.092857142857145,"range_pct":20.0},{"product":"MAGIC MELONS DABBAR CLASSIC DISPOSABLE VAPE - DABWOODS","min_price":75.1875,"max_price":90.9375,"avg_price":84.18914914015068,"std_dev":2.0661408386773257,"store_count":12,"price_range":15.750000000000002,"range_pct":18.7},{"product":"GUAVALATO DABBAR CLASSIC DISPOSABLE VAPE - DABWOODS","min_price":75.32894736842105,"max_price":89.17229729729729,"avg_price":82.2012843023945,"std_dev":2.176833494977839,"store_count":12,"price_range":13.843349928876245,"range_pct":16.8},{"product":"SUNSET TSUNAMI DABBAR CLASSIC DISPOSABLE VAPE - DABWOODS","min_price":76.8,"max_price":88.5,"avg_price":80.77035406989019,"std_dev":2.1785689073219885,"store_count":8,"price_range":11.7,"range_pct":14.5},{"product":"GUAVALATO DISPOSABLE VAPE - DABWOODS","min_price":75.32208498283352,"max_price":86.53301886792454,"avg_price":80.91000356889568,"std_dev":1.6549739829591765,"store_count":12,"price_range":11.210933885091015,"range_pct":13.9},{"product":"SUNSET TSUNAMI DISPOSABLE VAPE - DABWOODS","min_price":78.08333333333334,"max_price":89.30832083234316,"avg_price":84.0706482165048,"std_dev":1.7881239507862983,"store_count":12,"price_range":11.224987499009824,"range_pct":13.4},{"product":"TRAINWRECK DISPOSABLE VAPE - DABWOODS","min_price":79.79885057471265,"max_price":90.4009900990099,"avg_price":84.92417040605646,"std_dev":1.8199259600387983,"store_count":12,"price_range":10.602139524297254,"range_pct":12.5},{"product":"MOTHERS MILK DISPOSABLE VAPE - DABWOODS","min_price":79.42097026604068,"max_price":89.3923076923077,"avg_price":83.18152019450523,"std_dev":1.581638623559048,"store_count":12,"price_range":9.971337426267013,"range_pct":12.0},{"product":"GRAPE GOD DABBARX DISPOSABLE VAPE - DABWOODS","min_price":90.25,"max_price":101.28676470588235,"avg_price":96.91971411685854,"std_dev":1.7180100390442579,"store_count":12,"price_range":11.036764705882351,"range_pct":11.4},{"product":"MOONWALKER PURPS DISPOSABLE VAPE - DABWOODS","min_price":76.87530059356232,"max_price":85.86456298828125,"avg_price":81.83793628088814,"std_dev":1.4182572867230545,"store_count":12,"price_range":8.989262394718942,"range_pct":11.0},{"product":"BLUE RASPBERRY SLUSHEE DISPOSABLE VAPE - DABWOODS","min_price":79.60761278195488,"max_price":88.83531560945273,"avg_price":84.34621214281015,"std_dev":1.6457797010365514,"store_count":12,"price_range":9.227702827497852,"range_pct":10.9},{"product":"CREME DE LA CAKE DABBARX DISPOSABLE VAPE - DABWOODS","min_price":91.70454545454545,"max_price":102.1875,"avg_price":96.72164163869724,"std_dev":1.3675564793506698,"store_count":12,"price_range":10.48295454545455,"range_pct":10.8},{"product":"BISCOTTI DISPOSABLE VAPE - DABWOODS","min_price":78.50625,"max_price":87.06018518518519,"avg_price":82.8173709602507,"std_dev":1.4504210382638063,"store_count":12,"price_range":8.55393518518519,"range_pct":10.3},{"product":"BANANA OG DISPOSABLE VAPE - DABWOODS","min_price":79.53535548686244,"max_price":87.48606309533757,"avg_price":83.96931987187672,"std_dev":1.3119282635585174,"store_count":12,"price_range":7.950707608475129,"range_pct":9.5},{"product":"SOUR DREAM DABBARX DISPOSABLE VAPE - DABWOODS","min_price":91.76887063419117,"max_price":100.96153846153847,"avg_price":96.68557020280332,"std_dev":1.4687415779701143,"store_count":12,"price_range":9.19266782734729,"range_pct":9.5},{"product":"GEORGIA PEACH DISPOSABLE VAPE - DABWOODS","min_price":76.83846153846153,"max_price":83.54498463608613,"avg_price":80.11539163248075,"std_dev":1.1185019533685292,"store_count":12,"price_range":6.706523097624588,"range_pct":8.4},{"product":"MOONWALKER PURPS DABBAR DISPOSABLE VAPE - DABWOODS","min_price":75.0,"max_price":80.57783018867924,"avg_price":77.54715901237128,"std_dev":1.1116049277004993,"store_count":8,"price_range":5.577830188679247,"range_pct":7.2},{"product":"BLUE DREAM DISPOSABLE VAPE - DABWOODS","min_price":79.2,"max_price":84.9,"avg_price":82.41440884105288,"std_dev":1.0954573538817107,"store_count":8,"price_range":5.700000000000003,"range_pct":6.9},{"product":"HI-Z DABBARX DISPOSABLE VAPE - DABWOODS","min_price":94.01041666666666,"max_price":100.64489870655294,"avg_price":96.86679732634224,"std_dev":1.037977625111129,"store_count":12,"price_range":6.634482039886276,"range_pct":6.8},{"product":"KIWI LATTO DABBARX DISPOSABLE VAPE - DABWOODS","min_price":92.50340687144886,"max_price":98.84868421052632,"avg_price":95.05372683972,"std_dev":0.9891143700182108,"store_count":12,"price_range":6.345277339077455,"range_pct":6.7},{"product":"MAGIC MELONS DISPOSABLE VAPE - DABWOODS","min_price":89.3,"max_price":90.625,"avg_price":89.9625,"std_dev":0.37476659402887097,"store_count":4,"price_range":1.3250000000000028,"range_pct":1.5}],"promotional_effectiveness":{"lift":{"fp_units_per_day":36.42,"disc_units_per_day":67.14,"lift_pct":84.3,"fp_avg_revenue_per_unit":101.27499999999999,"disc_avg_revenue_per_unit":75.4},"by_deal":[{"deal_name":"Industry - 30% Off","uses":3378,"revenue":277456.5500020981,"discounts":119243.44999790192,"units":7934.0,"cost":157360.82499998156,"margin":43.3,"discount_depth":60.2},{"deal_name":"Dabwoods 0.8g Disposables 2 for $60","uses":3235,"revenue":514135.1000070572,"discounts":173214.8999929428,"units":13728.0,"cost":264345.0,"margin":48.6,"discount_depth":50.4},{"deal_name":"Industry 30% Off","uses":2393,"revenue":217186.2875008583,"discounts":94280.37916580835,"units":5861.666666666667,"cost":110834.16666666666,"margin":49.0,"discount_depth":60.6},{"deal_name":"Lit4Less - Disposables - 2 for $75 LR / HTE","uses":1563,"revenue":236708.61250638962,"discounts":47841.38749599457,"units":5057.0,"cost":98297.5,"margin":58.5,"discount_depth":33.6},{"deal_name":"40% Off - G2B","uses":337,"revenue":30282.56250143051,"discounts":20242.43749856949,"units":898.0,"cost":17402.5,"margin":42.5,"discount_depth":80.2},{"deal_name":"Senior - 10% Off","uses":310,"revenue":36178.96250009537,"discounts":4108.537499904633,"units":798.0,"cost":15371.324999998324,"margin":57.5,"discount_depth":20.4},{"deal_name":"4/20 2025 - Vapes","uses":284,"revenue":19093.62499833107,"discounts":19206.37499809265,"units":766.0,"cost":15320.0,"margin":19.8,"discount_depth":100.2},{"deal_name":"4/20 40% Off!!!!","uses":244,"revenue":19920.0,"discounts":13280.0,"units":664.0,"cost":13280.0,"margin":33.3,"discount_depth":80.0},{"deal_name":"Jackpot - Locals 30% Off","uses":236,"revenue":23922.5,"discounts":10252.5,"units":652.0,"cost":12527.549999998882,"margin":47.6,"discount_depth":60.0},{"deal_name":"Veterans - 10% Off","uses":198,"revenue":21937.5,"discounts":2437.5,"units":474.0,"cost":9267.524999999441,"margin":57.8,"discount_depth":20.0},{"deal_name":"Dabwoods / MOJO 0.8g Disposables 2 for $60","uses":185,"revenue":23556.487500667572,"discounts":7943.512500524521,"units":630.0,"cost":11025.0,"margin":53.2,"discount_depth":50.4},{"deal_name":"Senior / Veterans - 20% Off","uses":146,"revenue":16360.0,"discounts":4090.0,"units":406.0,"cost":7875.024999999441,"margin":51.9,"discount_depth":40.0},{"deal_name":"LVAC - 25% Off","uses":130,"revenue":11803.125,"discounts":3959.375,"units":301.0,"cost":5906.25,"margin":50.0,"discount_depth":50.2},{"deal_name":"30% Off Special","uses":100,"revenue":7695.199999809265,"discounts":3354.800000190735,"units":221.0,"cost":3972.5,"margin":48.4,"discount_depth":60.8},{"deal_name":"Dabwoods / MOJO Disposables 2 for $60","uses":52,"revenue":6150.0,"discounts":2050.0,"units":164.0,"cost":2870.0,"margin":53.3,"discount_depth":50.0},{"deal_name":"Employee - 40% OFF","uses":39,"revenue":2835.6500005722046,"discounts":2001.8499970436096,"units":85.0,"cost":1603.8249999983236,"margin":43.4,"discount_depth":82.8},{"deal_name":"Employee 30% - NOT FRIDAYS","uses":37,"revenue":3307.5,"discounts":1417.5,"units":86.0,"cost":1727.5,"margin":47.8,"discount_depth":60.0},{"deal_name":"Store Credit - $15","uses":32,"revenue":1439.500002861023,"discounts":964.6666661898296,"units":42.666666666666664,"cost":827.9166666666667,"margin":42.5,"discount_depth":80.2},{"deal_name":"Store Credit - $25","uses":32,"revenue":1318.9125037193298,"discounts":1260.2541659275691,"units":45.666666666666664,"cost":887.9166666666667,"margin":32.7,"discount_depth":97.8},{"deal_name":"Dabwoods 0.8g Disposables 2 for $65","uses":26,"revenue":4356.25,"discounts":1043.75,"units":108.0,"cost":2160.0,"margin":50.4,"discount_depth":38.6}]},"growth_opportunities":[{"type":"distribution","title":"Expand to Elevation Downtown","detail":"Store has $154,563 in DISPOSABLE VAPE \u2014 categories where DABWOODS competes.","priority":"high"},{"type":"sku_expansion","title":"Add 'BLUE DREAM DISPOSABLE VAPE - DABWOODS' to 2 more store(s)","detail":"Carried in 4 stores. Missing from: Elevation Oasis, Elevation Parkway","priority":"medium"},{"type":"sku_expansion","title":"Add 'MAGIC MELONS DISPOSABLE VAPE - DABWOODS' to 4 more store(s)","detail":"Carried in 2 stores. Missing from: Elevation Springs, Elevation Mesa, Elevation Oasis, Elevation Boulevard","priority":"medium"},{"type":"sku_expansion","title":"Add 'MOONWALKER PURPS DABBAR DISPOSABLE VAPE - DABWOODS' to 2 more store(s)","detail":"Carried in 4 stores. Missing from: Elevation Springs, Elevation Oasis","priority":"medium"},{"type":"sku_expansion","title":"Add 'SUNSET TSUNAMI DABBAR CLASSIC DISPOSABLE VAPE - DABWOODS' to 2 more store(s)","detail":"Carried in 4 stores. Missing from: Elevation Boulevard, Elevation Parkway","priority":"medium"}],"trend":[{"period":"2024-01","revenue":23470.0,"cost":10760.0,"margin":54.2,"units":538,"transactions":476,"profit":12710.0,"revenue_change_pct":null,"units_change_pct":null,"margin_change_pts":null},{"period":"2024-02","revenue":98363.75,"cost":44760.0,"margin":54.5,"units":2238,"transactions":1952,"profit":53603.75,"revenue_change_pct":319.1,"units_change_pct":316.0,"margin_change_pts":0.3},{"period":"2024-03","revenue":178317.5,"cost":84360.0,"margin":52.7,"units":4218,"transactions":3264,"profit":93957.5,"revenue_change_pct":81.3,"units_change_pct":88.5,"margin_change_pts":-1.8},{"period":"2024-04","revenue":207426.25,"cost":100760.0,"margin":51.4,"units":5038,"transactions":3896,"profit":106666.25,"revenue_change_pct":16.3,"units_change_pct":19.4,"margin_change_pts":-1.3},{"period":"2024-05","revenue":145261.25,"cost":66920.0,"margin":53.9,"units":3346,"transactions":2660,"profit":78341.25,"revenue_change_pct":-30.0,"units_change_pct":-33.6,"margin_change_pts":2.5},{"period":"2024-06","revenue":181791.6796875,"cost":84520.0,"margin":53.5,"units":4226,"transactions":3244,"profit":97271.6796875,"revenue_change_pct":25.1,"units_change_pct":26.3,"margin_change_pts":-0.4},{"period":"2024-07","revenue":192738.6328125,"cost":91200.0,"margin":52.7,"units":4560,"transactions":3412,"profit":101538.623046875,"revenue_change_pct":6.0,"units_change_pct":7.9,"margin_change_pts":-0.8},{"period":"2024-08","revenue":117989.5703125,"cost":54600.0,"margin":53.7,"units":2730,"transactions":2254,"profit":63389.5751953125,"revenue_change_pct":-38.8,"units_change_pct":-40.1,"margin_change_pts":1.0},{"period":"2024-09","revenue":176845.0,"cost":83640.0,"margin":52.7,"units":4182,"transactions":3088,"profit":93205.0,"revenue_change_pct":49.9,"units_change_pct":53.2,"margin_change_pts":-1.0},{"period":"2024-10","revenue":210428.22265625,"cost":97280.0,"margin":53.8,"units":4864,"transactions":3716,"profit":113148.22265625,"revenue_change_pct":19.0,"units_change_pct":16.3,"margin_change_pts":1.1},{"period":"2024-11","revenue":107102.099609375,"cost":51320.0,"margin":52.1,"units":2566,"transactions":1934,"profit":55782.099609375,"revenue_change_pct":-49.1,"units_change_pct":-47.2,"margin_change_pts":-1.7},{"period":"2024-12","revenue":5686.875,"cost":2720.0,"margin":52.2,"units":136,"transactions":92,"profit":2966.875,"revenue_change_pct":-94.7,"units_change_pct":-94.7,"margin_change_pts":0.1},{"period":"2025-02","revenue":54374.4482421875,"cost":21282.32421875,"margin":60.9,"units":1250,"transactions":1046,"profit":33092.1240234375,"revenue_change_pct":856.1,"units_change_pct":819.1,"margin_change_pts":8.7},{"period":"2025-03","revenue":54203.4521484375,"cost":24160.4248046875,"margin":55.4,"units":1242,"transactions":1100,"profit":30043.02490234375,"revenue_change_pct":-0.3,"units_change_pct":-0.6,"margin_change_pts":-5.4},{"period":"2025-04","revenue":90372.12890625,"cost":51120.17578125,"margin":43.4,"units":2570,"transactions":1734,"profit":39251.95068359375,"revenue_change_pct":66.7,"units_change_pct":106.9,"margin_change_pts":-12.0},{"period":"2025-05","revenue":74661.9482421875,"cost":37360.0,"margin":50.0,"units":1868,"transactions":1250,"profit":37301.95068359375,"revenue_change_pct":-17.4,"units_change_pct":-27.3,"margin_change_pts":6.5},{"period":"2025-06","revenue":84532.87109375,"cost":41280.0,"margin":51.2,"units":2064,"transactions":1540,"profit":43252.8759765625,"revenue_change_pct":13.2,"units_change_pct":10.5,"margin_change_pts":1.2},{"period":"2025-07","revenue":102569.0234375,"cost":46315.0,"margin":54.8,"units":2546,"transactions":1686,"profit":56254.0234375,"revenue_change_pct":21.3,"units_change_pct":23.4,"margin_change_pts":3.7},{"period":"2025-08","revenue":86105.947265625,"cost":37705.0,"margin":56.2,"units":2150,"transactions":1494,"profit":48400.9521484375,"revenue_change_pct":-16.1,"units_change_pct":-15.6,"margin_change_pts":1.4},{"period":"2025-09","revenue":178244.4921875,"cost":77105.0,"margin":56.7,"units":4220,"transactions":2960,"profit":101139.501953125,"revenue_change_pct":107.0,"units_change_pct":96.3,"margin_change_pts":0.5},{"period":"2025-10","revenue":145542.998046875,"cost":63897.5,"margin":56.1,"units":3404,"transactions":2364,"profit":81645.498046875,"revenue_change_pct":-18.3,"units_change_pct":-19.3,"margin_change_pts":-0.6},{"period":"2025-11","revenue":151846.953125,"cost":69715.0,"margin":54.1,"units":3652,"transactions":2678,"profit":82131.953125,"revenue_change_pct":4.3,"units_change_pct":7.3,"margin_change_pts":-2.0},{"period":"2025-12","revenue":182041.42578125,"cost":78440.0,"margin":56.9,"units":4118,"transactions":3200,"profit":103601.42578125,"revenue_change_pct":19.9,"units_change_pct":12.8,"margin_change_pts":2.8},{"period":"2026-01","revenue":125667.900390625,"cost":53077.5,"margin":57.8,"units":2754,"transactions":2172,"profit":72590.400390625,"revenue_change_pct":-31.0,"units_change_pct":-33.1,"margin_change_pts":0.9}]}