{"brand":"DABWOODS","date_range":"2024-01-01 00:00:00 to 2026-01-31 00:00:00","period_label":"All Time","summary":{"total_units":70480,"total_revenue":2975584.375,"total_cost":1374297.96875,"total_discounts":630565.546875,"total_profit":1601286.5625,"overall_margin":53.79999923706055,"fp_margin":61.099998474121094,"disc_margin":48.5,"pct_full_price":41.900001525878906,"avg_discount_rate":17.5,"fp_revenue":1246875.0,"disc_revenue":1728709.375,"unique_customers":32276,"brand":"DABWOODS","date_range":"2024-01-01 00:00:00 to 2026-01-31 00:00:00","months_count":48,"avg_monthly_cost":57262.425,"cost_per_unit":39.0,"primary_category":"DISPOSABLE VAPE","primary_cat_margin":52.79999923706055,"category_rank":3,"category_total":35,"margin_vs_category":1.0,"velocity_rank":3},"category_breakdown":[{"category_clean":"DISPOSABLE VAPE","units":70480,"revenue":2975584.375,"cost":1374297.96875,"profit":1601286.5625,"discounts":630565.5859375,"margin":53.79999923706055,"category_avg_margin":52.79999923706055,"vs_category":1.0,"rank":3.0,"total_brands":35.0}],"trend":[{"period":"2024-01","revenue":23470.0,"cost":10760.0,"margin":54.2,"units":538,"transactions":476,"profit":12710.0,"revenue_change_pct":null,"units_change_pct":null,"margin_change_pts":null},{"period":"2024-02","revenue":98363.75,"cost":44760.0,"margin":54.5,"units":2238,"transactions":1952,"profit":53603.75,"revenue_change_pct":319.1,"units_change_pct":316.0,"margin_change_pts":0.3},{"period":"2024-03","revenue":178317.5,"cost":84360.0,"margin":52.7,"units":4218,"transactions":3264,"profit":93957.5,"revenue_change_pct":81.3,"units_change_pct":88.5,"margin_change_pts":-1.8},{"period":"2024-04","revenue":207426.25,"cost":100760.0,"margin":51.4,"units":5038,"transactions":3896,"profit":106666.25,"revenue_change_pct":16.3,"units_change_pct":19.4,"margin_change_pts":-1.3},{"period":"2024-05","revenue":145261.25,"cost":66920.0,"margin":53.9,"units":3346,"transactions":2660,"profit":78341.25,"revenue_change_pct":-30.0,"units_change_pct":-33.6,"margin_change_pts":2.5},{"period":"2024-06","revenue":181791.6796875,"cost":84520.0,"margin":53.5,"units":4226,"transactions":3244,"profit":97271.6796875,"revenue_change_pct":25.1,"units_change_pct":26.3,"margin_change_pts":-0.4},{"period":"2024-07","revenue":192738.6328125,"cost":91200.0,"margin":52.7,"units":4560,"transactions":3412,"profit":101538.623046875,"revenue_change_pct":6.0,"units_change_pct":7.9,"margin_change_pts":-0.8},{"period":"2024-08","revenue":117989.5703125,"cost":54600.0,"margin":53.7,"units":2730,"transactions":2254,"profit":63389.5751953125,"revenue_change_pct":-38.8,"units_change_pct":-40.1,"margin_change_pts":1.0},{"period":"2024-09","revenue":176845.0,"cost":83640.0,"margin":52.7,"units":4182,"transactions":3088,"profit":93205.0,"revenue_change_pct":49.9,"units_change_pct":53.2,"margin_change_pts":-1.0},{"period":"2024-10","revenue":210428.22265625,"cost":97280.0,"margin":53.8,"units":4864,"transactions":3716,"profit":113148.22265625,"revenue_change_pct":19.0,"units_change_pct":16.3,"margin_change_pts":1.1},{"period":"2024-11","revenue":107102.099609375,"cost":51320.0,"margin":52.1,"units":2566,"transactions":1934,"profit":55782.099609375,"revenue_change_pct":-49.1,"units_change_pct":-47.2,"margin_change_pts":-1.7},{"period":"2024-12","revenue":5686.875,"cost":2720.0,"margin":52.2,"units":136,"transactions":92,"profit":2966.875,"revenue_change_pct":-94.7,"units_change_pct":-94.7,"margin_change_pts":0.1},{"period":"2025-02","revenue":54374.4482421875,"cost":21282.32421875,"margin":60.9,"units":1250,"transactions":1046,"profit":33092.1240234375,"revenue_change_pct":856.1,"units_change_pct":819.1,"margin_change_pts":8.7},{"period":"2025-03","revenue":54203.4521484375,"cost":24160.4248046875,"margin":55.4,"units":1242,"transactions":1100,"profit":30043.02490234375,"revenue_change_pct":-0.3,"units_change_pct":-0.6,"margin_change_pts":-5.4},{"period":"2025-04","revenue":90372.12890625,"cost":51120.17578125,"margin":43.4,"units":2570,"transactions":1734,"profit":39251.95068359375,"revenue_change_pct":66.7,"units_change_pct":106.9,"margin_change_pts":-12.0},{"period":"2025-05","revenue":74661.9482421875,"cost":37360.0,"margin":50.0,"units":1868,"transactions":1250,"profit":37301.95068359375,"revenue_change_pct":-17.4,"units_change_pct":-27.3,"margin_change_pts":6.5},{"period":"2025-06","revenue":84532.87109375,"cost":41280.0,"margin":51.2,"units":2064,"transactions":1540,"profit":43252.8759765625,"revenue_change_pct":13.2,"units_change_pct":10.5,"margin_change_pts":1.2},{"period":"2025-07","revenue":102569.0234375,"cost":46315.0,"margin":54.8,"units":2546,"transactions":1686,"profit":56254.0234375,"revenue_change_pct":21.3,"units_change_pct":23.4,"margin_change_pts":3.7},{"period":"2025-08","revenue":86105.947265625,"cost":37705.0,"margin":56.2,"units":2150,"transactions":1494,"profit":48400.9521484375,"revenue_change_pct":-16.1,"units_change_pct":-15.6,"margin_change_pts":1.4},{"period":"2025-09","revenue":178244.4921875,"cost":77105.0,"margin":56.7,"units":4220,"transactions":2960,"profit":101139.501953125,"revenue_change_pct":107.0,"units_change_pct":96.3,"margin_change_pts":0.5},{"period":"2025-10","revenue":145542.998046875,"cost":63897.5,"margin":56.1,"units":3404,"transactions":2364,"profit":81645.498046875,"revenue_change_pct":-18.3,"units_change_pct":-19.3,"margin_change_pts":-0.6},{"period":"2025-11","revenue":151846.953125,"cost":69715.0,"margin":54.1,"units":3652,"transactions":2678,"profit":82131.953125,"revenue_change_pct":4.3,"units_change_pct":7.3,"margin_change_pts":-2.0},{"period":"2025-12","revenue":182041.42578125,"cost":78440.0,"margin":56.9,"units":4118,"transactions":3200,"profit":103601.42578125,"revenue_change_pct":19.9,"units_change_pct":12.8,"margin_change_pts":2.8},{"period":"2026-01","revenue":125667.900390625,"cost":53077.5,"margin":57.8,"units":2754,"transactions":2172,"profit":72590.400390625,"revenue_change_pct":-31.0,"units_change_pct":-33.1,"margin_change_pts":0.9}],"share_of_category":[{"category":"DISPOSABLE VAPE","brand_revenue":2975584.375,"category_revenue":30552405.0,"revenue_share_pct":9.699999809265137,"brand_units":70480,"category_units":756548,"units_share_pct":9.3}],"share_of_category_trend":{"DISPOSABLE VAPE":[{"period":"2024-01","brand_revenue":23470.0,"category_revenue":933474.921875,"share_pct":2.5},{"period":"2024-02","brand_revenue":98363.75,"category_revenue":877782.109375,"share_pct":11.199999809265137},{"period":"2024-03","brand_revenue":178317.5,"category_revenue":990692.03125,"share_pct":18.0},{"period":"2024-04","brand_revenue":207426.25,"category_revenue":971952.1875,"share_pct":21.299999237060547},{"period":"2024-05","brand_revenue":145261.25,"category_revenue":1035100.46875,"share_pct":14.0},{"period":"2024-06","brand_revenue":181791.6796875,"category_revenue":1039794.21875,"share_pct":17.5},{"period":"2024-07","brand_revenue":192738.6328125,"category_revenue":1081636.5625,"share_pct":17.799999237060547},{"period":"2024-08","brand_revenue":117989.5703125,"category_revenue":1098658.125,"share_pct":10.699999809265137},{"period":"2024-09","brand_revenue":176845.0,"category_revenue":1056394.53125,"share_pct":16.700000762939453},{"period":"2024-10","brand_revenue":210428.22265625,"category_revenue":1197041.171875,"share_pct":17.600000381469727},{"period":"2024-11","brand_revenue":107102.099609375,"category_revenue":1193980.234375,"share_pct":9.0},{"period":"2024-12","brand_revenue":5686.875,"category_revenue":1222008.984375,"share_pct":0.5},{"period":"2025-01","brand_revenue":0.0,"category_revenue":1100552.421875,"share_pct":0.0},{"period":"2025-02","brand_revenue":54374.4482421875,"category_revenue":1167271.25,"share_pct":4.699999809265137},{"period":"2025-03","brand_revenue":54203.4521484375,"category_revenue":1348856.71875,"share_pct":4.0},{"period":"2025-04","brand_revenue":90372.12890625,"category_revenue":1414639.84375,"share_pct":6.400000095367432},{"period":"2025-05","brand_revenue":74661.9482421875,"category_revenue":1460588.4375,"share_pct":5.099999904632568},{"period":"2025-06","brand_revenue":84532.87109375,"category_revenue":1320852.96875,"share_pct":6.400000095367432},{"period":"2025-07","brand_revenue":102569.0234375,"category_revenue":1451194.84375,"share_pct":7.099999904632568},{"period":"2025-08","brand_revenue":86105.947265625,"category_revenue":1403520.625,"share_pct":6.099999904632568},{"period":"2025-09","brand_revenue":178244.4921875,"category_revenue":1317518.125,"share_pct":13.5},{"period":"2025-10","brand_revenue":145542.998046875,"category_revenue":1511693.75,"share_pct":9.600000381469727},{"period":"2025-11","brand_revenue":151846.953125,"category_revenue":1481709.21875,"share_pct":10.199999809265137},{"period":"2025-12","brand_revenue":182041.42578125,"category_revenue":1476896.875,"share_pct":12.300000190734863},{"period":"2026-01","brand_revenue":125667.900390625,"category_revenue":1398594.84375,"share_pct":9.0}]},"discount_depth":[{"tier":"0% (Full Price)","transactions":23538,"pct_of_transactions":36.3,"revenue":1246875.0,"avg_discount":0.0},{"tier":"1-10%","transactions":4050,"pct_of_transactions":6.2,"revenue":215541.9921875,"avg_discount":16.200000762939453},{"tier":"11-20%","transactions":924,"pct_of_transactions":1.4,"revenue":46786.07421875,"avg_discount":38.599998474121094},{"tier":"21-30%","transactions":15518,"pct_of_transactions":23.9,"revenue":695408.4375,"avg_discount":50.0},{"tier":"31%+","transactions":3238,"pct_of_transactions":5.0,"revenue":100617.94921875,"avg_discount":89.80000305175781}],"velocity":{"units_per_day":92.5,"revenue_per_day":3904.9749755859375,"avg_units_per_txn":2.64,"days_of_data":762,"total_units":70480,"total_transactions":53212},"velocity_by_category":[{"category":"DISPOSABLE VAPE","brand_units_per_day":92.5,"category_avg_units_per_day":28.36,"velocity_index":326.1,"brand_rev_per_unit":33.78,"category_rev_per_unit":32.31,"brands_in_category":35}],"deals":[{"deal_name":"Industry - 30% Off","times_used":6756,"units":7934.0,"revenue":277456.5500020981,"discounts":119243.44999790192,"cost":157360.82499998156,"profit":120095.72498112917,"pre_discount_revenue":396700.0,"margin":43.3,"avg_discount":60.2},{"deal_name":"Dabwoods 0.8g Disposables 2 for $60","times_used":6470,"units":13728.0,"revenue":514135.1000070572,"discounts":173214.8999929428,"cost":264345.0,"profit":249790.10000228882,"pre_discount_revenue":687350.0,"margin":48.6,"avg_discount":50.4},{"deal_name":"Industry 30% Off","times_used":4786,"units":5861.666666666667,"revenue":217186.2875008583,"discounts":94280.37916580835,"cost":110834.16666666666,"profit":106352.12083419165,"pre_discount_revenue":311466.6666666667,"margin":49.0,"avg_discount":60.6},{"deal_name":"Lit4Less - Disposables - 2 for $75 LR / HTE","times_used":3126,"units":5057.0,"revenue":236708.61250638962,"discounts":47841.38749599457,"cost":98297.5,"profit":138411.11249923706,"pre_discount_revenue":284550.0,"margin":58.5,"avg_discount":33.6},{"deal_name":"40% Off - G2B","times_used":674,"units":898.0,"revenue":30282.56250143051,"discounts":20242.43749856949,"cost":17402.5,"profit":12880.062499940395,"pre_discount_revenue":50525.0,"margin":42.5,"avg_discount":80.2},{"deal_name":"Senior - 10% Off","times_used":620,"units":798.0,"revenue":36178.96250009537,"discounts":4108.537499904633,"cost":15371.324999998324,"profit":20807.637512385845,"pre_discount_revenue":40287.5,"margin":57.5,"avg_discount":20.4},{"deal_name":"4/20 2025 - Vapes","times_used":568,"units":766.0,"revenue":19093.62499833107,"discounts":19206.37499809265,"cost":15320.0,"profit":3773.6250007152557,"pre_discount_revenue":38300.0,"margin":19.8,"avg_discount":100.2},{"deal_name":"4/20 40% Off!!!!","times_used":488,"units":664.0,"revenue":19920.0,"discounts":13280.0,"cost":13280.0,"profit":6640.0,"pre_discount_revenue":33200.0,"margin":33.3,"avg_discount":80.0},{"deal_name":"Jackpot - Locals 30% Off","times_used":472,"units":652.0,"revenue":23922.5,"discounts":10252.5,"cost":12527.549999998882,"profit":11394.94999885559,"pre_discount_revenue":34175.0,"margin":47.6,"avg_discount":60.0},{"deal_name":"Veterans - 10% Off","times_used":396,"units":474.0,"revenue":21937.5,"discounts":2437.5,"cost":9267.524999999441,"profit":12669.975004196167,"pre_discount_revenue":24375.0,"margin":57.8,"avg_discount":20.0},{"deal_name":"Dabwoods / MOJO 0.8g Disposables 2 for $60","times_used":370,"units":630.0,"revenue":23556.487500667572,"discounts":7943.512500524521,"cost":11025.0,"profit":12531.48749947548,"pre_discount_revenue":31500.0,"margin":53.2,"avg_discount":50.4},{"deal_name":"Senior / Veterans - 20% Off","times_used":292,"units":406.0,"revenue":16360.0,"discounts":4090.0,"cost":7875.024999999441,"profit":8484.974999427795,"pre_discount_revenue":20450.0,"margin":51.9,"avg_discount":40.0},{"deal_name":"LVAC - 25% Off","times_used":260,"units":301.0,"revenue":11803.125,"discounts":3959.375,"cost":5906.25,"profit":5896.875,"pre_discount_revenue":15762.5,"margin":50.0,"avg_discount":50.2},{"deal_name":"30% Off Special","times_used":200,"units":221.0,"revenue":7695.199999809265,"discounts":3354.800000190735,"cost":3972.5,"profit":3722.699999809265,"pre_discount_revenue":11050.0,"margin":48.4,"avg_discount":60.8},{"deal_name":"Dabwoods / MOJO Disposables 2 for $60","times_used":104,"units":164.0,"revenue":6150.0,"discounts":2050.0,"cost":2870.0,"profit":3280.0,"pre_discount_revenue":8200.0,"margin":53.3,"avg_discount":50.0},{"deal_name":"Employee - 40% OFF","times_used":78,"units":85.0,"revenue":2835.6500005722046,"discounts":2001.8499970436096,"cost":1603.8249999983236,"profit":1231.8249985575676,"pre_discount_revenue":4837.5,"margin":43.4,"avg_discount":82.8},{"deal_name":"Employee 30% - NOT FRIDAYS","times_used":74,"units":86.0,"revenue":3307.5,"discounts":1417.5,"cost":1727.5,"profit":1580.0,"pre_discount_revenue":4725.0,"margin":47.8,"avg_discount":60.0},{"deal_name":"Store Credit - $15","times_used":64,"units":42.666666666666664,"revenue":1439.500002861023,"discounts":964.6666661898296,"cost":827.9166666666667,"profit":611.5833335121473,"pre_discount_revenue":2404.1666666666665,"margin":42.5,"avg_discount":80.2},{"deal_name":"Store Credit - $25","times_used":64,"units":45.666666666666664,"revenue":1318.9125037193298,"discounts":1260.2541659275691,"cost":887.9166666666667,"profit":430.9958319862684,"pre_discount_revenue":2579.166666666667,"margin":32.7,"avg_discount":97.8},{"deal_name":"Dabwoods 0.8g Disposables 2 for $65","times_used":52,"units":108.0,"revenue":4356.25,"discounts":1043.75,"cost":2160.0,"profit":2196.25,"pre_discount_revenue":5400.0,"margin":50.4,"avg_discount":38.6},{"deal_name":"Store Credit - $50","times_used":18,"units":16.0,"revenue":391.05000257492065,"discounts":433.94999861717224,"cost":287.5,"profit":103.54999989271164,"pre_discount_revenue":825.0,"margin":26.5,"avg_discount":105.2},{"deal_name":"Sammy Davis Early Bird - 15% Off","times_used":16,"units":18.0,"revenue":850.0,"discounts":150.0,"cost":345.0,"profit":505.0,"pre_discount_revenue":1000.0,"margin":59.4,"avg_discount":30.0},{"deal_name":"Medical - 10%","times_used":8,"units":8.0,"revenue":360.0,"discounts":40.0,"cost":155.0,"profit":205.0,"pre_discount_revenue":400.0,"margin":56.9,"avg_discount":20.0},{"deal_name":"Reno - Early Bird - Senior / Veterans - 20%","times_used":8,"units":8.0,"revenue":320.0,"discounts":80.0,"cost":140.0,"profit":180.0,"pre_discount_revenue":400.0,"margin":56.2,"avg_discount":40.0},{"deal_name":"Store Credit - $75","times_used":6,"units":8.0,"revenue":225.625,"discounts":236.875,"cost":158.75,"profit":66.875,"pre_discount_revenue":462.5,"margin":29.6,"avg_discount":102.4},{"deal_name":"Store Credit - $100","times_used":2,"units":2.0,"revenue":2.5,"discounts":97.5,"cost":35.0,"profit":-32.5,"pre_discount_revenue":100.0,"margin":-1300.0,"avg_discount":195.0},{"deal_name":"Veterans Day - 30% Off For Veterans!","times_used":2,"units":2.0,"revenue":70.0,"discounts":30.0,"cost":40.0,"profit":30.0,"pre_discount_revenue":100.0,"margin":42.9,"avg_discount":60.0},{"deal_name":"Voucher - 35% Off One Item","times_used":2,"units":2.0,"revenue":65.0,"discounts":35.0,"cost":40.0,"profit":25.0,"pre_discount_revenue":100.0,"margin":38.5,"avg_discount":70.0}],"top_products":[{"product":"BLUE RASPBERRY SLUSHEE DISPOSABLE VAPE - DABWOODS","units":9976,"revenue":421992.265625,"cost":197165.0,"profit":224827.24609375,"transactions":9226,"margin":53.29999923706055},{"product":"MOTHERS MILK DISPOSABLE VAPE - DABWOODS","units":10152,"revenue":421759.375,"cost":197945.0,"profit":223814.375,"transactions":9298,"margin":53.099998474121094},{"product":"BANANA OG DISPOSABLE VAPE - DABWOODS","units":9032,"revenue":378918.3203125,"cost":176560.0,"profit":202358.3203125,"transactions":8212,"margin":53.400001525878906},{"product":"MOONWALKER PURPS DISPOSABLE VAPE - DABWOODS","units":6754,"revenue":276277.109375,"cost":130335.0,"profit":145942.099609375,"transactions":6198,"margin":52.79999923706055},{"product":"SUNSET TSUNAMI DISPOSABLE VAPE - DABWOODS","units":5726,"revenue":242228.515625,"cost":106607.9296875,"profit":135620.595703125,"transactions":5268,"margin":56.0},{"product":"GUAVALATO DISPOSABLE VAPE - DABWOODS","units":4566,"revenue":185325.09765625,"cost":87195.0,"profit":98130.09765625,"transactions":4130,"margin":53.0},{"product":"BISCOTTI DISPOSABLE VAPE - DABWOODS","units":4424,"revenue":183222.87109375,"cost":86865.0,"profit":96357.87109375,"transactions":3988,"margin":52.599998474121094},{"product":"GEORGIA PEACH DISPOSABLE VAPE - DABWOODS","units":3574,"revenue":143924.248046875,"cost":68220.0,"profit":75704.248046875,"transactions":3310,"margin":52.599998474121094},{"product":"TRAINWRECK DISPOSABLE VAPE - DABWOODS","units":3016,"revenue":129746.25,"cost":60320.0,"profit":69426.25,"transactions":2850,"margin":53.5},{"product":"PINEAPPLE KUSH DISPOSABLE VAPE - DABWOODS","units":2030,"revenue":86223.896484375,"cost":39305.0,"profit":46918.9013671875,"transactions":1904,"margin":54.400001525878906},{"product":"SOUR DREAM DABBARX DISPOSABLE VAPE - DABWOODS","units":1680,"revenue":80900.8984375,"cost":35700.0,"profit":45200.8984375,"transactions":1586,"margin":55.900001525878906},{"product":"CREME DE LA CAKE DABBARX DISPOSABLE VAPE - DABWOODS","units":1586,"revenue":76587.724609375,"cost":33702.5,"profit":42885.224609375,"transactions":1464,"margin":56.0},{"product":"KIWI LATTO DABBARX DISPOSABLE VAPE - DABWOODS","units":1266,"revenue":59874.3505859375,"cost":26902.5,"profit":32971.8505859375,"transactions":1220,"margin":55.099998474121094},{"product":"HI-Z DABBARX DISPOSABLE VAPE - DABWOODS","units":1068,"revenue":51625.3515625,"cost":22695.0,"profit":28930.34912109375,"transactions":996,"margin":56.0},{"product":"GRAPE GOD DABBARX DISPOSABLE VAPE - DABWOODS","units":972,"revenue":47189.873046875,"cost":20655.0,"profit":26534.87548828125,"transactions":900,"margin":56.20000076293945},{"product":"BANANA OG DABBAR CLASSIC DISPOSABLE VAPE - DABWOODS","units":930,"revenue":36410.70068359375,"cost":16275.0,"profit":20135.699462890625,"transactions":874,"margin":55.29999923706055},{"product":"MAGIC MELONS DABBAR CLASSIC DISPOSABLE VAPE - DABWOODS","units":672,"revenue":28198.75,"cost":11760.0,"profit":16438.75,"transactions":636,"margin":58.29999923706055},{"product":"BLUE DREAM DISPOSABLE VAPE - DABWOODS","units":660,"revenue":27153.5498046875,"cost":13200.0,"profit":13953.5498046875,"transactions":618,"margin":51.400001525878906},{"product":"MOONWALKER PURPS DABBAR CLASSIC DISPOSABLE VAPE - DABWOODS","units":588,"revenue":24366.72607421875,"cost":10290.0,"profit":14076.724853515625,"transactions":510,"margin":57.79999923706055},{"product":"GUAVALATO DABBAR CLASSIC DISPOSABLE VAPE - DABWOODS","units":570,"revenue":22875.625,"cost":9975.0,"profit":12900.625,"transactions":530,"margin":56.400001525878906},{"product":"SUNSET TSUNAMI DABBAR CLASSIC DISPOSABLE VAPE - DABWOODS","units":498,"revenue":20025.4248046875,"cost":8715.0,"profit":11310.4248046875,"transactions":450,"margin":56.5},{"product":"MOONWALKER PURPS DABBAR DISPOSABLE VAPE - DABWOODS","units":198,"revenue":7814.375,"cost":3465.0,"profit":4349.375,"transactions":178,"margin":55.70000076293945},{"product":"SOUR DIESEL DISPOSABLE VAPE - DABWOODS","units":160,"revenue":7210.0,"cost":3200.0,"profit":4010.0,"transactions":152,"margin":55.599998474121094},{"product":"MOTHERS MILK DABBAR CLASSIC DISPOSABLE VAPE - DABWOODS","units":156,"revenue":6227.5,"cost":2730.0,"profit":3497.5,"transactions":150,"margin":56.20000076293945},{"product":"MAGIC MELONS DISPOSABLE VAPE - DABWOODS","units":124,"revenue":5552.5,"cost":2480.0,"profit":3072.5,"transactions":120,"margin":55.29999923706055}],"products_by_store":{"Elevation Springs":[{"product":"MOTHERS MILK DISPOSABLE VAPE - DABWOODS","units":2502,"revenue":100218.65234375,"cost":48165.0,"profit":52053.65234375,"transactions":2294,"margin":51.900001525878906},{"product":"BLUE RASPBERRY SLUSHEE DISPOSABLE VAPE - DABWOODS","units":1974,"revenue":80111.07421875,"cost":38990.0,"profit":41121.07421875,"transactions":1850,"margin":51.29999923706055},{"product":"BANANA OG DISPOSABLE VAPE - DABWOODS","units":1842,"revenue":76932.5,"cost":36085.0,"profit":40847.5,"transactions":1676,"margin":53.099998474121094},{"product":"MOONWALKER PURPS DISPOSABLE VAPE - DABWOODS","units":1544,"revenue":60927.2021484375,"cost":29765.0,"profit":31162.19970703125,"transactions":1460,"margin":51.099998474121094},{"product":"SUNSET TSUNAMI DISPOSABLE VAPE - DABWOODS","units":1148,"revenue":46646.25,"cost":21700.47607421875,"profit":24945.77392578125,"transactions":1088,"margin":53.5},{"product":"GUAVALATO DISPOSABLE VAPE - DABWOODS","units":1050,"revenue":40994.90234375,"cost":19875.0,"profit":21119.89990234375,"transactions":940,"margin":51.5},{"product":"BISCOTTI DISPOSABLE VAPE - DABWOODS","units":994,"revenue":39935.625,"cost":19380.0,"profit":20555.625,"transactions":912,"margin":51.5},{"product":"GEORGIA PEACH DISPOSABLE VAPE - DABWOODS","units":590,"revenue":23370.625,"cost":11300.0,"profit":12070.625,"transactions":552,"margin":51.599998474121094},{"product":"TRAINWRECK DISPOSABLE VAPE - DABWOODS","units":446,"revenue":18150.0,"cost":8920.0,"profit":9230.0,"transactions":418,"margin":50.900001525878906},{"product":"GRAPE GOD DABBARX DISPOSABLE VAPE - DABWOODS","units":368,"revenue":18131.25,"cost":7820.0,"profit":10311.25,"transactions":348,"margin":56.900001525878906},{"product":"CREME DE LA CAKE DABBARX DISPOSABLE VAPE - DABWOODS","units":348,"revenue":16628.575439453125,"cost":7395.0,"profit":9233.574829101562,"transactions":336,"margin":55.5},{"product":"SOUR DREAM DABBARX DISPOSABLE VAPE - DABWOODS","units":336,"revenue":16259.825439453125,"cost":7140.0,"profit":9119.824829101562,"transactions":328,"margin":56.099998474121094},{"product":"PINEAPPLE KUSH DISPOSABLE VAPE - DABWOODS","units":350,"revenue":13896.25,"cost":6500.0,"profit":7396.25,"transactions":328,"margin":53.20000076293945},{"product":"KIWI LATTO DABBARX DISPOSABLE VAPE - DABWOODS","units":282,"revenue":13370.849609375,"cost":5992.5,"profit":7378.3502197265625,"transactions":278,"margin":55.20000076293945},{"product":"GUAVALATO DABBAR CLASSIC DISPOSABLE VAPE - DABWOODS","units":296,"revenue":11316.25,"cost":5180.0,"profit":6136.25,"transactions":270,"margin":54.20000076293945}],"Elevation Mesa":[{"product":"BLUE RASPBERRY SLUSHEE DISPOSABLE VAPE - DABWOODS","units":1928,"revenue":78426.25,"cost":38060.0,"profit":40366.25,"transactions":1808,"margin":51.5},{"product":"MOTHERS MILK DISPOSABLE VAPE - DABWOODS","units":1766,"revenue":70765.5517578125,"cost":34580.0,"profit":36185.54931640625,"transactions":1660,"margin":51.099998474121094},{"product":"BANANA OG DISPOSABLE VAPE - DABWOODS","units":1684,"revenue":67937.5,"cost":33050.0,"profit":34887.5,"transactions":1588,"margin":51.400001525878906},{"product":"MOONWALKER PURPS DISPOSABLE VAPE - DABWOODS","units":1358,"revenue":54956.875,"cost":26410.0,"profit":28546.875,"transactions":1238,"margin":51.900001525878906},{"product":"SUNSET TSUNAMI DISPOSABLE VAPE - DABWOODS","units":1068,"revenue":43524.3017578125,"cost":19230.94970703125,"profit":24293.349609375,"transactions":998,"margin":55.79999923706055},{"product":"BISCOTTI DISPOSABLE VAPE - DABWOODS","units":940,"revenue":37598.125,"cost":18430.0,"profit":19168.125,"transactions":832,"margin":51.0},{"product":"GUAVALATO DISPOSABLE VAPE - DABWOODS","units":742,"revenue":29477.5,"cost":14345.0,"profit":15132.5,"transactions":690,"margin":51.29999923706055},{"product":"CREME DE LA CAKE DABBARX DISPOSABLE VAPE - DABWOODS","units":298,"revenue":14316.650390625,"cost":6332.5,"profit":7984.1497802734375,"transactions":272,"margin":55.79999923706055},{"product":"TRAINWRECK DISPOSABLE VAPE - DABWOODS","units":348,"revenue":13885.0,"cost":6960.0,"profit":6925.0,"transactions":334,"margin":49.900001525878906},{"product":"PINEAPPLE KUSH DISPOSABLE VAPE - DABWOODS","units":338,"revenue":13803.75,"cost":6635.0,"profit":7168.75,"transactions":310,"margin":51.900001525878906},{"product":"SOUR DREAM DABBARX DISPOSABLE VAPE - DABWOODS","units":248,"revenue":11811.949462890625,"cost":5270.0,"profit":6541.9500732421875,"transactions":234,"margin":55.400001525878906},{"product":"GEORGIA PEACH DISPOSABLE VAPE - DABWOODS","units":300,"revenue":11578.75,"cost":5625.0,"profit":5953.75,"transactions":282,"margin":51.400001525878906},{"product":"KIWI LATTO DABBARX DISPOSABLE VAPE - DABWOODS","units":220,"revenue":10175.374755859375,"cost":4675.0,"profit":5500.374755859375,"transactions":216,"margin":54.099998474121094},{"product":"HI-Z DABBARX DISPOSABLE VAPE - DABWOODS","units":202,"revenue":9718.75,"cost":4292.5,"profit":5426.25,"transactions":188,"margin":55.79999923706055},{"product":"GRAPE GOD DABBARX DISPOSABLE VAPE - DABWOODS","units":184,"revenue":8853.125,"cost":3910.0,"profit":4943.125,"transactions":162,"margin":55.79999923706055}],"Elevation Oasis":[{"product":"MOTHERS MILK DISPOSABLE VAPE - DABWOODS","units":1202,"revenue":51222.9248046875,"cost":23290.0,"profit":27932.9248046875,"transactions":1020,"margin":54.5},{"product":"BANANA OG DISPOSABLE VAPE - DABWOODS","units":1100,"revenue":47523.75,"cost":20750.0,"profit":26773.75,"transactions":942,"margin":56.29999923706055},{"product":"MOONWALKER PURPS DISPOSABLE VAPE - DABWOODS","units":1098,"revenue":46693.84765625,"cost":20710.0,"profit":25983.85009765625,"transactions":920,"margin":55.599998474121094},{"product":"BLUE RASPBERRY SLUSHEE DISPOSABLE VAPE - DABWOODS","units":1050,"revenue":45396.25,"cost":20750.0,"profit":24646.25,"transactions":942,"margin":54.29999923706055},{"product":"SUNSET TSUNAMI DISPOSABLE VAPE - DABWOODS","units":860,"revenue":36900.0,"cost":15000.74951171875,"profit":21899.25048828125,"transactions":716,"margin":59.29999923706055},{"product":"GUAVALATO DISPOSABLE VAPE - DABWOODS","units":798,"revenue":32591.6748046875,"cost":14955.0,"profit":17636.6748046875,"transactions":658,"margin":54.099998474121094},{"product":"GEORGIA PEACH DISPOSABLE VAPE - DABWOODS","units":706,"revenue":29110.32470703125,"cost":12855.0,"profit":16255.32470703125,"transactions":614,"margin":55.79999923706055},{"product":"SOUR DREAM DABBARX DISPOSABLE VAPE - DABWOODS","units":476,"revenue":22474.951171875,"cost":10115.0,"profit":12359.949951171875,"transactions":440,"margin":55.0},{"product":"BISCOTTI DISPOSABLE VAPE - DABWOODS","units":500,"revenue":21216.25,"cost":9750.0,"profit":11466.25,"transactions":408,"margin":54.0},{"product":"CREME DE LA CAKE DABBARX DISPOSABLE VAPE - DABWOODS","units":350,"revenue":16936.25,"cost":7437.5,"profit":9498.75,"transactions":302,"margin":56.099998474121094},{"product":"KIWI LATTO DABBARX DISPOSABLE VAPE - DABWOODS","units":352,"revenue":16437.5,"cost":7480.0,"profit":8957.5,"transactions":328,"margin":54.5},{"product":"HI-Z DABBARX DISPOSABLE VAPE - DABWOODS","units":288,"revenue":13956.25,"cost":6120.0,"profit":7836.25,"transactions":256,"margin":56.099998474121094},{"product":"TRAINWRECK DISPOSABLE VAPE - DABWOODS","units":250,"revenue":10855.0,"cost":5000.0,"profit":5855.0,"transactions":226,"margin":53.900001525878906},{"product":"MAGIC MELONS DABBAR CLASSIC DISPOSABLE VAPE - DABWOODS","units":198,"revenue":8433.125,"cost":3465.0,"profit":4968.125,"transactions":180,"margin":58.900001525878906},{"product":"MOONWALKER PURPS DABBAR CLASSIC DISPOSABLE VAPE - DABWOODS","units":146,"revenue":6797.5,"cost":2555.0,"profit":4242.5,"transactions":106,"margin":62.400001525878906}],"Elevation Midtown":[{"product":"MOTHERS MILK DISPOSABLE VAPE - DABWOODS","units":1950,"revenue":87157.5,"cost":38500.0,"profit":48657.5,"transactions":1788,"margin":55.79999923706055},{"product":"BLUE RASPBERRY SLUSHEE DISPOSABLE VAPE - DABWOODS","units":1950,"revenue":86427.9296875,"cost":38755.0,"profit":47672.9248046875,"transactions":1798,"margin":55.20000076293945},{"product":"BANANA OG DISPOSABLE VAPE - DABWOODS","units":1496,"revenue":65439.5751953125,"cost":29470.0,"profit":35969.5751953125,"transactions":1352,"margin":55.0},{"product":"SUNSET TSUNAMI DISPOSABLE VAPE - DABWOODS","units":1118,"revenue":49441.8017578125,"cost":21385.3759765625,"profit":28056.42578125,"transactions":1028,"margin":56.70000076293945},{"product":"MOONWALKER PURPS DISPOSABLE VAPE - DABWOODS","units":848,"revenue":36406.57470703125,"cost":16460.0,"profit":19946.57470703125,"transactions":790,"margin":54.79999923706055},{"product":"GUAVALATO DISPOSABLE VAPE - DABWOODS","units":682,"revenue":28774.19921875,"cost":13140.0,"profit":15634.200439453125,"transactions":626,"margin":54.29999923706055},{"product":"BISCOTTI DISPOSABLE VAPE - DABWOODS","units":648,"revenue":28207.5,"cost":12835.0,"profit":15372.5,"transactions":584,"margin":54.5},{"product":"PINEAPPLE KUSH DISPOSABLE VAPE - DABWOODS","units":520,"revenue":23233.7255859375,"cost":10350.0,"profit":12883.7255859375,"transactions":488,"margin":55.5},{"product":"GEORGIA PEACH DISPOSABLE VAPE - DABWOODS","units":550,"revenue":22393.04931640625,"cost":10375.0,"profit":12018.050537109375,"transactions":514,"margin":53.70000076293945},{"product":"TRAINWRECK DISPOSABLE VAPE - DABWOODS","units":494,"revenue":22093.75,"cost":9880.0,"profit":12213.75,"transactions":476,"margin":55.29999923706055},{"product":"CREME DE LA CAKE DABBARX DISPOSABLE VAPE - DABWOODS","units":200,"revenue":10218.75,"cost":4250.0,"profit":5968.75,"transactions":188,"margin":58.400001525878906},{"product":"SOUR DREAM DABBARX DISPOSABLE VAPE - DABWOODS","units":182,"revenue":9187.5,"cost":3867.5,"profit":5320.0,"transactions":170,"margin":57.900001525878906},{"product":"BLUE DREAM DISPOSABLE VAPE - DABWOODS","units":148,"revenue":6250.8251953125,"cost":2960.0,"profit":3290.8248901367188,"transactions":136,"margin":52.599998474121094},{"product":"SUNSET TSUNAMI DABBAR CLASSIC DISPOSABLE VAPE - DABWOODS","units":148,"revenue":5970.4248046875,"cost":2590.0,"profit":3380.4251098632812,"transactions":136,"margin":56.599998474121094},{"product":"KIWI LATTO DABBARX DISPOSABLE VAPE - DABWOODS","units":114,"revenue":5634.375,"cost":2422.5,"profit":3211.875,"transactions":110,"margin":57.0}],"Elevation Boulevard":[{"product":"BANANA OG DISPOSABLE VAPE - DABWOODS","units":1294,"revenue":51459.375,"cost":25510.0,"profit":25949.375,"transactions":1184,"margin":50.400001525878906},{"product":"MOTHERS MILK DISPOSABLE VAPE - DABWOODS","units":1278,"revenue":50750.0,"cost":25075.0,"profit":25675.0,"transactions":1174,"margin":50.599998474121094},{"product":"BLUE RASPBERRY SLUSHEE DISPOSABLE VAPE - DABWOODS","units":1064,"revenue":42351.25,"cost":21025.0,"profit":21326.25,"transactions":980,"margin":50.400001525878906},{"product":"MOONWALKER PURPS DISPOSABLE VAPE - DABWOODS","units":666,"revenue":25599.47509765625,"cost":12690.0,"profit":12909.47509765625,"transactions":612,"margin":50.400001525878906},{"product":"GEORGIA PEACH DISPOSABLE VAPE - DABWOODS","units":650,"revenue":24972.5,"cost":12755.0,"profit":12217.5,"transactions":606,"margin":48.900001525878906},{"product":"TRAINWRECK DISPOSABLE VAPE - DABWOODS","units":468,"revenue":19110.0,"cost":9360.0,"profit":9750.0,"transactions":438,"margin":51.0},{"product":"SUNSET TSUNAMI DISPOSABLE VAPE - DABWOODS","units":480,"revenue":18740.0,"cost":8625.374755859375,"profit":10114.625244140625,"transactions":466,"margin":54.0},{"product":"GUAVALATO DISPOSABLE VAPE - DABWOODS","units":446,"revenue":16796.824951171875,"cost":8545.0,"profit":8251.824951171875,"transactions":422,"margin":49.099998474121094},{"product":"BISCOTTI DISPOSABLE VAPE - DABWOODS","units":400,"revenue":15701.25,"cost":7875.0,"profit":7826.25,"transactions":376,"margin":49.79999923706055},{"product":"PINEAPPLE KUSH DISPOSABLE VAPE - DABWOODS","units":270,"revenue":10797.5,"cost":5275.0,"profit":5522.5,"transactions":260,"margin":51.099998474121094},{"product":"SOUR DREAM DABBARX DISPOSABLE VAPE - DABWOODS","units":204,"revenue":9360.4248046875,"cost":4335.0,"profit":5025.425109863281,"transactions":192,"margin":53.70000076293945},{"product":"CREME DE LA CAKE DABBARX DISPOSABLE VAPE - DABWOODS","units":198,"revenue":9078.75,"cost":4207.5,"profit":4871.25,"transactions":186,"margin":53.70000076293945},{"product":"BLUE DREAM DISPOSABLE VAPE - DABWOODS","units":212,"revenue":8595.225219726562,"cost":4240.0,"profit":4355.224914550781,"transactions":198,"margin":50.70000076293945},{"product":"KIWI LATTO DABBARX DISPOSABLE VAPE - DABWOODS","units":124,"revenue":5800.0,"cost":2635.0,"profit":3165.0,"transactions":122,"margin":54.599998474121094},{"product":"BANANA OG DABBAR CLASSIC DISPOSABLE VAPE - DABWOODS","units":136,"revenue":4811.875,"cost":2380.0,"profit":2431.875,"transactions":122,"margin":50.5}],"Elevation Parkway":[{"product":"BLUE RASPBERRY SLUSHEE DISPOSABLE VAPE - DABWOODS","units":2010,"revenue":89279.501953125,"cost":39585.0,"profit":49694.501953125,"transactions":1848,"margin":55.70000076293945},{"product":"BANANA OG DISPOSABLE VAPE - DABWOODS","units":1616,"revenue":69625.625,"cost":31695.0,"profit":37930.625,"transactions":1470,"margin":54.5},{"product":"MOTHERS MILK DISPOSABLE VAPE - DABWOODS","units":1454,"revenue":61644.7509765625,"cost":28335.0,"profit":33309.7509765625,"transactions":1362,"margin":54.0},{"product":"MOONWALKER PURPS DISPOSABLE VAPE - DABWOODS","units":1240,"revenue":51693.125,"cost":24300.0,"profit":27393.125,"transactions":1178,"margin":53.0},{"product":"SUNSET TSUNAMI DISPOSABLE VAPE - DABWOODS","units":1052,"revenue":46976.1767578125,"cost":20665.0,"profit":26311.17431640625,"transactions":972,"margin":56.0},{"product":"TRAINWRECK DISPOSABLE VAPE - DABWOODS","units":1010,"revenue":45652.5,"cost":20200.0,"profit":25452.5,"transactions":958,"margin":55.79999923706055},{"product":"BISCOTTI DISPOSABLE VAPE - DABWOODS","units":942,"revenue":40564.1259765625,"cost":18595.0,"profit":21969.1259765625,"transactions":876,"margin":54.20000076293945},{"product":"GUAVALATO DISPOSABLE VAPE - DABWOODS","units":848,"revenue":36690.0,"cost":16335.0,"profit":20355.0,"transactions":794,"margin":55.5},{"product":"GEORGIA PEACH DISPOSABLE VAPE - DABWOODS","units":778,"revenue":32498.9990234375,"cost":15310.0,"profit":17189.000244140625,"transactions":742,"margin":52.900001525878906},{"product":"PINEAPPLE KUSH DISPOSABLE VAPE - DABWOODS","units":452,"revenue":19667.674560546875,"cost":8545.0,"profit":11122.674560546875,"transactions":426,"margin":56.599998474121094},{"product":"SOUR DREAM DABBARX DISPOSABLE VAPE - DABWOODS","units":234,"revenue":11806.25,"cost":4972.5,"profit":6833.75,"transactions":222,"margin":57.900001525878906},{"product":"CREME DE LA CAKE DABBARX DISPOSABLE VAPE - DABWOODS","units":192,"revenue":9408.75,"cost":4080.0,"profit":5328.75,"transactions":180,"margin":56.599998474121094},{"product":"KIWI LATTO DABBARX DISPOSABLE VAPE - DABWOODS","units":174,"revenue":8456.25,"cost":3697.5,"profit":4758.75,"transactions":166,"margin":56.29999923706055},{"product":"HI-Z DABBARX DISPOSABLE VAPE - DABWOODS","units":166,"revenue":8218.75,"cost":3527.5,"profit":4691.25,"transactions":160,"margin":57.099998474121094},{"product":"SOUR DIESEL DISPOSABLE VAPE - DABWOODS","units":160,"revenue":7210.0,"cost":3200.0,"profit":4010.0,"transactions":152,"margin":55.599998474121094}]},"store_summary":[{"store_clean":"Elevation Springs","units":15162,"revenue":622030.234375,"cost":294510.46875,"profit":327519.765625,"discounts":155469.74609375,"margin":52.70000076293945,"discount_rate":20.0},{"store_clean":"Elevation Parkway","units":12780,"revenue":559292.4609375,"cost":251622.5,"profit":307669.98046875,"discounts":90682.529296875,"margin":55.0,"discount_rate":14.0},{"store_clean":"Elevation Midtown","units":11762,"revenue":518449.0625,"cost":230417.87109375,"profit":288031.19140625,"discounts":77925.9228515625,"margin":55.599998474121094,"discount_rate":13.100000381469727},{"store_clean":"Elevation Mesa","units":12454,"revenue":509837.8515625,"cost":242705.95703125,"profit":267131.89453125,"discounts":127262.1484375,"margin":52.400001525878906,"discount_rate":20.0},{"store_clean":"Elevation Oasis","units":9914,"revenue":430966.09375,"cost":190458.2421875,"profit":240507.8515625,"discounts":84808.896484375,"margin":55.79999923706055,"discount_rate":16.399999618530273},{"store_clean":"Elevation Boulevard","units":8408,"revenue":335008.671875,"cost":164582.87109375,"profit":170425.80078125,"discounts":94416.328125,"margin":50.900001525878906,"discount_rate":22.0}],"recommendations":[{"severity":"info","title":"VOLUME LEVERAGE","detail":"$1,190,234 revenue provides negotiating leverage.","action":"Use volume as leverage in next vendor meeting."}],"comparison":null}