{"brand":"VADA","date_range":"2024-01-01 00:00:00 to 2026-01-31 00:00:00","period_label":"All Time","summary":{"total_units":11612,"total_revenue":311726.8359375,"total_cost":150998.75,"total_discounts":65064.423828125,"total_profit":160728.076171875,"overall_margin":51.599998474121094,"fp_margin":60.20000076293945,"disc_margin":44.599998474121094,"pct_full_price":44.599998474121094,"avg_discount_rate":17.299999237060547,"fp_revenue":138946.25,"disc_revenue":172780.5859375,"unique_customers":6352,"brand":"VADA","date_range":"2024-01-01 00:00:00 to 2026-01-31 00:00:00","months_count":24,"avg_monthly_cost":12583.225,"cost_per_unit":26.0,"primary_category":"FLOWER","primary_cat_margin":54.099998474121094,"category_rank":41,"category_total":64,"margin_vs_category":-2.5,"velocity_rank":41},"category_breakdown":[{"category_clean":"FLOWER","units":4894,"revenue":164931.62109375,"cost":82657.5,"profit":82274.12109375,"discounts":34249.6240234375,"margin":49.900001525878906,"category_avg_margin":54.099998474121094,"vs_category":-4.2,"rank":41.0,"total_brands":64.0},{"category_clean":"SYRINGE","units":3232,"revenue":79425.0,"cost":33840.0,"profit":45585.0,"discounts":13495.0,"margin":57.400001525878906,"category_avg_margin":53.599998474121094,"vs_category":3.8,"rank":3.0,"total_brands":4.0},{"category_clean":"INFUSED PRE ROLL","units":3486,"revenue":67370.2001953125,"cost":34501.25,"profit":32868.9501953125,"discounts":17319.7998046875,"margin":48.79999923706055,"category_avg_margin":47.29999923706055,"vs_category":1.5,"rank":14.0,"total_brands":25.0}],"trend":[{"period":"2024-01","revenue":52400.498046875,"cost":26141.25,"margin":50.1,"units":1884,"transactions":1404,"profit":26259.25048828125,"revenue_change_pct":null,"units_change_pct":null,"margin_change_pts":null},{"period":"2024-02","revenue":42831.4990234375,"cost":20543.75,"margin":52.0,"units":1550,"transactions":1168,"profit":22287.7490234375,"revenue_change_pct":-18.3,"units_change_pct":-17.7,"margin_change_pts":1.9},{"period":"2024-03","revenue":56030.2001953125,"cost":27363.75,"margin":51.2,"units":1906,"transactions":1468,"profit":28666.4501953125,"revenue_change_pct":30.8,"units_change_pct":23.0,"margin_change_pts":-0.9},{"period":"2024-04","revenue":22752.42431640625,"cost":10656.25,"margin":53.2,"units":910,"transactions":636,"profit":12096.175537109375,"revenue_change_pct":-59.4,"units_change_pct":-52.3,"margin_change_pts":2.0},{"period":"2024-05","revenue":31799.49951171875,"cost":14360.0,"margin":54.8,"units":1100,"transactions":820,"profit":17439.49951171875,"revenue_change_pct":39.8,"units_change_pct":20.9,"margin_change_pts":1.7},{"period":"2024-06","revenue":27065.50048828125,"cost":12912.5,"margin":52.3,"units":932,"transactions":702,"profit":14153.00048828125,"revenue_change_pct":-14.9,"units_change_pct":-15.3,"margin_change_pts":-2.6},{"period":"2024-07","revenue":32031.95068359375,"cost":14685.0,"margin":54.2,"units":1188,"transactions":802,"profit":17346.949462890625,"revenue_change_pct":18.3,"units_change_pct":27.5,"margin_change_pts":1.9},{"period":"2024-08","revenue":28215.0,"cost":14881.25,"margin":47.3,"units":1240,"transactions":950,"profit":13333.75,"revenue_change_pct":-11.9,"units_change_pct":4.4,"margin_change_pts":-6.9},{"period":"2024-09","revenue":11800.50048828125,"cost":6130.0,"margin":48.1,"units":544,"transactions":418,"profit":5670.4998779296875,"revenue_change_pct":-58.2,"units_change_pct":-56.1,"margin_change_pts":0.8},{"period":"2024-10","revenue":6148.499755859375,"cost":3045.0,"margin":50.5,"units":330,"transactions":278,"profit":3103.5000610351562,"revenue_change_pct":-47.9,"units_change_pct":-39.3,"margin_change_pts":2.4},{"period":"2024-11","revenue":536.25,"cost":240.0,"margin":55.2,"units":24,"transactions":24,"profit":296.25,"revenue_change_pct":-91.3,"units_change_pct":-92.7,"margin_change_pts":4.8},{"period":"2024-12","revenue":115.0,"cost":40.0,"margin":65.2,"units":4,"transactions":4,"profit":75.0,"revenue_change_pct":-78.6,"units_change_pct":-83.3,"margin_change_pts":10.0}],"share_of_category":[{"category":"FLOWER","brand_revenue":164931.62109375,"category_revenue":77755450.0,"revenue_share_pct":0.20000000298023224,"brand_units":4894,"category_units":2708446,"units_share_pct":0.2},{"category":"SYRINGE","brand_revenue":79425.0,"category_revenue":467399.2578125,"revenue_share_pct":17.0,"brand_units":3232,"category_units":19216,"units_share_pct":16.8},{"category":"INFUSED PRE ROLL","brand_revenue":67370.2001953125,"category_revenue":10308101.25,"revenue_share_pct":0.699999988079071,"brand_units":3486,"category_units":488074,"units_share_pct":0.7}],"share_of_category_trend":{"FLOWER":[{"period":"2024-01","brand_revenue":37608.75,"category_revenue":3552357.8125,"share_pct":1.100000023841858},{"period":"2024-02","brand_revenue":24386.07421875,"category_revenue":3535245.625,"share_pct":0.699999988079071},{"period":"2024-03","brand_revenue":36600.0,"category_revenue":3693805.625,"share_pct":1.0},{"period":"2024-04","brand_revenue":6986.55029296875,"category_revenue":3541899.6875,"share_pct":0.20000000298023224},{"period":"2024-05","brand_revenue":13470.0,"category_revenue":3537479.375,"share_pct":0.4000000059604645},{"period":"2024-06","brand_revenue":15759.375,"category_revenue":3403269.6875,"share_pct":0.5},{"period":"2024-07","brand_revenue":14066.500244140625,"category_revenue":3457705.9375,"share_pct":0.4000000059604645},{"period":"2024-08","brand_revenue":13189.375,"category_revenue":3453819.375,"share_pct":0.4000000059604645},{"period":"2024-09","brand_revenue":2865.0,"category_revenue":3316441.5625,"share_pct":0.10000000149011612},{"period":"2024-10","brand_revenue":0.0,"category_revenue":3585775.0,"share_pct":0.0},{"period":"2024-11","brand_revenue":0.0,"category_revenue":3454855.3125,"share_pct":0.0},{"period":"2024-12","brand_revenue":0.0,"category_revenue":3226567.8125,"share_pct":0.0},{"period":"2025-01","brand_revenue":0.0,"category_revenue":2984938.125,"share_pct":0.0},{"period":"2025-02","brand_revenue":0.0,"category_revenue":2816220.0,"share_pct":0.0},{"period":"2025-03","brand_revenue":0.0,"category_revenue":2911379.6875,"share_pct":0.0},{"period":"2025-04","brand_revenue":0.0,"category_revenue":3118895.3125,"share_pct":0.0},{"period":"2025-05","brand_revenue":0.0,"category_revenue":2887345.0,"share_pct":0.0},{"period":"2025-06","brand_revenue":0.0,"category_revenue":2773698.125,"share_pct":0.0},{"period":"2025-07","brand_revenue":0.0,"category_revenue":2782763.125,"share_pct":0.0},{"period":"2025-08","brand_revenue":0.0,"category_revenue":2733122.8125,"share_pct":0.0},{"period":"2025-09","brand_revenue":0.0,"category_revenue":2603501.5625,"share_pct":0.0},{"period":"2025-10","brand_revenue":0.0,"category_revenue":2663705.0,"share_pct":0.0},{"period":"2025-11","brand_revenue":0.0,"category_revenue":2700189.0625,"share_pct":0.0},{"period":"2025-12","brand_revenue":0.0,"category_revenue":2515209.53125,"share_pct":0.0},{"period":"2026-01","brand_revenue":0.0,"category_revenue":2505261.875,"share_pct":0.0}],"SYRINGE":[{"period":"2024-01","brand_revenue":5936.7498779296875,"category_revenue":14333.75,"share_pct":41.400001525878906},{"period":"2024-02","brand_revenue":11235.12451171875,"category_revenue":19846.624755859375,"share_pct":56.599998474121094},{"period":"2024-03","brand_revenue":5255.4998779296875,"category_revenue":12633.7744140625,"share_pct":41.599998474121094},{"period":"2024-04","brand_revenue":8311.624755859375,"category_revenue":12415.625,"share_pct":66.9000015258789},{"period":"2024-05","brand_revenue":13380.250244140625,"category_revenue":19492.249755859375,"share_pct":68.5999984741211},{"period":"2024-06","brand_revenue":7227.6251220703125,"category_revenue":12967.62451171875,"share_pct":55.70000076293945},{"period":"2024-07","brand_revenue":12747.5,"category_revenue":20005.999755859375,"share_pct":63.70000076293945},{"period":"2024-08","brand_revenue":7203.8751220703125,"category_revenue":20173.074951171875,"share_pct":35.70000076293945},{"period":"2024-09","brand_revenue":5349.5001220703125,"category_revenue":21770.12451171875,"share_pct":24.600000381469727},{"period":"2024-10","brand_revenue":2391.999969482422,"category_revenue":17178.75,"share_pct":13.899999618530273},{"period":"2024-11","brand_revenue":270.24999618530273,"category_revenue":21491.0009765625,"share_pct":1.2999999523162842},{"period":"2024-12","brand_revenue":115.0,"category_revenue":21944.7509765625,"share_pct":0.5},{"period":"2025-01","brand_revenue":0.0,"category_revenue":22881.10107421875,"share_pct":0.0},{"period":"2025-02","brand_revenue":0.0,"category_revenue":17829.87548828125,"share_pct":0.0},{"period":"2025-03","brand_revenue":0.0,"category_revenue":18932.62451171875,"share_pct":0.0},{"period":"2025-04","brand_revenue":0.0,"category_revenue":21586.77490234375,"share_pct":0.0},{"period":"2025-05","brand_revenue":0.0,"category_revenue":15132.874755859375,"share_pct":0.0},{"period":"2025-06","brand_revenue":0.0,"category_revenue":20116.99951171875,"share_pct":0.0},{"period":"2025-07","brand_revenue":0.0,"category_revenue":16304.07470703125,"share_pct":0.0},{"period":"2025-08","brand_revenue":0.0,"category_revenue":18957.750244140625,"share_pct":0.0},{"period":"2025-09","brand_revenue":0.0,"category_revenue":19922.774658203125,"share_pct":0.0},{"period":"2025-10","brand_revenue":0.0,"category_revenue":21978.7255859375,"share_pct":0.0},{"period":"2025-11","brand_revenue":0.0,"category_revenue":21050.10009765625,"share_pct":0.0},{"period":"2025-12","brand_revenue":0.0,"category_revenue":19579.324951171875,"share_pct":0.0},{"period":"2026-01","brand_revenue":0.0,"category_revenue":18872.900390625,"share_pct":0.0}],"INFUSED PRE ROLL":[{"period":"2024-01","brand_revenue":8855.0,"category_revenue":410907.8515625,"share_pct":2.200000047683716},{"period":"2024-02","brand_revenue":7210.2996826171875,"category_revenue":458711.484375,"share_pct":1.600000023841858},{"period":"2024-03","brand_revenue":14174.69970703125,"category_revenue":427464.375,"share_pct":3.299999952316284},{"period":"2024-04","brand_revenue":7454.2498779296875,"category_revenue":428699.9609375,"share_pct":1.7000000476837158},{"period":"2024-05","brand_revenue":4949.2498779296875,"category_revenue":501098.3203125,"share_pct":1.0},{"period":"2024-06","brand_revenue":4078.5000610351562,"category_revenue":477320.78125,"share_pct":0.8999999761581421},{"period":"2024-07","brand_revenue":5217.9498291015625,"category_revenue":479382.109375,"share_pct":1.100000023841858},{"period":"2024-08","brand_revenue":7821.7498779296875,"category_revenue":474359.1015625,"share_pct":1.600000023841858},{"period":"2024-09","brand_revenue":3586.0000610351562,"category_revenue":424280.1171875,"share_pct":0.800000011920929},{"period":"2024-10","brand_revenue":3756.4999389648438,"category_revenue":470840.6640625,"share_pct":0.800000011920929},{"period":"2024-11","brand_revenue":266.00000381469727,"category_revenue":424285.1171875,"share_pct":0.10000000149011612},{"period":"2024-12","brand_revenue":0.0,"category_revenue":432093.1640625,"share_pct":0.0},{"period":"2025-01","brand_revenue":0.0,"category_revenue":358002.890625,"share_pct":0.0},{"period":"2025-02","brand_revenue":0.0,"category_revenue":325080.17578125,"share_pct":0.0},{"period":"2025-03","brand_revenue":0.0,"category_revenue":347380.078125,"share_pct":0.0},{"period":"2025-04","brand_revenue":0.0,"category_revenue":401341.40625,"share_pct":0.0},{"period":"2025-05","brand_revenue":0.0,"category_revenue":378076.09375,"share_pct":0.0},{"period":"2025-06","brand_revenue":0.0,"category_revenue":354019.6484375,"share_pct":0.0},{"period":"2025-07","brand_revenue":0.0,"category_revenue":416008.203125,"share_pct":0.0},{"period":"2025-08","brand_revenue":0.0,"category_revenue":425283.28125,"share_pct":0.0},{"period":"2025-09","brand_revenue":0.0,"category_revenue":378313.75,"share_pct":0.0},{"period":"2025-10","brand_revenue":0.0,"category_revenue":389168.3203125,"share_pct":0.0},{"period":"2025-11","brand_revenue":0.0,"category_revenue":390541.3671875,"share_pct":0.0},{"period":"2025-12","brand_revenue":0.0,"category_revenue":392812.34375,"share_pct":0.0},{"period":"2026-01","brand_revenue":0.0,"category_revenue":342630.7421875,"share_pct":0.0}]},"discount_depth":[{"tier":"0% (Full Price)","transactions":3422,"pct_of_transactions":37.9,"revenue":138946.25,"avg_discount":0.0},{"tier":"1-10%","transactions":794,"pct_of_transactions":8.8,"revenue":35134.1015625,"avg_discount":19.799999237060547},{"tier":"11-20%","transactions":522,"pct_of_transactions":5.8,"revenue":19689.7998046875,"avg_discount":36.400001525878906},{"tier":"21-30%","transactions":358,"pct_of_transactions":4.0,"revenue":13167.974853515625,"avg_discount":55.400001525878906},{"tier":"31%+","transactions":724,"pct_of_transactions":8.0,"revenue":16741.826171875,"avg_discount":88.80000305175781}],"velocity":{"units_per_day":31.9,"revenue_per_day":856.3999938964844,"avg_units_per_txn":2.68,"days_of_data":364,"total_units":11612,"total_transactions":8674},"velocity_by_category":[{"category":"SYRINGE","brand_units_per_day":4.24,"category_avg_units_per_day":6.3,"velocity_index":67.3,"brand_rev_per_unit":19.66,"category_rev_per_unit":19.46,"brands_in_category":4},{"category":"INFUSED PRE ROLL","brand_units_per_day":4.58,"category_avg_units_per_day":25.62,"velocity_index":17.9,"brand_rev_per_unit":15.46,"category_rev_per_unit":16.9,"brands_in_category":25},{"category":"FLOWER","brand_units_per_day":6.42,"category_avg_units_per_day":55.54,"velocity_index":11.6,"brand_rev_per_unit":26.96,"category_rev_per_unit":22.97,"brands_in_category":64}],"deals":[{"deal_name":"Industry - 30% Off","times_used":1896,"units":2464.0,"revenue":55061.25025033951,"discounts":23688.750163316727,"cost":31501.25,"profit":23560.000136196613,"pre_discount_revenue":78750.0,"margin":42.8,"avg_discount":60.2},{"deal_name":"30% Off Special","times_used":358,"units":436.0,"revenue":7524.750075340271,"discounts":3260.250064134598,"cost":4615.0,"profit":2909.7499656118453,"pre_discount_revenue":10785.0,"margin":38.7,"avg_discount":60.4},{"deal_name":"Senior - 10% Off","times_used":310,"units":516.0,"revenue":16574.1250872612,"discounts":1842.124988436699,"cost":7381.25,"profit":9192.874952554703,"pre_discount_revenue":18416.25,"margin":55.5,"avg_discount":20.0},{"deal_name":"Stock & Save - 1/4 for $40","times_used":198,"units":292.0,"revenue":7337.5,"discounts":5412.5,"cost":5110.0,"profit":2227.5,"pre_discount_revenue":12750.0,"margin":30.4,"avg_discount":85.0},{"deal_name":"Veterans - 10% Off","times_used":170,"units":240.0,"revenue":6654.375038146973,"discounts":739.3749934434891,"cost":2840.0,"profit":3814.3749594688416,"pre_discount_revenue":7393.75,"margin":57.3,"avg_discount":20.0},{"deal_name":"Senior / Veterans - 20% Off","times_used":150,"units":250.0,"revenue":6792.999947071075,"discounts":1698.2499867677689,"cost":3453.75,"profit":3339.249999523163,"pre_discount_revenue":8491.25,"margin":49.2,"avg_discount":40.0},{"deal_name":"4/20 40% Off!!!!","times_used":114,"units":184.0,"revenue":3073.500051498413,"discounts":2048.999947309494,"cost":1907.5,"profit":1166.0000050067902,"pre_discount_revenue":5122.5,"margin":37.9,"avg_discount":80.0},{"deal_name":"Jackpot - Locals 30% Off","times_used":114,"units":188.0,"revenue":4349.625024795532,"discounts":1901.625006198883,"cost":2411.25,"profit":1938.3750212192535,"pre_discount_revenue":6251.25,"margin":44.6,"avg_discount":60.8},{"deal_name":"VADA 1/4 for $50","times_used":66,"units":144.0,"revenue":4500.0,"discounts":1550.0,"cost":2332.5,"profit":2167.5,"pre_discount_revenue":6050.0,"margin":48.2,"avg_discount":51.2},{"deal_name":"VADA IPR - 2 for $30","times_used":40,"units":90.0,"revenue":1695.0,"discounts":330.0,"cost":900.0,"profit":795.0,"pre_discount_revenue":2025.0,"margin":46.9,"avg_discount":32.6},{"deal_name":"30% OFF SPECIAL","times_used":30,"units":38.0,"revenue":598.500018119812,"discounts":256.500004529953,"cost":380.0,"profit":218.499995470047,"pre_discount_revenue":855.0,"margin":36.5,"avg_discount":60.0},{"deal_name":"LVAC - 25% Off","times_used":10,"units":10.0,"revenue":238.125,"discounts":79.375,"cost":115.0,"profit":123.125,"pre_discount_revenue":317.5,"margin":51.7,"avg_discount":50.0},{"deal_name":"Employee - 40% OFF","times_used":10,"units":10.0,"revenue":172.5000023841858,"discounts":114.99999761581421,"cost":97.5,"profit":75.00000238418579,"pre_discount_revenue":287.5,"margin":43.5,"avg_discount":80.0},{"deal_name":"25% OFF SALE","times_used":8,"units":8.0,"revenue":172.5,"discounts":57.5,"cost":95.0,"profit":77.5,"pre_discount_revenue":230.0,"margin":44.9,"avg_discount":50.0},{"deal_name":"VADA INFUSED PR - 2 FOR $25","times_used":8,"units":16.0,"revenue":250.0,"discounts":110.0,"cost":160.0,"profit":90.0,"pre_discount_revenue":360.0,"margin":36.0,"avg_discount":61.2},{"deal_name":"Employee 30% - NOT FRIDAYS","times_used":2,"units":2.0,"revenue":40.250000953674316,"discounts":17.25000023841858,"cost":16.25,"profit":24.000000953674316,"pre_discount_revenue":57.5,"margin":59.6,"avg_discount":60.0},{"deal_name":"Voucher - 35% Off One Item","times_used":2,"units":2.0,"revenue":34.124999046325684,"discounts":18.37499976158142,"cost":20.0,"profit":14.125000238418579,"pre_discount_revenue":52.5,"margin":41.4,"avg_discount":70.0}],"top_products":[{"product":"OG KUSH EIGHTH - VADA","units":2390,"revenue":81656.875,"cost":41036.25,"profit":40620.625,"transactions":1908,"margin":49.70000076293945},{"product":"RSO INDICA - VADA","units":1912,"revenue":47276.25,"cost":19636.25,"profit":27640.0,"transactions":1394,"margin":58.5},{"product":"JACK HERER EIGHTH - VADA","units":1374,"revenue":46457.626953125,"cost":22556.25,"profit":23901.37451171875,"transactions":1080,"margin":51.400001525878906},{"product":"RSO SATIVA - VADA","units":1320,"revenue":32148.75,"cost":14203.75,"profit":17945.0,"transactions":916,"margin":55.79999923706055},{"product":"PURPLE TANGIE EIGHTH - VADA","units":784,"revenue":25195.3759765625,"cost":13720.0,"profit":11475.374755859375,"transactions":636,"margin":45.5},{"product":"GRAPE STOMPER INFUSED PRE ROLL - VADA","units":600,"revenue":10524.849853515625,"cost":6000.0,"profit":4524.849853515625,"transactions":516,"margin":43.0},{"product":"FORBIDDEN WIFE INFUSED PRE ROLL - VADA","units":510,"revenue":9909.874877929688,"cost":5100.0,"profit":4809.8748779296875,"transactions":394,"margin":48.5},{"product":"JACK HERER INFUSED PRE ROLL - VADA","units":462,"revenue":9480.999755859375,"cost":4842.5,"profit":4638.500061035156,"transactions":290,"margin":48.900001525878906},{"product":"GARLIC KUSH INFUSED PRE ROLL - VADA","units":430,"revenue":9411.325073242188,"cost":4300.0,"profit":5111.3250732421875,"transactions":328,"margin":54.29999923706055},{"product":"GUAVA CAKE INFUSED PRE ROLL - VADA","units":482,"revenue":8885.375366210938,"cost":4820.0,"profit":4065.3750610351562,"transactions":430,"margin":45.79999923706055},{"product":"CHEM OG EIGHTH - VADA","units":200,"revenue":6790.4998779296875,"cost":2812.5,"profit":3977.9998779296875,"transactions":130,"margin":58.599998474121094},{"product":"FROSTED CHERRY COOKIES INFUSED PRE ROLL - VADA","units":262,"revenue":5149.625244140625,"cost":2495.0,"profit":2654.6249389648438,"transactions":210,"margin":51.5},{"product":"GARLIC COOKIES INFUSED PRE ROLL - VADA","units":168,"revenue":3530.5999755859375,"cost":1680.0,"profit":1850.5999755859375,"transactions":148,"margin":52.400001525878906},{"product":"DIAMOND OG EIGHTH - VADA","units":98,"revenue":3250.625,"cost":1722.5,"profit":1528.125,"transactions":92,"margin":47.0},{"product":"FIRST CLASS PARFAIT INFUSED PRE ROLL - VADA","units":200,"revenue":2990.4998779296875,"cost":1625.0,"profit":1365.5000305175781,"transactions":174,"margin":45.70000076293945},{"product":"ORANGE COOKIES INFUSED PRE ROLL - VADA","units":130,"revenue":2450.0,"cost":1218.75,"profit":1231.25,"transactions":126,"margin":50.29999923706055},{"product":"STRAWBERRY GUAVA INFUSED PRE ROLL 1G - VADA","units":106,"revenue":2231.25,"cost":1060.0,"profit":1171.25,"transactions":80,"margin":52.5},{"product":"STRAWBERRY GUAVA INFUSED PRE ROLL - VADA","units":102,"revenue":2082.2500610351562,"cost":1020.0,"profit":1062.249984741211,"transactions":96,"margin":51.0},{"product":"GMO EIGHTH - VADA","units":48,"revenue":1580.625,"cost":810.0,"profit":770.625,"transactions":42,"margin":48.79999923706055},{"product":"VANILLA KUSH INFUSED PRE ROLL - VADA","units":34,"revenue":723.5499572753906,"cost":340.0,"profit":383.5499954223633,"transactions":34,"margin":53.0}],"products_by_store":{"Elevation Springs":[{"product":"OG KUSH EIGHTH - VADA","units":558,"revenue":18540.625,"cost":9590.0,"profit":8950.625,"transactions":474,"margin":48.29999923706055},{"product":"RSO INDICA - VADA","units":504,"revenue":12017.249755859375,"cost":5288.75,"profit":6728.499755859375,"transactions":386,"margin":56.0},{"product":"JACK HERER EIGHTH - VADA","units":240,"revenue":8108.75,"cost":4012.5,"profit":4096.25,"transactions":182,"margin":50.5},{"product":"RSO SATIVA - VADA","units":308,"revenue":7480.7501220703125,"cost":3285.0,"profit":4195.7501220703125,"transactions":216,"margin":56.099998474121094},{"product":"PURPLE TANGIE EIGHTH - VADA","units":200,"revenue":5824.375,"cost":3500.0,"profit":2324.375,"transactions":154,"margin":39.900001525878906},{"product":"JACK HERER INFUSED PRE ROLL - VADA","units":180,"revenue":3306.0000610351562,"cost":1750.0,"profit":1556.0000610351562,"transactions":64,"margin":47.099998474121094},{"product":"FORBIDDEN WIFE INFUSED PRE ROLL - VADA","units":170,"revenue":3214.2498779296875,"cost":1700.0,"profit":1514.2500305175781,"transactions":132,"margin":47.099998474121094},{"product":"GUAVA CAKE INFUSED PRE ROLL - VADA","units":162,"revenue":2815.7501220703125,"cost":1620.0,"profit":1195.7499694824219,"transactions":138,"margin":42.5},{"product":"GRAPE STOMPER INFUSED PRE ROLL - VADA","units":168,"revenue":2800.2499389648438,"cost":1680.0,"profit":1120.250015258789,"transactions":154,"margin":40.0},{"product":"GARLIC KUSH INFUSED PRE ROLL - VADA","units":100,"revenue":2000.2499389648438,"cost":1000.0,"profit":1000.2500152587891,"transactions":52,"margin":50.0},{"product":"ORANGE COOKIES INFUSED PRE ROLL - VADA","units":80,"revenue":1499.0000915527344,"cost":750.0,"profit":749.0000152587891,"transactions":76,"margin":50.0},{"product":"STRAWBERRY GUAVA INFUSED PRE ROLL 1G - VADA","units":64,"revenue":1343.9999389648438,"cost":640.0,"profit":704.0000152587891,"transactions":40,"margin":52.400001525878906},{"product":"FROSTED CHERRY COOKIES INFUSED PRE ROLL - VADA","units":26,"revenue":334.24999237060547,"cost":260.0,"profit":74.25000190734863,"transactions":8,"margin":22.200000762939453}],"Elevation Mesa":[{"product":"OG KUSH EIGHTH - VADA","units":646,"revenue":21657.5,"cost":11087.5,"profit":10570.0,"transactions":542,"margin":48.79999923706055},{"product":"JACK HERER EIGHTH - VADA","units":348,"revenue":11566.700439453125,"cost":5625.0,"profit":5941.6998291015625,"transactions":288,"margin":51.400001525878906},{"product":"RSO INDICA - VADA","units":264,"revenue":6524.5001220703125,"cost":2743.75,"profit":3780.7501220703125,"transactions":182,"margin":57.900001525878906},{"product":"PURPLE TANGIE EIGHTH - VADA","units":196,"revenue":6211.25,"cost":3430.0,"profit":2781.25,"transactions":168,"margin":44.79999923706055},{"product":"RSO SATIVA - VADA","units":168,"revenue":3978.9999389648438,"cost":1992.5,"profit":1986.4999389648438,"transactions":100,"margin":49.900001525878906},{"product":"DIAMOND OG EIGHTH - VADA","units":96,"revenue":3185.0,"cost":1680.0,"profit":1505.0,"transactions":90,"margin":47.29999923706055},{"product":"JACK HERER INFUSED PRE ROLL - VADA","units":124,"revenue":2684.2498779296875,"cost":1395.0,"profit":1289.2500305175781,"transactions":116,"margin":48.0},{"product":"GARLIC KUSH INFUSED PRE ROLL - VADA","units":100,"revenue":2320.8250427246094,"cost":1000.0,"profit":1320.8250427246094,"transactions":92,"margin":56.900001525878906},{"product":"FORBIDDEN WIFE INFUSED PRE ROLL - VADA","units":100,"revenue":1902.1499633789062,"cost":1000.0,"profit":902.1499633789062,"transactions":84,"margin":47.400001525878906},{"product":"GUAVA CAKE INFUSED PRE ROLL - VADA","units":100,"revenue":1781.4999389648438,"cost":1000.0,"profit":781.5000152587891,"transactions":96,"margin":43.900001525878906},{"product":"GRAPE STOMPER INFUSED PRE ROLL - VADA","units":98,"revenue":1691.9999694824219,"cost":980.0,"profit":711.9999694824219,"transactions":86,"margin":42.099998474121094},{"product":"GMO EIGHTH - VADA","units":24,"revenue":804.375,"cost":420.0,"profit":384.375,"transactions":22,"margin":47.79999923706055}],"Elevation Oasis":[{"product":"OG KUSH EIGHTH - VADA","units":378,"revenue":14093.75,"cost":6587.5,"profit":7506.25,"transactions":224,"margin":53.29999923706055},{"product":"RSO INDICA - VADA","units":420,"revenue":10833.00048828125,"cost":4001.25,"profit":6831.7498779296875,"transactions":300,"margin":63.099998474121094},{"product":"JACK HERER EIGHTH - VADA","units":216,"revenue":7941.25,"cost":3600.0,"profit":4341.25,"transactions":132,"margin":54.70000076293945},{"product":"CHEM OG EIGHTH - VADA","units":200,"revenue":6790.4998779296875,"cost":2812.5,"profit":3977.9998779296875,"transactions":130,"margin":58.599998474121094},{"product":"RSO SATIVA - VADA","units":226,"revenue":5959.8748779296875,"cost":2335.0,"profit":3624.8748779296875,"transactions":148,"margin":60.79999923706055},{"product":"PURPLE TANGIE EIGHTH - VADA","units":158,"revenue":5398.75,"cost":2765.0,"profit":2633.75,"transactions":116,"margin":48.79999923706055},{"product":"GARLIC KUSH INFUSED PRE ROLL - VADA","units":100,"revenue":2378.249969482422,"cost":1000.0,"profit":1378.2499694824219,"transactions":78,"margin":58.0},{"product":"GARLIC COOKIES INFUSED PRE ROLL - VADA","units":98,"revenue":2200.5999755859375,"cost":980.0,"profit":1220.5999755859375,"transactions":92,"margin":55.5},{"product":"GRAPE STOMPER INFUSED PRE ROLL - VADA","units":100,"revenue":1696.4999389648438,"cost":1000.0,"profit":696.5000152587891,"transactions":80,"margin":41.099998474121094},{"product":"FIRST CLASS PARFAIT INFUSED PRE ROLL - VADA","units":100,"revenue":1681.9999694824219,"cost":812.5,"profit":869.4999694824219,"transactions":86,"margin":51.70000076293945}],"Elevation Midtown":[{"product":"OG KUSH EIGHTH - VADA","units":350,"revenue":12392.5,"cost":5968.75,"profit":6423.75,"transactions":274,"margin":51.79999923706055},{"product":"JACK HERER EIGHTH - VADA","units":250,"revenue":8907.17529296875,"cost":4093.75,"profit":4813.424987792969,"transactions":200,"margin":54.0},{"product":"RSO INDICA - VADA","units":266,"revenue":6920.0,"cost":2602.5,"profit":4317.5,"transactions":188,"margin":62.400001525878906},{"product":"RSO SATIVA - VADA","units":206,"revenue":5226.7498779296875,"cost":2093.75,"profit":3132.9998779296875,"transactions":172,"margin":59.900001525878906},{"product":"PURPLE TANGIE EIGHTH - VADA","units":100,"revenue":3728.125,"cost":1750.0,"profit":1978.125,"transactions":86,"margin":53.099998474121094},{"product":"FROSTED CHERRY COOKIES INFUSED PRE ROLL - VADA","units":156,"revenue":3141.875,"cost":1435.0,"profit":1706.875,"transactions":132,"margin":54.29999923706055},{"product":"FORBIDDEN WIFE INFUSED PRE ROLL - VADA","units":70,"revenue":1483.125,"cost":700.0,"profit":783.125,"transactions":32,"margin":52.79999923706055},{"product":"STRAWBERRY GUAVA INFUSED PRE ROLL - VADA","units":68,"revenue":1425.7499694824219,"cost":680.0,"profit":745.7499694824219,"transactions":62,"margin":52.29999923706055},{"product":"GUAVA CAKE INFUSED PRE ROLL - VADA","units":58,"revenue":1280.625,"cost":580.0,"profit":700.625,"transactions":56,"margin":54.70000076293945},{"product":"GRAPE STOMPER INFUSED PRE ROLL - VADA","units":70,"revenue":1236.7500305175781,"cost":700.0,"profit":536.7499923706055,"transactions":58,"margin":43.400001525878906},{"product":"JACK HERER INFUSED PRE ROLL - VADA","units":32,"revenue":824.2500305175781,"cost":280.0,"profit":544.2499923706055,"transactions":30,"margin":66.0},{"product":"GMO EIGHTH - VADA","units":24,"revenue":776.25,"cost":390.0,"profit":386.25,"transactions":20,"margin":49.79999923706055},{"product":"STRAWBERRY GUAVA INFUSED PRE ROLL 1G - VADA","units":16,"revenue":377.99999237060547,"cost":160.0,"profit":217.99999237060547,"transactions":16,"margin":57.70000076293945}],"Elevation Boulevard":[{"product":"OG KUSH EIGHTH - VADA","units":458,"revenue":14972.5,"cost":7802.5,"profit":7170.0,"transactions":394,"margin":47.900001525878906},{"product":"JACK HERER EIGHTH - VADA","units":320,"revenue":9933.75,"cost":5225.0,"profit":4708.75,"transactions":278,"margin":47.400001525878906},{"product":"RSO INDICA - VADA","units":240,"revenue":5703.8751220703125,"cost":2400.0,"profit":3303.8751220703125,"transactions":180,"margin":57.900001525878906},{"product":"RSO SATIVA - VADA","units":236,"revenue":5184.375,"cost":2430.0,"profit":2754.375,"transactions":164,"margin":53.099998474121094},{"product":"PURPLE TANGIE EIGHTH - VADA","units":130,"revenue":4032.8750610351562,"cost":2275.0,"profit":1757.8750610351562,"transactions":112,"margin":43.599998474121094},{"product":"FORBIDDEN WIFE INFUSED PRE ROLL - VADA","units":100,"revenue":1926.1250305175781,"cost":1000.0,"profit":926.1249542236328,"transactions":82,"margin":48.099998474121094},{"product":"GUAVA CAKE INFUSED PRE ROLL - VADA","units":102,"revenue":1855.7499694824219,"cost":1020.0,"profit":835.7499694824219,"transactions":82,"margin":45.0},{"product":"GRAPE STOMPER INFUSED PRE ROLL - VADA","units":94,"revenue":1812.0500183105469,"cost":940.0,"profit":872.0500183105469,"transactions":72,"margin":48.099998474121094},{"product":"GARLIC KUSH INFUSED PRE ROLL - VADA","units":80,"revenue":1576.9999694824219,"cost":800.0,"profit":776.9999694824219,"transactions":60,"margin":49.29999923706055},{"product":"GARLIC COOKIES INFUSED PRE ROLL - VADA","units":70,"revenue":1330.0,"cost":700.0,"profit":630.0,"transactions":56,"margin":47.400001525878906},{"product":"FIRST CLASS PARFAIT INFUSED PRE ROLL - VADA","units":100,"revenue":1308.5000610351562,"cost":812.5,"profit":495.99998474121094,"transactions":88,"margin":37.900001525878906},{"product":"JACK HERER INFUSED PRE ROLL - VADA","units":62,"revenue":1223.2499694824219,"cost":697.5,"profit":525.7500076293945,"transactions":20,"margin":43.0},{"product":"ORANGE COOKIES INFUSED PRE ROLL - VADA","units":50,"revenue":950.9999847412109,"cost":468.75,"profit":482.24998474121094,"transactions":50,"margin":50.70000076293945},{"product":"VANILLA KUSH INFUSED PRE ROLL - VADA","units":34,"revenue":723.5499572753906,"cost":340.0,"profit":383.5499954223633,"transactions":34,"margin":53.0},{"product":"FROSTED CHERRY COOKIES INFUSED PRE ROLL - VADA","units":22,"revenue":467.24998474121094,"cost":220.0,"profit":247.24998474121094,"transactions":18,"margin":52.900001525878906}],"Elevation Parkway":[{"product":"RSO INDICA - VADA","units":218,"revenue":5277.6251220703125,"cost":2600.0,"profit":2677.6251220703125,"transactions":158,"margin":50.70000076293945},{"product":"RSO SATIVA - VADA","units":176,"revenue":4318.000183105469,"cost":2067.5,"profit":2250.500030517578,"transactions":116,"margin":52.099998474121094},{"product":"JACK HERER INFUSED PRE ROLL - VADA","units":64,"revenue":1443.2499694824219,"cost":720.0,"profit":723.2499694824219,"transactions":60,"margin":50.099998474121094},{"product":"FORBIDDEN WIFE INFUSED PRE ROLL - VADA","units":70,"revenue":1384.2250061035156,"cost":700.0,"profit":684.2250061035156,"transactions":64,"margin":49.400001525878906},{"product":"GRAPE STOMPER INFUSED PRE ROLL - VADA","units":70,"revenue":1287.2999572753906,"cost":700.0,"profit":587.2999954223633,"transactions":66,"margin":45.599998474121094},{"product":"FROSTED CHERRY COOKIES INFUSED PRE ROLL - VADA","units":58,"revenue":1206.25,"cost":580.0,"profit":626.25,"transactions":52,"margin":51.900001525878906},{"product":"GUAVA CAKE INFUSED PRE ROLL - VADA","units":60,"revenue":1151.7500305175781,"cost":600.0,"profit":551.7499923706055,"transactions":58,"margin":47.900001525878906},{"product":"GARLIC KUSH INFUSED PRE ROLL - VADA","units":50,"revenue":1135.0,"cost":500.0,"profit":635.0,"transactions":46,"margin":55.900001525878906},{"product":"STRAWBERRY GUAVA INFUSED PRE ROLL - VADA","units":34,"revenue":656.5000152587891,"cost":340.0,"profit":316.49999618530273,"transactions":34,"margin":48.20000076293945},{"product":"STRAWBERRY GUAVA INFUSED PRE ROLL 1G - VADA","units":26,"revenue":509.24999237060547,"cost":260.0,"profit":249.24999237060547,"transactions":24,"margin":48.900001525878906}]},"store_summary":[{"store_clean":"Elevation Springs","units":2760,"revenue":69285.498046875,"cost":35076.25,"profit":34209.25048828125,"discounts":18306.99951171875,"margin":49.400001525878906,"discount_rate":20.899999618530273},{"store_clean":"Elevation Mesa","units":2264,"revenue":64309.0478515625,"cost":32353.75,"profit":31955.30029296875,"discounts":14710.94970703125,"margin":49.70000076293945,"discount_rate":18.600000381469727},{"store_clean":"Elevation Oasis","units":1996,"revenue":58974.47265625,"cost":25893.75,"profit":33080.72509765625,"discounts":7594.27490234375,"margin":56.099998474121094,"discount_rate":11.399999618530273},{"store_clean":"Elevation Boulevard","units":2100,"revenue":53067.4755859375,"cost":27173.75,"profit":25893.7255859375,"discounts":14470.0244140625,"margin":48.79999923706055,"discount_rate":21.399999618530273},{"store_clean":"Elevation Midtown","units":1666,"revenue":47721.1767578125,"cost":21433.75,"profit":26287.42431640625,"discounts":6486.3250732421875,"margin":55.099998474121094,"discount_rate":12.0},{"store_clean":"Elevation Parkway","units":826,"revenue":18369.150390625,"cost":9067.5,"profit":9301.649780273438,"discounts":3495.8499145507812,"margin":50.599998474121094,"discount_rate":16.0}],"recommendations":[{"severity":"info","title":"VOLUME LEVERAGE","detail":"$124,691 revenue provides negotiating leverage.","action":"Use volume as leverage in next vendor meeting."}],"comparison":null}