{"brand":"HUSTLE & GROW","date_range":"2024-01-01 00:00:00 to 2026-01-31 00:00:00","period_label":"All Time","summary":{"total_units":641830,"total_revenue":11540950.0,"total_cost":5038990.625,"total_discounts":5629413.125,"total_profit":6501958.75,"overall_margin":56.29999923706055,"fp_margin":64.5,"disc_margin":52.400001525878906,"pct_full_price":32.400001525878906,"avg_discount_rate":32.79999923706055,"fp_revenue":3736328.75,"disc_revenue":7804620.625,"brand":"HUSTLE & GROW","date_range":"2024-01-01 00:00:00 to 2026-01-31 00:00:00","primary_category":"FLOWER","store_coverage":"7/7","stores_present":["Elevation Springs","Elevation Mesa","Elevation Oasis","Elevation Downtown","Elevation Midtown","Elevation Boulevard","Elevation Parkway"],"stores_missing":[],"velocity_rank":1,"velocity_total":64},"distribution":[{"store":"Elevation Springs","carries_brand":true,"sku_count":160,"revenue":1940770.3125,"units":117228,"store_total_revenue":51138750.0,"brand_share_pct":3.799999952316284},{"store":"Elevation Mesa","carries_brand":true,"sku_count":188,"revenue":3139314.6875,"units":185080,"store_total_revenue":47532240.0,"brand_share_pct":6.599999904632568},{"store":"Elevation Oasis","carries_brand":true,"sku_count":214,"revenue":2785150.625,"units":114858,"store_total_revenue":56050145.0,"brand_share_pct":5.0},{"store":"Elevation Downtown","carries_brand":true,"sku_count":20,"revenue":25798.9990234375,"units":1892,"store_total_revenue":1945237.1875,"brand_share_pct":1.2999999523162842},{"store":"Elevation Midtown","carries_brand":true,"sku_count":142,"revenue":1508790.625,"units":93088,"store_total_revenue":30850185.0,"brand_share_pct":4.900000095367432},{"store":"Elevation Boulevard","carries_brand":true,"sku_count":148,"revenue":1920545.9375,"units":115020,"store_total_revenue":28757865.0,"brand_share_pct":6.699999809265137},{"store":"Elevation Parkway","carries_brand":true,"sku_count":94,"revenue":220578.125,"units":14664,"store_total_revenue":21987007.5,"brand_share_pct":1.0}],"share_of_category":[{"category":"FLOWER","brand_revenue":10836912.5,"category_revenue":77755450.0,"revenue_share_pct":13.899999618530273,"brand_units":558176,"category_units":2708446,"units_share_pct":20.6},{"category":"PRE ROLL","brand_revenue":689592.03125,"category_revenue":14009791.25,"revenue_share_pct":4.900000095367432,"brand_units":83100,"category_units":1485736,"units_share_pct":5.6},{"category":0.0,"brand_revenue":0.0,"category_revenue":0.0,"revenue_share_pct":0.0,"brand_units":0,"category_units":0,"units_share_pct":0.0}],"share_of_category_trend":{"FLOWER":[{"period":"2024-01","brand_revenue":686555.0,"category_revenue":3552357.8125,"share_pct":19.299999237060547},{"period":"2024-02","brand_revenue":759194.609375,"category_revenue":3535245.625,"share_pct":21.5},{"period":"2024-03","brand_revenue":795004.84375,"category_revenue":3693805.625,"share_pct":21.5},{"period":"2024-04","brand_revenue":734496.875,"category_revenue":3541899.6875,"share_pct":20.700000762939453},{"period":"2024-05","brand_revenue":139534.072265625,"category_revenue":3537479.375,"share_pct":3.9000000953674316},{"period":"2024-06","brand_revenue":215646.4453125,"category_revenue":3403269.6875,"share_pct":6.300000190734863},{"period":"2024-07","brand_revenue":680952.109375,"category_revenue":3457705.9375,"share_pct":19.700000762939453},{"period":"2024-08","brand_revenue":621130.6640625,"category_revenue":3453819.375,"share_pct":18.0},{"period":"2024-09","brand_revenue":555965.0,"category_revenue":3316441.5625,"share_pct":16.799999237060547},{"period":"2024-10","brand_revenue":562561.9921875,"category_revenue":3585775.0,"share_pct":15.699999809265137},{"period":"2024-11","brand_revenue":484348.984375,"category_revenue":3454855.3125,"share_pct":14.0},{"period":"2024-12","brand_revenue":300773.3984375,"category_revenue":3226567.8125,"share_pct":9.300000190734863},{"period":"2025-01","brand_revenue":343940.6640625,"category_revenue":2984938.125,"share_pct":11.5},{"period":"2025-02","brand_revenue":228364.27734375,"category_revenue":2816220.0,"share_pct":8.100000381469727},{"period":"2025-03","brand_revenue":290931.9921875,"category_revenue":2911379.6875,"share_pct":10.0},{"period":"2025-04","brand_revenue":203055.99609375,"category_revenue":3118895.3125,"share_pct":6.5},{"period":"2025-05","brand_revenue":301313.76953125,"category_revenue":2887345.0,"share_pct":10.399999618530273},{"period":"2025-06","brand_revenue":410266.5625,"category_revenue":2773698.125,"share_pct":14.800000190734863},{"period":"2025-07","brand_revenue":499429.6875,"category_revenue":2782763.125,"share_pct":17.899999618530273},{"period":"2025-08","brand_revenue":423785.7421875,"category_revenue":2733122.8125,"share_pct":15.5},{"period":"2025-09","brand_revenue":375866.9140625,"category_revenue":2603501.5625,"share_pct":14.399999618530273},{"period":"2025-10","brand_revenue":291527.94921875,"category_revenue":2663705.0,"share_pct":10.899999618530273},{"period":"2025-11","brand_revenue":252056.328125,"category_revenue":2700189.0625,"share_pct":9.300000190734863},{"period":"2025-12","brand_revenue":330191.875,"category_revenue":2515209.53125,"share_pct":13.100000381469727},{"period":"2026-01","brand_revenue":350016.40625,"category_revenue":2505261.875,"share_pct":14.0}],"PRE ROLL":[{"period":"2024-01","brand_revenue":31820.2490234375,"category_revenue":508338.515625,"share_pct":6.300000190734863},{"period":"2024-02","brand_revenue":31944.32373046875,"category_revenue":489393.671875,"share_pct":6.5},{"period":"2024-03","brand_revenue":7305.3997802734375,"category_revenue":520052.3828125,"share_pct":1.399999976158142},{"period":"2024-04","brand_revenue":36872.64892578125,"category_revenue":491300.6640625,"share_pct":7.5},{"period":"2024-05","brand_revenue":12436.97509765625,"category_revenue":542202.890625,"share_pct":2.299999952316284},{"period":"2024-06","brand_revenue":17159.925537109375,"category_revenue":507288.8671875,"share_pct":3.4000000953674316},{"period":"2024-07","brand_revenue":45534.326171875,"category_revenue":524250.9765625,"share_pct":8.699999809265137},{"period":"2024-08","brand_revenue":45159.375,"category_revenue":612518.7109375,"share_pct":7.400000095367432},{"period":"2024-09","brand_revenue":36475.0244140625,"category_revenue":586543.0078125,"share_pct":6.199999809265137},{"period":"2024-10","brand_revenue":21993.5009765625,"category_revenue":641449.1796875,"share_pct":3.4000000953674316},{"period":"2024-11","brand_revenue":23078.7255859375,"category_revenue":579866.71875,"share_pct":4.0},{"period":"2024-12","brand_revenue":33166.650390625,"category_revenue":582999.5703125,"share_pct":5.699999809265137},{"period":"2025-01","brand_revenue":27580.048828125,"category_revenue":544095.3125,"share_pct":5.099999904632568},{"period":"2025-02","brand_revenue":17907.275390625,"category_revenue":500875.5859375,"share_pct":3.5999999046325684},{"period":"2025-03","brand_revenue":25722.19970703125,"category_revenue":551422.0703125,"share_pct":4.699999809265137},{"period":"2025-04","brand_revenue":4009.7000122070312,"category_revenue":568189.375,"share_pct":0.699999988079071},{"period":"2025-05","brand_revenue":6972.0001220703125,"category_revenue":565516.875,"share_pct":1.2000000476837158},{"period":"2025-06","brand_revenue":34835.0244140625,"category_revenue":560506.71875,"share_pct":6.199999809265137},{"period":"2025-07","brand_revenue":48592.7978515625,"category_revenue":600916.09375,"share_pct":8.100000381469727},{"period":"2025-08","brand_revenue":31308.40087890625,"category_revenue":620247.5,"share_pct":5.0},{"period":"2025-09","brand_revenue":32948.5498046875,"category_revenue":608971.09375,"share_pct":5.400000095367432},{"period":"2025-10","brand_revenue":39629.1748046875,"category_revenue":645293.1640625,"share_pct":6.099999904632568},{"period":"2025-11","brand_revenue":34490.673828125,"category_revenue":581113.4765625,"share_pct":5.900000095367432},{"period":"2025-12","brand_revenue":23253.30078125,"category_revenue":553088.5546875,"share_pct":4.199999809265137},{"period":"2026-01","brand_revenue":19395.74951171875,"category_revenue":523350.9375,"share_pct":3.700000047683716}]},"velocity_by_category":[{"category":"FLOWER","brand_units_per_day":732.52,"category_avg_units_per_day":55.54,"velocity_index":1319.0,"brand_rev_per_unit":15.53,"category_rev_per_unit":22.97,"brands_in_category":64},{"category":"PRE ROLL","brand_units_per_day":109.06,"category_avg_units_per_day":42.38,"velocity_index":257.3,"brand_rev_per_unit":6.64,"category_rev_per_unit":7.54,"brands_in_category":46},{"category":0.0,"brand_units_per_day":0.0,"category_avg_units_per_day":0,"velocity_index":0,"brand_rev_per_unit":0.0,"category_rev_per_unit":0.0,"brands_in_category":0}],"store_gaps":[],"product_mix":{"top":[{"product":"GELATO 33 EIGHTH - H&G","units":61410,"revenue":1072072.34375,"cost":508167.734375,"profit":563904.6484375,"stores":6,"transactions":23090,"margin":52.599998474121094},{"product":"RUNTZ EIGHTH - H&G","units":47146,"revenue":845518.359375,"cost":390133.125,"profit":455385.1953125,"stores":6,"transactions":18242,"margin":53.900001525878906},{"product":"SUNSET SHERBET EIGHTH - H&G","units":30406,"revenue":554719.6875,"cost":251609.6484375,"profit":303110.0390625,"stores":6,"transactions":12168,"margin":54.599998474121094},{"product":"SUPER LEMON HAZE EIGHTH - H&G","units":28440,"revenue":512624.609375,"cost":235340.99609375,"profit":277283.6328125,"stores":6,"transactions":11552,"margin":54.099998474121094},{"product":"ZRUNTZ EIGHTH - H&G","units":21206,"revenue":356686.6015625,"cost":175479.6484375,"profit":181206.953125,"stores":6,"transactions":6212,"margin":50.79999923706055},{"product":"GOOEY GLUE EIGHTH - H&G","units":16522,"revenue":288730.8203125,"cost":136719.55078125,"profit":152011.279296875,"stores":5,"transactions":5592,"margin":52.599998474121094},{"product":"APEX EIGHTH - H&G","units":15514,"revenue":267975.72265625,"cost":128378.349609375,"profit":139597.3828125,"stores":6,"transactions":6322,"margin":52.099998474121094},{"product":"OG KUSH EIGHTH - H&G","units":12440,"revenue":220306.4453125,"cost":102940.99609375,"profit":117365.44921875,"stores":7,"transactions":4664,"margin":53.29999923706055},{"product":"CANDYLAND OG EIGHTH - H&G","units":12080,"revenue":217425.72265625,"cost":99962.001953125,"profit":117463.73046875,"stores":5,"transactions":4224,"margin":54.0},{"product":"HEADLOCK EIGHTH - H&G","units":12532,"revenue":216286.9921875,"cost":103702.294921875,"profit":112584.70703125,"stores":6,"transactions":3962,"margin":52.099998474121094},{"product":"ORANGE RAINBOW EIGHTH - H&G","units":11680,"revenue":202901.09375,"cost":96652.001953125,"profit":106249.1015625,"stores":4,"transactions":3568,"margin":52.400001525878906},{"product":"SEX CANDY EIGHTH - H&G","units":10706,"revenue":184772.40234375,"cost":88592.1484375,"profit":96180.25390625,"stores":5,"transactions":3788,"margin":52.099998474121094},{"product":"GUSH MINTS EIGHTH - H&G","units":10274,"revenue":181193.22265625,"cost":85017.34375,"profit":96175.87890625,"stores":7,"transactions":4392,"margin":53.099998474121094},{"product":"GELATO 33 HALF OUNCE - H&G","units":2682,"revenue":160028.30078125,"cost":22193.5498046875,"profit":137834.755859375,"stores":1,"transactions":1508,"margin":86.0999984741211},{"product":"GARLIC LECREM EIGHTH - H&G","units":10052,"revenue":156730.576171875,"cost":83180.302734375,"profit":73550.2783203125,"stores":6,"transactions":2266,"margin":46.900001525878906},{"product":"COLIN OG EIGHTH - H&G","units":9106,"revenue":152598.271484375,"cost":75352.1484375,"profit":77246.1279296875,"stores":5,"transactions":3508,"margin":50.599998474121094},{"product":"WHITE 99 EIGHTH - H&G","units":7592,"revenue":147841.025390625,"cost":62823.798828125,"profit":85017.2265625,"stores":5,"transactions":4530,"margin":57.5},{"product":"BANANA CREAM CAKE EIGHTH - H&G","units":7498,"revenue":129193.076171875,"cost":62045.947265625,"profit":67147.12890625,"stores":4,"transactions":2824,"margin":52.0},{"product":"SOUR DIESEL X OG KUSH EIGHTH - H&G","units":7088,"revenue":124250.2734375,"cost":58653.1982421875,"profit":65597.0751953125,"stores":3,"transactions":2148,"margin":52.79999923706055},{"product":"WHITE TRUFFLE EIGHTH - H&G","units":6962,"revenue":119182.529296875,"cost":57610.546875,"profit":61571.9775390625,"stores":6,"transactions":2022,"margin":51.70000076293945}],"bottom":[{"product":"PINEAPPLE FRIZZ OUNCE - H&G","units":48,"revenue":5417.5,"cost":397.20001220703125,"profit":5020.299987792969,"stores":1,"transactions":42,"margin":92.69999694824219},{"product":"GELATO 33 OUNCE - H&G","units":46,"revenue":5407.0751953125,"cost":380.64998626708984,"profit":5026.424865722656,"stores":1,"transactions":40,"margin":93.0},{"product":"MONSTER COOKIES PRE ROLL - H&G","units":642,"revenue":5154.749755859375,"cost":3210.0,"profit":1944.7500610351562,"stores":2,"transactions":482,"margin":37.70000076293945},{"product":"GSC PRE ROLL - H&G","units":538,"revenue":4331.7498779296875,"cost":2690.0,"profit":1641.7500305175781,"stores":2,"transactions":428,"margin":37.900001525878906},{"product":"TRUE OG PRE ROLL - H&G","units":518,"revenue":4190.1251220703125,"cost":2590.0,"profit":1600.1249694824219,"stores":6,"transactions":396,"margin":38.20000076293945},{"product":"YODA OG PRE ROLL - H&G","units":428,"revenue":3427.5,"cost":2140.0,"profit":1287.5,"stores":2,"transactions":344,"margin":37.599998474121094},{"product":"747 PRE ROLL 1G - H&G","units":214,"revenue":1993.9999389648438,"cost":1070.0,"profit":924.0000152587891,"stores":1,"transactions":184,"margin":46.29999923706055},{"product":"GUAVA ICE EIGHTH - H&G","units":102,"revenue":1895.2000427246094,"cost":844.0499877929688,"profit":1051.1500549316406,"stores":1,"transactions":42,"margin":55.5},{"product":"GORILLA GLUE #5 EIGHTH - HUSTLERS AMBITION","units":32,"revenue":890.625,"cost":264.7999954223633,"profit":625.8250045776367,"stores":4,"transactions":30,"margin":70.30000305175781},{"product":"DESERT DESIRE EIGHTH - H&G","units":4,"revenue":100.0,"cost":33.09999942779541,"profit":66.90000057220459,"stores":1,"transactions":4,"margin":66.9000015258789}],"expansion":[{"product":"GELATO 33 EIGHTH - H&G","current_stores":6,"total_stores":7,"missing_stores":["Elevation Parkway"],"revenue":1072072.34375},{"product":"RUNTZ EIGHTH - H&G","current_stores":6,"total_stores":7,"missing_stores":["Elevation Downtown"],"revenue":845518.359375},{"product":"SUNSET SHERBET EIGHTH - H&G","current_stores":6,"total_stores":7,"missing_stores":["Elevation Downtown"],"revenue":554719.6875},{"product":"SUPER LEMON HAZE EIGHTH - H&G","current_stores":6,"total_stores":7,"missing_stores":["Elevation Downtown"],"revenue":512624.609375},{"product":"ZRUNTZ EIGHTH - H&G","current_stores":6,"total_stores":7,"missing_stores":["Elevation Downtown"],"revenue":356686.6015625},{"product":"GOOEY GLUE EIGHTH - H&G","current_stores":5,"total_stores":7,"missing_stores":["Elevation Downtown","Elevation Parkway"],"revenue":288730.8203125},{"product":"APEX EIGHTH - H&G","current_stores":6,"total_stores":7,"missing_stores":["Elevation Downtown"],"revenue":267975.72265625},{"product":"CANDYLAND OG EIGHTH - H&G","current_stores":5,"total_stores":7,"missing_stores":["Elevation Downtown","Elevation Parkway"],"revenue":217425.72265625},{"product":"HEADLOCK EIGHTH - H&G","current_stores":6,"total_stores":7,"missing_stores":["Elevation Boulevard"],"revenue":216286.9921875},{"product":"ORANGE RAINBOW EIGHTH - H&G","current_stores":4,"total_stores":7,"missing_stores":["Elevation Downtown","Elevation Boulevard","Elevation Parkway"],"revenue":202901.09375}]},"pricing_consistency":[{"product":"LARRYS BREATH EIGHTH - H&G","min_price":29.884553892422566,"max_price":46.4899923949115,"avg_price":37.248730435191,"std_dev":2.7691381730688533,"store_count":8,"price_range":16.605438502488937,"range_pct":44.6},{"product":"ANIMAL MINTS EIGHTH - H&G","min_price":29.788534810223915,"max_price":45.60858034620098,"avg_price":37.570668494535994,"std_dev":3.165249488890702,"store_count":6,"price_range":15.820045535977068,"range_pct":42.1},{"product":"MANDARIN TEMPLE EIGHTH - H&G","min_price":30.40341659330986,"max_price":45.618744509287154,"avg_price":36.745714207277324,"std_dev":2.3181958551514934,"store_count":10,"price_range":15.215327915977293,"range_pct":41.4},{"product":"ZRUNTZ EIGHTH - H&G","min_price":31.201509706647613,"max_price":44.989638910060975,"avg_price":35.75963594572553,"std_dev":1.899994865663846,"store_count":12,"price_range":13.788129203413359,"range_pct":38.6},{"product":"COLIN OG EIGHTH - H&G","min_price":29.350414256398658,"max_price":41.93767547607422,"avg_price":34.19196574411207,"std_dev":1.8574415638958803,"store_count":10,"price_range":12.587261219675563,"range_pct":36.8},{"product":"TRUE OG PRE ROLL - H&G","min_price":13.966292477725597,"max_price":20.0,"avg_price":16.75652748801622,"std_dev":0.8568684739485619,"store_count":12,"price_range":6.033707522274403,"range_pct":36.0},{"product":"MANDARIN TEMPLE PRE ROLL - H&G","min_price":12.774537639853396,"max_price":17.607843735638788,"avg_price":14.40731637163431,"std_dev":0.8863272070837196,"store_count":8,"price_range":4.833306095785391,"range_pct":33.5},{"product":"GLUEBALL EIGHTH - H&G","min_price":30.188106917359335,"max_price":42.36218569459034,"avg_price":36.55372121223447,"std_dev":2.442453207862923,"store_count":6,"price_range":12.174078777231001,"range_pct":33.3},{"product":"ZLUSHI EIGHTH - H&G","min_price":29.66859581005938,"max_price":40.76449801148065,"avg_price":35.63098029493699,"std_dev":1.6718365767473973,"store_count":10,"price_range":11.095902201421266,"range_pct":31.1},{"product":"MANDARIN COOKIE HAZE EIGHTH - H&G","min_price":30.394578744933874,"max_price":40.81799068966427,"avg_price":35.89390556012029,"std_dev":2.0941845721927237,"store_count":6,"price_range":10.423411944730399,"range_pct":29.0},{"product":"HEADBAND PRE ROLL - H&G","min_price":13.083333969116211,"max_price":17.612124770434935,"avg_price":15.8970666139939,"std_dev":0.9824704171980695,"store_count":6,"price_range":4.528790801318722,"range_pct":28.5},{"product":"GUAVA ICE PRE ROLL - H&G","min_price":13.157991503105787,"max_price":17.80645062846522,"avg_price":16.41906726322085,"std_dev":0.6409031350093666,"store_count":14,"price_range":4.648459125359434,"range_pct":28.3},{"product":"DESERT DESIRE PRE ROLL - H&G","min_price":13.943661971830984,"max_price":18.38848854998033,"avg_price":16.325658270750026,"std_dev":0.729585971723047,"store_count":8,"price_range":4.4448265781493435,"range_pct":27.2},{"product":"GUSH MINTS EIGHTH - H&G","min_price":29.46769029991175,"max_price":38.62189128602084,"avg_price":34.37599621331697,"std_dev":1.4424189179961793,"store_count":14,"price_range":9.154200986109092,"range_pct":26.6},{"product":"PEACH RINGS EIGHTH - H&G","min_price":31.37868948612711,"max_price":40.485713413783486,"avg_price":35.26810430297279,"std_dev":1.8786184824649153,"store_count":6,"price_range":9.107023927656375,"range_pct":25.8},{"product":"APPLES & ORANGES EIGHTH - H&G","min_price":31.84357027785477,"max_price":41.24142824948489,"avg_price":36.54249926366983,"std_dev":2.658115640147085,"store_count":4,"price_range":9.39785797163012,"range_pct":25.7},{"product":"PK x OG EIGHTH - H&G","min_price":29.996183313692974,"max_price":38.82133382161459,"avg_price":34.63090610453897,"std_dev":1.4560498462960827,"store_count":8,"price_range":8.825150507921613,"range_pct":25.5},{"product":"RESERVE OG EIGHTH - H&G","min_price":31.679824181044882,"max_price":41.20123200815887,"avg_price":37.87701833848358,"std_dev":2.148667099942989,"store_count":6,"price_range":9.521407827113988,"range_pct":25.1},{"product":"OG KUSH EIGHTH - H&G","min_price":29.1871865430669,"max_price":37.38486260071864,"avg_price":34.40588119426251,"std_dev":1.153967345877124,"store_count":14,"price_range":8.19767605765174,"range_pct":23.8},{"product":"BANANA CREAM CAKE EIGHTH - H&G","min_price":29.245357226735187,"max_price":37.480447220844354,"avg_price":34.62424655764168,"std_dev":1.4827199239295896,"store_count":8,"price_range":8.235089994109167,"range_pct":23.8},{"product":"APEX EIGHTH - H&G","min_price":30.191873716418737,"max_price":38.39000179893092,"avg_price":34.880367056215356,"std_dev":1.0557524124255127,"store_count":12,"price_range":8.19812808251218,"range_pct":23.5},{"product":"GOOEY GLUE PRE ROLL - H&G","min_price":14.174073772665896,"max_price":17.826922490046574,"avg_price":16.19493505550224,"std_dev":0.6671327712410283,"store_count":10,"price_range":3.652848717380679,"range_pct":22.6},{"product":"LIME LIGHT PRE ROLL - H&G","min_price":14.377342859903973,"max_price":17.94736761795847,"avg_price":16.038344024689867,"std_dev":0.7191556757257347,"store_count":6,"price_range":3.5700247580544975,"range_pct":22.3},{"product":"ULTRASONIC BOOM PRE ROLL - H&G","min_price":14.391155632174746,"max_price":18.035302945447587,"avg_price":16.466874991525387,"std_dev":0.6342204571107174,"store_count":8,"price_range":3.644147313272841,"range_pct":22.1},{"product":"GORILLA GLUE #5 EIGHTH - HUSTLERS AMBITION","min_price":50.0,"max_price":62.5,"avg_price":57.265625,"std_dev":2.5070213900164475,"store_count":8,"price_range":12.5,"range_pct":21.8},{"product":"WHITE 99 PRE ROLL - H&G","min_price":13.682692307692308,"max_price":16.914318962276262,"avg_price":15.556629248107166,"std_dev":0.5131255952467106,"store_count":12,"price_range":3.2316266545839545,"range_pct":20.8},{"product":"GELATO 33 EIGHTH - H&G","min_price":29.871851730684163,"max_price":37.021751403808594,"avg_price":34.45207613912001,"std_dev":0.9783409811698207,"store_count":12,"price_range":7.149899673124431,"range_pct":20.8},{"product":"BLUE DREAM EIGHTH - H&G","min_price":31.570386299978033,"max_price":38.805776099636134,"avg_price":35.2402668532986,"std_dev":1.2585718941428299,"store_count":8,"price_range":7.2353897996580985,"range_pct":20.5},{"product":"SUPER LEMON HAZE EIGHTH - H&G","min_price":30.661073708304677,"max_price":37.744949446654424,"avg_price":35.32506533884084,"std_dev":1.0230092256633196,"store_count":12,"price_range":7.0838757383497475,"range_pct":20.1},{"product":"PURPLE GUAVA EIGHTH - H&G","min_price":28.99471276504336,"max_price":35.58188585731072,"avg_price":32.75305852737915,"std_dev":1.3562133002743892,"store_count":6,"price_range":6.58717309226736,"range_pct":20.1}],"promotional_effectiveness":{"lift":{"fp_units_per_day":226.32,"disc_units_per_day":622.28,"lift_pct":174.9,"fp_avg_revenue_per_unit":43.449999999999996,"disc_avg_revenue_per_unit":33.224999999999994},"by_deal":[{"deal_name":"$99 Ounce","uses":19655,"revenue":4251513.979508877,"discounts":3362242.27014184,"units":259185.0,"cost":2144755.844966173,"margin":49.6,"discount_depth":88.4},{"deal_name":"1/2 Ounce H+G for $60","uses":10890,"revenue":1446791.8374818563,"discounts":712589.4124805927,"units":71569.0,"cost":592233.4654819965,"margin":59.1,"discount_depth":66.0},{"deal_name":"Stock & Save - PR - 5 for $30","uses":5322,"revenue":141541.8999993801,"discounts":54444.34999704361,"units":18870.0,"cost":94350.0,"margin":33.3,"discount_depth":55.6},{"deal_name":"Lit4Less - PR - 5 for $30","uses":3152,"revenue":84144.06249970198,"discounts":31719.68750178814,"units":11247.0,"cost":56235.0,"margin":33.2,"discount_depth":54.8},{"deal_name":"Industry - 30% Off","uses":2226,"revenue":52960.399780869484,"discounts":22732.100460529327,"units":5851.0,"cost":31560.59990644455,"margin":40.4,"discount_depth":60.0},{"deal_name":"$200 - 2.5 oz","uses":2221,"revenue":856242.212498188,"discounts":952698.4749937057,"units":56430.0,"cost":466958.2371044159,"margin":45.5,"discount_depth":105.4},{"deal_name":"Senior - 10% Off","uses":352,"revenue":17302.374970912933,"discounts":1960.125002861023,"units":958.0,"cost":5896.949954032898,"margin":65.9,"discount_depth":20.4},{"deal_name":"Veterans - 10% Off","uses":286,"revenue":11283.774950504303,"discounts":1316.2250043451786,"units":741.0,"cost":4435.324966907501,"margin":60.7,"discount_depth":20.8},{"deal_name":"Jackpot - Locals 30% Off","uses":275,"revenue":15519.749966859818,"discounts":6654.000037908554,"units":817.0,"cost":5054.399960041046,"margin":67.4,"discount_depth":60.0},{"deal_name":"4/20! 60% Off!!!","uses":248,"revenue":4735.0000166893005,"discounts":7102.500126361847,"units":1136.0,"cost":5680.0,"margin":-20.0,"discount_depth":120.0},{"deal_name":"Senior / Veterans - 20% Off","uses":169,"revenue":8753.50002527237,"discounts":2196.5000066161156,"units":484.0,"cost":2989.8499751091003,"margin":65.8,"discount_depth":40.2},{"deal_name":"30% Off Special","uses":110,"revenue":4607.750004529953,"discounts":1974.7500121593475,"units":298.0,"cost":2203.94996881485,"margin":52.2,"discount_depth":60.0},{"deal_name":"40% Off Special","uses":110,"revenue":2092.000053524971,"discounts":1408.0000227689743,"units":350.0,"cost":1750.0,"margin":16.3,"discount_depth":80.4},{"deal_name":"LVAC - 25% Off","uses":59,"revenue":1998.75,"discounts":698.75,"units":160.0,"cost":1035.7999920845032,"margin":48.2,"discount_depth":51.8},{"deal_name":"Store Credit - $15","uses":30,"revenue":2848.575009703636,"discounts":1574.5499926805496,"units":228.0,"cost":1794.9999642372131,"margin":37.0,"discount_depth":71.2},{"deal_name":"Store Credit - $25","uses":26,"revenue":2718.7625113129616,"discounts":1263.7374985218048,"units":178.0,"cost":1430.374983549118,"margin":47.4,"discount_depth":63.4},{"deal_name":"Employee 30% - NOT FRIDAYS","uses":10,"revenue":227.4999988079071,"discounts":97.50000178813934,"units":22.0,"cost":129.64999914169312,"margin":43.0,"discount_depth":60.0},{"deal_name":"Store Credit - $50","uses":10,"revenue":954.5250034332275,"discounts":854.2250019311905,"units":82.0,"cost":665.4499912261963,"margin":30.3,"discount_depth":94.4},{"deal_name":"25% OFF SALE","uses":7,"revenue":180.0,"discounts":60.0,"units":24.0,"cost":120.0,"margin":33.3,"discount_depth":50.0},{"deal_name":"Store Credit - $100","uses":7,"revenue":795.6250047683716,"discounts":933.6125087738037,"units":83.0,"cost":686.8249917030334,"margin":13.7,"discount_depth":108.0}]},"growth_opportunities":[{"type":"sku_expansion","title":"Add '24K GOLD EIGHTH - H&G' to 5 more store(s)","detail":"Carried in 2 stores. Missing from: Elevation Springs, Elevation Mesa, Elevation Downtown, Elevation Midtown, Elevation Parkway","priority":"medium"},{"type":"sku_expansion","title":"Add '747 EIGHTH - H&G' to 5 more store(s)","detail":"Carried in 2 stores. Missing from: Elevation Mesa, Elevation Oasis, Elevation Downtown, Elevation Midtown, Elevation Parkway","priority":"medium"},{"type":"sku_expansion","title":"Add 'ANIMAL MINTS EIGHTH - H&G' to 4 more store(s)","detail":"Carried in 3 stores. Missing from: Elevation Springs, Elevation Downtown, Elevation Midtown, Elevation Boulevard","priority":"medium"},{"type":"sku_expansion","title":"Add 'APEX EIGHTH - H&G' to 1 more store(s)","detail":"Carried in 6 stores. Missing from: Elevation Downtown","priority":"medium"},{"type":"sku_expansion","title":"Add 'APEX PRE ROLL - H&G' to 2 more store(s)","detail":"Carried in 5 stores. Missing from: Elevation Downtown, Elevation Parkway","priority":"medium"},{"type":"velocity","title":"Improve velocity in nan","detail":"Velocity index 0 (below category average). 0.0 units/day vs 0.0 avg.","priority":"medium"}],"trend":[{"period":"2024-01","revenue":719180.3125,"cost":324094.3359375,"margin":54.9,"units":40614,"transactions":16244,"profit":395085.9375,"revenue_change_pct":null,"units_change_pct":null,"margin_change_pts":null},{"period":"2024-02","revenue":798181.484375,"cost":368865.234375,"margin":53.8,"units":46060,"transactions":15650,"profit":429316.2109375,"revenue_change_pct":11.0,"units_change_pct":13.4,"margin_change_pts":-1.1},{"period":"2024-03","revenue":802310.234375,"cost":373123.0078125,"margin":53.5,"units":45464,"transactions":13582,"profit":429187.2265625,"revenue_change_pct":0.5,"units_change_pct":-1.3,"margin_change_pts":-0.3},{"period":"2024-04","revenue":771369.53125,"cost":365372.34375,"margin":52.6,"units":46040,"transactions":14278,"profit":405997.1484375,"revenue_change_pct":-3.9,"units_change_pct":1.3,"margin_change_pts":-0.9},{"period":"2024-05","revenue":151971.0546875,"cost":72105.2978515625,"margin":52.6,"units":9278,"transactions":3278,"profit":79865.751953125,"revenue_change_pct":-80.3,"units_change_pct":-79.8,"margin_change_pts":-0.1},{"period":"2024-06","revenue":232826.3671875,"cost":111122.8515625,"margin":52.3,"units":14172,"transactions":4982,"profit":121703.525390625,"revenue_change_pct":53.2,"units_change_pct":52.7,"margin_change_pts":-0.3},{"period":"2024-07","revenue":730141.40625,"cost":292956.796875,"margin":59.9,"units":37558,"transactions":15098,"profit":437184.6484375,"revenue_change_pct":213.6,"units_change_pct":165.0,"margin_change_pts":7.6},{"period":"2024-08","revenue":668837.578125,"cost":301408.7890625,"margin":54.9,"units":38672,"transactions":14612,"profit":367428.75,"revenue_change_pct":-8.4,"units_change_pct":3.0,"margin_change_pts":-4.9},{"period":"2024-09","revenue":592440.0390625,"cost":261815.09765625,"margin":55.8,"units":33444,"transactions":12634,"profit":330624.921875,"revenue_change_pct":-11.4,"units_change_pct":-13.5,"margin_change_pts":0.9},{"period":"2024-10","revenue":584555.46875,"cost":255708.2421875,"margin":56.3,"units":31996,"transactions":11766,"profit":328847.2265625,"revenue_change_pct":-1.3,"units_change_pct":-4.3,"margin_change_pts":0.4},{"period":"2024-11","revenue":507427.734375,"cost":234151.89453125,"margin":53.9,"units":29410,"transactions":9930,"profit":273275.83984375,"revenue_change_pct":-13.2,"units_change_pct":-8.1,"margin_change_pts":-2.4},{"period":"2024-12","revenue":333940.0390625,"cost":161463.251953125,"margin":51.6,"units":21138,"transactions":8490,"profit":172476.796875,"revenue_change_pct":-34.2,"units_change_pct":-28.1,"margin_change_pts":-2.2},{"period":"2025-01","revenue":371645.7421875,"cost":154350.546875,"margin":58.5,"units":20022,"transactions":8208,"profit":217295.17578125,"revenue_change_pct":11.3,"units_change_pct":-5.3,"margin_change_pts":6.8},{"period":"2025-02","revenue":246271.54296875,"cost":88543.994140625,"margin":64.0,"units":11578,"transactions":5472,"profit":157727.548828125,"revenue_change_pct":-33.7,"units_change_pct":-42.2,"margin_change_pts":5.6},{"period":"2025-03","revenue":316654.19921875,"cost":126768.095703125,"margin":60.0,"units":16574,"transactions":7096,"profit":189886.11328125,"revenue_change_pct":28.6,"units_change_pct":43.2,"margin_change_pts":-4.1},{"period":"2025-04","revenue":207065.703125,"cost":71160.44921875,"margin":65.6,"units":8810,"transactions":3646,"profit":135905.25390625,"revenue_change_pct":-34.6,"units_change_pct":-46.8,"margin_change_pts":5.7},{"period":"2025-05","revenue":308285.78125,"cost":112412.5,"margin":63.5,"units":13902,"transactions":4802,"profit":195873.28125,"revenue_change_pct":48.9,"units_change_pct":57.8,"margin_change_pts":-2.1},{"period":"2025-06","revenue":445101.5625,"cost":166641.69921875,"margin":62.6,"units":21782,"transactions":7702,"profit":278459.8828125,"revenue_change_pct":44.4,"units_change_pct":56.7,"margin_change_pts":-1.0},{"period":"2025-07","revenue":548022.4609375,"cost":219403.203125,"margin":60.0,"units":28758,"transactions":10286,"profit":328619.296875,"revenue_change_pct":23.1,"units_change_pct":32.0,"margin_change_pts":-2.6},{"period":"2025-08","revenue":455144.140625,"cost":179379.1015625,"margin":60.6,"units":23140,"transactions":7232,"profit":275765.0390625,"revenue_change_pct":-16.9,"units_change_pct":-19.5,"margin_change_pts":0.6},{"period":"2025-09","revenue":408815.46875,"cost":153166.650390625,"margin":62.5,"units":19966,"transactions":7064,"profit":255648.80859375,"revenue_change_pct":-10.2,"units_change_pct":-13.7,"margin_change_pts":1.9},{"period":"2025-10","revenue":331357.109375,"cost":134588.994140625,"margin":59.4,"units":18036,"transactions":7600,"profit":196768.125,"revenue_change_pct":-18.9,"units_change_pct":-9.7,"margin_change_pts":-3.2},{"period":"2025-11","revenue":286546.9921875,"cost":142165.546875,"margin":50.4,"units":18764,"transactions":6366,"profit":144381.455078125,"revenue_change_pct":-13.5,"units_change_pct":4.0,"margin_change_pts":-9.0},{"period":"2025-12","revenue":353445.15625,"cost":180130.64453125,"margin":49.0,"units":22896,"transactions":6152,"profit":173314.53125,"revenue_change_pct":23.3,"units_change_pct":22.0,"margin_change_pts":-1.4},{"period":"2026-01","revenue":369412.1484375,"cost":188092.08984375,"margin":49.1,"units":23756,"transactions":5820,"profit":181320.05859375,"revenue_change_pct":4.5,"units_change_pct":3.8,"margin_change_pts":0.0}]}