{"brand":"HUSTLE & GROW","date_range":"2024-01-01 00:00:00 to 2026-01-31 00:00:00","period_label":"All Time","summary":{"total_units":641830,"total_revenue":11540950.0,"total_cost":5038990.625,"total_discounts":5629413.125,"total_profit":6501958.75,"overall_margin":56.29999923706055,"fp_margin":64.5,"disc_margin":52.400001525878906,"pct_full_price":32.400001525878906,"avg_discount_rate":32.79999923706055,"fp_revenue":3736328.75,"disc_revenue":7804620.625,"unique_customers":82968,"brand":"HUSTLE & GROW","date_range":"2024-01-01 00:00:00 to 2026-01-31 00:00:00","months_count":50,"avg_monthly_cost":201559.625,"cost_per_unit":15.700000000000001,"primary_category":"FLOWER","primary_cat_margin":54.099998474121094,"category_rank":1,"category_total":64,"margin_vs_category":2.200000047683716,"velocity_rank":1},"category_breakdown":[{"category_clean":"FLOWER","units":558176,"revenue":10836912.5,"cost":4618906.25,"profit":6218005.625,"discounts":5458405.0,"margin":57.400001525878906,"category_avg_margin":54.099998474121094,"vs_category":3.3,"rank":1.0,"total_brands":64.0},{"category_clean":"PRE ROLL","units":83100,"revenue":689592.03125,"cost":415500.0,"profit":274092.03125,"discounts":165982.96875,"margin":39.70000076293945,"category_avg_margin":48.29999923706055,"vs_category":-8.6,"rank":4.0,"total_brands":46.0}],"trend":[{"period":"2024-01","revenue":719180.3125,"cost":324094.3359375,"margin":54.9,"units":40614,"transactions":16244,"profit":395085.9375,"revenue_change_pct":null,"units_change_pct":null,"margin_change_pts":null},{"period":"2024-02","revenue":798181.484375,"cost":368865.234375,"margin":53.8,"units":46060,"transactions":15650,"profit":429316.2109375,"revenue_change_pct":11.0,"units_change_pct":13.4,"margin_change_pts":-1.1},{"period":"2024-03","revenue":802310.234375,"cost":373123.0078125,"margin":53.5,"units":45464,"transactions":13582,"profit":429187.2265625,"revenue_change_pct":0.5,"units_change_pct":-1.3,"margin_change_pts":-0.3},{"period":"2024-04","revenue":771369.53125,"cost":365372.34375,"margin":52.6,"units":46040,"transactions":14278,"profit":405997.1484375,"revenue_change_pct":-3.9,"units_change_pct":1.3,"margin_change_pts":-0.9},{"period":"2024-05","revenue":151971.0546875,"cost":72105.2978515625,"margin":52.6,"units":9278,"transactions":3278,"profit":79865.751953125,"revenue_change_pct":-80.3,"units_change_pct":-79.8,"margin_change_pts":-0.1},{"period":"2024-06","revenue":232826.3671875,"cost":111122.8515625,"margin":52.3,"units":14172,"transactions":4982,"profit":121703.525390625,"revenue_change_pct":53.2,"units_change_pct":52.7,"margin_change_pts":-0.3},{"period":"2024-07","revenue":730141.40625,"cost":292956.796875,"margin":59.9,"units":37558,"transactions":15098,"profit":437184.6484375,"revenue_change_pct":213.6,"units_change_pct":165.0,"margin_change_pts":7.6},{"period":"2024-08","revenue":668837.578125,"cost":301408.7890625,"margin":54.9,"units":38672,"transactions":14612,"profit":367428.75,"revenue_change_pct":-8.4,"units_change_pct":3.0,"margin_change_pts":-4.9},{"period":"2024-09","revenue":592440.0390625,"cost":261815.09765625,"margin":55.8,"units":33444,"transactions":12634,"profit":330624.921875,"revenue_change_pct":-11.4,"units_change_pct":-13.5,"margin_change_pts":0.9},{"period":"2024-10","revenue":584555.46875,"cost":255708.2421875,"margin":56.3,"units":31996,"transactions":11766,"profit":328847.2265625,"revenue_change_pct":-1.3,"units_change_pct":-4.3,"margin_change_pts":0.4},{"period":"2024-11","revenue":507427.734375,"cost":234151.89453125,"margin":53.9,"units":29410,"transactions":9930,"profit":273275.83984375,"revenue_change_pct":-13.2,"units_change_pct":-8.1,"margin_change_pts":-2.4},{"period":"2024-12","revenue":333940.0390625,"cost":161463.251953125,"margin":51.6,"units":21138,"transactions":8490,"profit":172476.796875,"revenue_change_pct":-34.2,"units_change_pct":-28.1,"margin_change_pts":-2.2},{"period":"2025-01","revenue":371645.7421875,"cost":154350.546875,"margin":58.5,"units":20022,"transactions":8208,"profit":217295.17578125,"revenue_change_pct":11.3,"units_change_pct":-5.3,"margin_change_pts":6.8},{"period":"2025-02","revenue":246271.54296875,"cost":88543.994140625,"margin":64.0,"units":11578,"transactions":5472,"profit":157727.548828125,"revenue_change_pct":-33.7,"units_change_pct":-42.2,"margin_change_pts":5.6},{"period":"2025-03","revenue":316654.19921875,"cost":126768.095703125,"margin":60.0,"units":16574,"transactions":7096,"profit":189886.11328125,"revenue_change_pct":28.6,"units_change_pct":43.2,"margin_change_pts":-4.1},{"period":"2025-04","revenue":207065.703125,"cost":71160.44921875,"margin":65.6,"units":8810,"transactions":3646,"profit":135905.25390625,"revenue_change_pct":-34.6,"units_change_pct":-46.8,"margin_change_pts":5.7},{"period":"2025-05","revenue":308285.78125,"cost":112412.5,"margin":63.5,"units":13902,"transactions":4802,"profit":195873.28125,"revenue_change_pct":48.9,"units_change_pct":57.8,"margin_change_pts":-2.1},{"period":"2025-06","revenue":445101.5625,"cost":166641.69921875,"margin":62.6,"units":21782,"transactions":7702,"profit":278459.8828125,"revenue_change_pct":44.4,"units_change_pct":56.7,"margin_change_pts":-1.0},{"period":"2025-07","revenue":548022.4609375,"cost":219403.203125,"margin":60.0,"units":28758,"transactions":10286,"profit":328619.296875,"revenue_change_pct":23.1,"units_change_pct":32.0,"margin_change_pts":-2.6},{"period":"2025-08","revenue":455144.140625,"cost":179379.1015625,"margin":60.6,"units":23140,"transactions":7232,"profit":275765.0390625,"revenue_change_pct":-16.9,"units_change_pct":-19.5,"margin_change_pts":0.6},{"period":"2025-09","revenue":408815.46875,"cost":153166.650390625,"margin":62.5,"units":19966,"transactions":7064,"profit":255648.80859375,"revenue_change_pct":-10.2,"units_change_pct":-13.7,"margin_change_pts":1.9},{"period":"2025-10","revenue":331357.109375,"cost":134588.994140625,"margin":59.4,"units":18036,"transactions":7600,"profit":196768.125,"revenue_change_pct":-18.9,"units_change_pct":-9.7,"margin_change_pts":-3.2},{"period":"2025-11","revenue":286546.9921875,"cost":142165.546875,"margin":50.4,"units":18764,"transactions":6366,"profit":144381.455078125,"revenue_change_pct":-13.5,"units_change_pct":4.0,"margin_change_pts":-9.0},{"period":"2025-12","revenue":353445.15625,"cost":180130.64453125,"margin":49.0,"units":22896,"transactions":6152,"profit":173314.53125,"revenue_change_pct":23.3,"units_change_pct":22.0,"margin_change_pts":-1.4},{"period":"2026-01","revenue":369412.1484375,"cost":188092.08984375,"margin":49.1,"units":23756,"transactions":5820,"profit":181320.05859375,"revenue_change_pct":4.5,"units_change_pct":3.8,"margin_change_pts":0.0}],"share_of_category":[{"category":"FLOWER","brand_revenue":10836912.5,"category_revenue":77755450.0,"revenue_share_pct":13.899999618530273,"brand_units":558176,"category_units":2708446,"units_share_pct":20.6},{"category":"PRE ROLL","brand_revenue":689592.03125,"category_revenue":14009791.25,"revenue_share_pct":4.900000095367432,"brand_units":83100,"category_units":1485736,"units_share_pct":5.6},{"category":0.0,"brand_revenue":0.0,"category_revenue":0.0,"revenue_share_pct":0.0,"brand_units":0,"category_units":0,"units_share_pct":0.0}],"share_of_category_trend":{"FLOWER":[{"period":"2024-01","brand_revenue":686555.0,"category_revenue":3552357.8125,"share_pct":19.299999237060547},{"period":"2024-02","brand_revenue":759194.609375,"category_revenue":3535245.625,"share_pct":21.5},{"period":"2024-03","brand_revenue":795004.84375,"category_revenue":3693805.625,"share_pct":21.5},{"period":"2024-04","brand_revenue":734496.875,"category_revenue":3541899.6875,"share_pct":20.700000762939453},{"period":"2024-05","brand_revenue":139534.072265625,"category_revenue":3537479.375,"share_pct":3.9000000953674316},{"period":"2024-06","brand_revenue":215646.4453125,"category_revenue":3403269.6875,"share_pct":6.300000190734863},{"period":"2024-07","brand_revenue":680952.109375,"category_revenue":3457705.9375,"share_pct":19.700000762939453},{"period":"2024-08","brand_revenue":621130.6640625,"category_revenue":3453819.375,"share_pct":18.0},{"period":"2024-09","brand_revenue":555965.0,"category_revenue":3316441.5625,"share_pct":16.799999237060547},{"period":"2024-10","brand_revenue":562561.9921875,"category_revenue":3585775.0,"share_pct":15.699999809265137},{"period":"2024-11","brand_revenue":484348.984375,"category_revenue":3454855.3125,"share_pct":14.0},{"period":"2024-12","brand_revenue":300773.3984375,"category_revenue":3226567.8125,"share_pct":9.300000190734863},{"period":"2025-01","brand_revenue":343940.6640625,"category_revenue":2984938.125,"share_pct":11.5},{"period":"2025-02","brand_revenue":228364.27734375,"category_revenue":2816220.0,"share_pct":8.100000381469727},{"period":"2025-03","brand_revenue":290931.9921875,"category_revenue":2911379.6875,"share_pct":10.0},{"period":"2025-04","brand_revenue":203055.99609375,"category_revenue":3118895.3125,"share_pct":6.5},{"period":"2025-05","brand_revenue":301313.76953125,"category_revenue":2887345.0,"share_pct":10.399999618530273},{"period":"2025-06","brand_revenue":410266.5625,"category_revenue":2773698.125,"share_pct":14.800000190734863},{"period":"2025-07","brand_revenue":499429.6875,"category_revenue":2782763.125,"share_pct":17.899999618530273},{"period":"2025-08","brand_revenue":423785.7421875,"category_revenue":2733122.8125,"share_pct":15.5},{"period":"2025-09","brand_revenue":375866.9140625,"category_revenue":2603501.5625,"share_pct":14.399999618530273},{"period":"2025-10","brand_revenue":291527.94921875,"category_revenue":2663705.0,"share_pct":10.899999618530273},{"period":"2025-11","brand_revenue":252056.328125,"category_revenue":2700189.0625,"share_pct":9.300000190734863},{"period":"2025-12","brand_revenue":330191.875,"category_revenue":2515209.53125,"share_pct":13.100000381469727},{"period":"2026-01","brand_revenue":350016.40625,"category_revenue":2505261.875,"share_pct":14.0}],"PRE ROLL":[{"period":"2024-01","brand_revenue":31820.2490234375,"category_revenue":508338.515625,"share_pct":6.300000190734863},{"period":"2024-02","brand_revenue":31944.32373046875,"category_revenue":489393.671875,"share_pct":6.5},{"period":"2024-03","brand_revenue":7305.3997802734375,"category_revenue":520052.3828125,"share_pct":1.399999976158142},{"period":"2024-04","brand_revenue":36872.64892578125,"category_revenue":491300.6640625,"share_pct":7.5},{"period":"2024-05","brand_revenue":12436.97509765625,"category_revenue":542202.890625,"share_pct":2.299999952316284},{"period":"2024-06","brand_revenue":17159.925537109375,"category_revenue":507288.8671875,"share_pct":3.4000000953674316},{"period":"2024-07","brand_revenue":45534.326171875,"category_revenue":524250.9765625,"share_pct":8.699999809265137},{"period":"2024-08","brand_revenue":45159.375,"category_revenue":612518.7109375,"share_pct":7.400000095367432},{"period":"2024-09","brand_revenue":36475.0244140625,"category_revenue":586543.0078125,"share_pct":6.199999809265137},{"period":"2024-10","brand_revenue":21993.5009765625,"category_revenue":641449.1796875,"share_pct":3.4000000953674316},{"period":"2024-11","brand_revenue":23078.7255859375,"category_revenue":579866.71875,"share_pct":4.0},{"period":"2024-12","brand_revenue":33166.650390625,"category_revenue":582999.5703125,"share_pct":5.699999809265137},{"period":"2025-01","brand_revenue":27580.048828125,"category_revenue":544095.3125,"share_pct":5.099999904632568},{"period":"2025-02","brand_revenue":17907.275390625,"category_revenue":500875.5859375,"share_pct":3.5999999046325684},{"period":"2025-03","brand_revenue":25722.19970703125,"category_revenue":551422.0703125,"share_pct":4.699999809265137},{"period":"2025-04","brand_revenue":4009.7000122070312,"category_revenue":568189.375,"share_pct":0.699999988079071},{"period":"2025-05","brand_revenue":6972.0001220703125,"category_revenue":565516.875,"share_pct":1.2000000476837158},{"period":"2025-06","brand_revenue":34835.0244140625,"category_revenue":560506.71875,"share_pct":6.199999809265137},{"period":"2025-07","brand_revenue":48592.7978515625,"category_revenue":600916.09375,"share_pct":8.100000381469727},{"period":"2025-08","brand_revenue":31308.40087890625,"category_revenue":620247.5,"share_pct":5.0},{"period":"2025-09","brand_revenue":32948.5498046875,"category_revenue":608971.09375,"share_pct":5.400000095367432},{"period":"2025-10","brand_revenue":39629.1748046875,"category_revenue":645293.1640625,"share_pct":6.099999904632568},{"period":"2025-11","brand_revenue":34490.673828125,"category_revenue":581113.4765625,"share_pct":5.900000095367432},{"period":"2025-12","brand_revenue":23253.30078125,"category_revenue":553088.5546875,"share_pct":4.199999809265137},{"period":"2026-01","brand_revenue":19395.74951171875,"category_revenue":523350.9375,"share_pct":3.700000047683716}]},"discount_depth":[{"tier":"0% (Full Price)","transactions":125424,"pct_of_transactions":44.7,"revenue":3736328.75,"avg_discount":0.0},{"tier":"1-10%","transactions":2650,"pct_of_transactions":0.9,"revenue":68751.97265625,"avg_discount":19.200000762939453},{"tier":"11-20%","transactions":8970,"pct_of_transactions":3.2,"revenue":668375.9375,"avg_discount":34.20000076293945},{"tier":"21-30%","transactions":32470,"pct_of_transactions":11.6,"revenue":1059709.0625,"avg_discount":50.79999923706055},{"tier":"31%+","transactions":99938,"pct_of_transactions":35.6,"revenue":5841525.0,"avg_discount":88.4000015258789}],"velocity":{"units_per_day":842.3,"revenue_per_day":15145.6005859375,"avg_units_per_txn":5.64,"days_of_data":762,"total_units":641830,"total_transactions":227990},"velocity_by_category":[{"category":"FLOWER","brand_units_per_day":732.52,"category_avg_units_per_day":55.54,"velocity_index":1319.0,"brand_rev_per_unit":15.53,"category_rev_per_unit":22.97,"brands_in_category":64},{"category":"PRE ROLL","brand_units_per_day":109.06,"category_avg_units_per_day":42.38,"velocity_index":257.3,"brand_rev_per_unit":6.64,"category_rev_per_unit":7.54,"brands_in_category":46},{"category":0.0,"brand_units_per_day":0.0,"category_avg_units_per_day":0,"velocity_index":0,"brand_rev_per_unit":0.0,"category_rev_per_unit":0.0,"brands_in_category":0}],"deals":[{"deal_name":"$99 Ounce","times_used":39310,"units":259185.0,"revenue":4251513.979508877,"discounts":3362242.27014184,"cost":2144755.844966173,"profit":2106758.140668869,"pre_discount_revenue":7613756.25,"margin":49.6,"avg_discount":88.4},{"deal_name":"1/2 Ounce H+G for $60","times_used":21780,"units":71569.0,"revenue":1446791.8374818563,"discounts":712589.4124805927,"cost":592233.4654819965,"profit":854558.3740913868,"pre_discount_revenue":2159381.25,"margin":59.1,"avg_discount":66.0},{"deal_name":"Stock & Save - PR - 5 for $30","times_used":10644,"units":18870.0,"revenue":141541.8999993801,"discounts":54444.34999704361,"cost":94350.0,"profit":47191.89999938011,"pre_discount_revenue":195986.25,"margin":33.3,"avg_discount":55.6},{"deal_name":"Lit4Less - PR - 5 for $30","times_used":6304,"units":11247.0,"revenue":84144.06249970198,"discounts":31719.68750178814,"cost":56235.0,"profit":27909.062499403954,"pre_discount_revenue":115863.75,"margin":33.2,"avg_discount":54.8},{"deal_name":"Industry - 30% Off","times_used":4452,"units":5851.0,"revenue":52960.399780869484,"discounts":22732.100460529327,"cost":31560.59990644455,"profit":21399.799943566322,"pre_discount_revenue":75692.5,"margin":40.4,"avg_discount":60.0},{"deal_name":"$200 - 2.5 oz","times_used":4442,"units":56430.0,"revenue":856242.212498188,"discounts":952698.4749937057,"cost":466958.2371044159,"profit":389283.97362709045,"pre_discount_revenue":1808940.6875133514,"margin":45.5,"avg_discount":105.4},{"deal_name":"Senior - 10% Off","times_used":704,"units":958.0,"revenue":17302.374970912933,"discounts":1960.125002861023,"cost":5896.949954032898,"profit":11405.425107479095,"pre_discount_revenue":19262.5,"margin":65.9,"avg_discount":20.4},{"deal_name":"Veterans - 10% Off","times_used":572,"units":741.0,"revenue":11283.774950504303,"discounts":1316.2250043451786,"cost":4435.324966907501,"profit":6848.450002670288,"pre_discount_revenue":12600.0,"margin":60.7,"avg_discount":20.8},{"deal_name":"Jackpot - Locals 30% Off","times_used":550,"units":817.0,"revenue":15519.749966859818,"discounts":6654.000037908554,"cost":5054.399960041046,"profit":10465.35021185875,"pre_discount_revenue":22173.75,"margin":67.4,"avg_discount":60.0},{"deal_name":"4/20! 60% Off!!!","times_used":496,"units":1136.0,"revenue":4735.0000166893005,"discounts":7102.500126361847,"cost":5680.0,"profit":-944.9999833106995,"pre_discount_revenue":11837.5,"margin":-20.0,"avg_discount":120.0},{"deal_name":"Senior / Veterans - 20% Off","times_used":338,"units":484.0,"revenue":8753.50002527237,"discounts":2196.5000066161156,"cost":2989.8499751091003,"profit":5763.6501288414,"pre_discount_revenue":10950.0,"margin":65.8,"avg_discount":40.2},{"deal_name":"30% Off Special","times_used":220,"units":298.0,"revenue":4607.750004529953,"discounts":1974.7500121593475,"cost":2203.94996881485,"profit":2403.800035715103,"pre_discount_revenue":6582.5,"margin":52.2,"avg_discount":60.0},{"deal_name":"40% Off Special","times_used":220,"units":350.0,"revenue":2092.000053524971,"discounts":1408.0000227689743,"cost":1750.0,"profit":342.000053524971,"pre_discount_revenue":3500.0,"margin":16.3,"avg_discount":80.4},{"deal_name":"LVAC - 25% Off","times_used":118,"units":160.0,"revenue":1998.75,"discounts":698.75,"cost":1035.7999920845032,"profit":962.9500079154968,"pre_discount_revenue":2697.5,"margin":48.2,"avg_discount":51.8},{"deal_name":"Store Credit - $15","times_used":60,"units":228.0,"revenue":2848.575009703636,"discounts":1574.5499926805496,"cost":1794.9999642372131,"profit":1053.575046658516,"pre_discount_revenue":4423.125,"margin":37.0,"avg_discount":71.2},{"deal_name":"Store Credit - $25","times_used":52,"units":178.0,"revenue":2718.7625113129616,"discounts":1263.7374985218048,"cost":1430.374983549118,"profit":1288.3875286579132,"pre_discount_revenue":3982.5,"margin":47.4,"avg_discount":63.4},{"deal_name":"Employee 30% - NOT FRIDAYS","times_used":20,"units":22.0,"revenue":227.4999988079071,"discounts":97.50000178813934,"cost":129.64999914169312,"profit":97.84999966621399,"pre_discount_revenue":325.0,"margin":43.0,"avg_discount":60.0},{"deal_name":"Store Credit - $50","times_used":20,"units":82.0,"revenue":954.5250034332275,"discounts":854.2250019311905,"cost":665.4499912261963,"profit":289.07501220703125,"pre_discount_revenue":1808.75,"margin":30.3,"avg_discount":94.4},{"deal_name":"25% OFF SALE","times_used":14,"units":24.0,"revenue":180.0,"discounts":60.0,"cost":120.0,"profit":60.0,"pre_discount_revenue":240.0,"margin":33.3,"avg_discount":50.0},{"deal_name":"Store Credit - $100","times_used":14,"units":83.0,"revenue":795.6250047683716,"discounts":933.6125087738037,"cost":686.8249917030334,"profit":108.80001544952393,"pre_discount_revenue":1729.2375040054321,"margin":13.7,"avg_discount":108.0},{"deal_name":"5 FOR $30 Mix N Match Pre Rolls","times_used":12,"units":40.0,"revenue":300.0,"discounts":100.0,"cost":200.0,"profit":100.0,"pre_discount_revenue":400.0,"margin":33.3,"avg_discount":50.0},{"deal_name":"Veterans Day - 30% Off For Veterans!","times_used":10,"units":18.0,"revenue":315.0,"discounts":135.0,"cost":148.94999742507935,"profit":166.05000257492065,"pre_discount_revenue":450.0,"margin":52.7,"avg_discount":60.0},{"deal_name":"Medical - 10%","times_used":10,"units":26.0,"revenue":367.4999976158142,"discounts":44.999998956918716,"cost":195.49999713897705,"profit":172.00000047683716,"pre_discount_revenue":412.5,"margin":46.8,"avg_discount":21.8},{"deal_name":"35% Off Special","times_used":8,"units":10.0,"revenue":64.99999761581421,"discounts":34.99999940395355,"cost":50.0,"profit":14.999997615814209,"pre_discount_revenue":100.0,"margin":23.1,"avg_discount":70.0},{"deal_name":"Store Credit - $75","times_used":6,"units":35.0,"revenue":271.875,"discounts":448.125,"cost":289.62499499320984,"profit":-17.749991416931152,"pre_discount_revenue":720.0,"margin":-6.5,"avg_discount":124.4},{"deal_name":"Store Credit - $150","times_used":4,"units":44.0,"revenue":128.125,"discounts":433.75,"cost":364.09998416900635,"profit":-235.97498416900635,"pre_discount_revenue":561.875,"margin":-184.2,"avg_discount":154.4},{"deal_name":"H+G - 1/2 Ounce for $60","times_used":4,"units":4.0,"revenue":300.0,"discounts":50.0,"cost":33.09999942779541,"profit":266.9000053405762,"pre_discount_revenue":350.0,"margin":89.0,"avg_discount":28.6},{"deal_name":"Employee - 40% OFF","times_used":4,"units":20.0,"revenue":267.00000047683716,"discounts":177.99999952316284,"cost":152.39999771118164,"profit":114.60000276565552,"pre_discount_revenue":445.0,"margin":42.9,"avg_discount":80.0},{"deal_name":"Main St Happy Hour - 25% Off","times_used":2,"units":2.0,"revenue":15.0,"discounts":5.0,"cost":10.0,"profit":5.0,"pre_discount_revenue":20.0,"margin":33.3,"avg_discount":50.0},{"deal_name":"Sammy Davis Early Bird - 15% Off","times_used":2,"units":2.0,"revenue":17.000000476837158,"discounts":3.0000001192092896,"cost":10.0,"profit":7.000000476837158,"pre_discount_revenue":20.0,"margin":41.2,"avg_discount":30.0}],"top_products":[{"product":"GELATO 33 EIGHTH - H&G","units":61410,"revenue":1072072.34375,"cost":508167.734375,"profit":563904.6484375,"transactions":23090,"margin":52.599998474121094},{"product":"RUNTZ EIGHTH - H&G","units":47146,"revenue":845518.359375,"cost":390133.125,"profit":455385.1953125,"transactions":18242,"margin":53.900001525878906},{"product":"SUNSET SHERBET EIGHTH - H&G","units":30406,"revenue":554719.6875,"cost":251609.6484375,"profit":303110.0390625,"transactions":12168,"margin":54.599998474121094},{"product":"SUPER LEMON HAZE EIGHTH - H&G","units":28440,"revenue":512624.609375,"cost":235340.99609375,"profit":277283.6328125,"transactions":11552,"margin":54.099998474121094},{"product":"ZRUNTZ EIGHTH - H&G","units":21206,"revenue":356686.6015625,"cost":175479.6484375,"profit":181206.953125,"transactions":6212,"margin":50.79999923706055},{"product":"GOOEY GLUE EIGHTH - H&G","units":16522,"revenue":288730.8203125,"cost":136719.55078125,"profit":152011.279296875,"transactions":5592,"margin":52.599998474121094},{"product":"APEX EIGHTH - H&G","units":15514,"revenue":267975.72265625,"cost":128378.349609375,"profit":139597.3828125,"transactions":6322,"margin":52.099998474121094},{"product":"OG KUSH EIGHTH - H&G","units":12440,"revenue":220306.4453125,"cost":102940.99609375,"profit":117365.44921875,"transactions":4664,"margin":53.29999923706055},{"product":"CANDYLAND OG EIGHTH - H&G","units":12080,"revenue":217425.72265625,"cost":99962.001953125,"profit":117463.73046875,"transactions":4224,"margin":54.0},{"product":"HEADLOCK EIGHTH - H&G","units":12532,"revenue":216286.9921875,"cost":103702.294921875,"profit":112584.70703125,"transactions":3962,"margin":52.099998474121094},{"product":"ORANGE RAINBOW EIGHTH - H&G","units":11680,"revenue":202901.09375,"cost":96652.001953125,"profit":106249.1015625,"transactions":3568,"margin":52.400001525878906},{"product":"SEX CANDY EIGHTH - H&G","units":10706,"revenue":184772.40234375,"cost":88592.1484375,"profit":96180.25390625,"transactions":3788,"margin":52.099998474121094},{"product":"GUSH MINTS EIGHTH - H&G","units":10274,"revenue":181193.22265625,"cost":85017.34375,"profit":96175.87890625,"transactions":4392,"margin":53.099998474121094},{"product":"GELATO 33 HALF OUNCE - H&G","units":2682,"revenue":160028.30078125,"cost":22193.5498046875,"profit":137834.755859375,"transactions":1508,"margin":86.0999984741211},{"product":"GARLIC LECREM EIGHTH - H&G","units":10052,"revenue":156730.576171875,"cost":83180.302734375,"profit":73550.2783203125,"transactions":2266,"margin":46.900001525878906},{"product":"COLIN OG EIGHTH - H&G","units":9106,"revenue":152598.271484375,"cost":75352.1484375,"profit":77246.1279296875,"transactions":3508,"margin":50.599998474121094},{"product":"WHITE 99 EIGHTH - H&G","units":7592,"revenue":147841.025390625,"cost":62823.798828125,"profit":85017.2265625,"transactions":4530,"margin":57.5},{"product":"BANANA CREAM CAKE EIGHTH - H&G","units":7498,"revenue":129193.076171875,"cost":62045.947265625,"profit":67147.12890625,"transactions":2824,"margin":52.0},{"product":"SOUR DIESEL X OG KUSH EIGHTH - H&G","units":7088,"revenue":124250.2734375,"cost":58653.1982421875,"profit":65597.0751953125,"transactions":2148,"margin":52.79999923706055},{"product":"WHITE TRUFFLE EIGHTH - H&G","units":6962,"revenue":119182.529296875,"cost":57610.546875,"profit":61571.9775390625,"transactions":2022,"margin":51.70000076293945},{"product":"MANDARIN COOKIE HAZE EIGHTH - H&G","units":6714,"revenue":117882.05078125,"cost":55558.349609375,"profit":62323.701171875,"transactions":2902,"margin":52.900001525878906},{"product":"MANDARIN TEMPLE EIGHTH - H&G","units":6594,"revenue":117402.75390625,"cost":54565.3466796875,"profit":62837.40234375,"transactions":2986,"margin":53.5},{"product":"GAS PLANET EIGHTH - H&G","units":6768,"revenue":115952.001953125,"cost":56005.2001953125,"profit":59946.8017578125,"transactions":2482,"margin":51.70000076293945},{"product":"ZLUSHI EIGHTH - H&G","units":6462,"revenue":115155.17578125,"cost":53473.046875,"profit":61682.1240234375,"transactions":2916,"margin":53.599998474121094},{"product":"GRAND DADS OG EIGHTH - H&G","units":5960,"revenue":112550.302734375,"cost":49318.9990234375,"profit":63231.298828125,"transactions":2910,"margin":56.20000076293945}],"products_by_store":{"Elevation Springs":[{"product":"GELATO 33 EIGHTH - H&G","units":11426,"revenue":197736.30859375,"cost":94550.146484375,"profit":103186.15234375,"transactions":4164,"margin":52.20000076293945},{"product":"RUNTZ EIGHTH - H&G","units":9594,"revenue":176520.80078125,"cost":79390.3466796875,"profit":97130.44921875,"transactions":4278,"margin":55.0},{"product":"SUNSET SHERBET EIGHTH - H&G","units":6648,"revenue":122299.423828125,"cost":55012.197265625,"profit":67287.2265625,"transactions":2856,"margin":55.0},{"product":"ORANGE RAINBOW EIGHTH - H&G","units":5448,"revenue":97600.751953125,"cost":45082.197265625,"profit":52518.5498046875,"transactions":1958,"margin":53.79999923706055},{"product":"OG KUSH EIGHTH - H&G","units":5462,"revenue":96831.025390625,"cost":45198.046875,"profit":51632.978515625,"transactions":2040,"margin":53.29999923706055},{"product":"SUPER LEMON HAZE EIGHTH - H&G","units":4470,"revenue":80162.8271484375,"cost":36989.25048828125,"profit":43173.57421875,"transactions":1580,"margin":53.900001525878906},{"product":"ZRUNTZ EIGHTH - H&G","units":3122,"revenue":54062.2265625,"cost":25834.54833984375,"profit":28227.67578125,"transactions":954,"margin":52.20000076293945},{"product":"GOOEY GLUE EIGHTH - H&G","units":2756,"revenue":50639.423828125,"cost":22805.90087890625,"profit":27833.525390625,"transactions":1196,"margin":55.0},{"product":"GRAND DADS OG EIGHTH - H&G","units":2436,"revenue":44805.2001953125,"cost":20157.899169921875,"profit":24647.2998046875,"transactions":1112,"margin":55.0},{"product":"GOVERNMINT OASIS EIGHTH - H&G","units":2476,"revenue":43437.548828125,"cost":20488.89892578125,"profit":22948.64990234375,"transactions":972,"margin":52.79999923706055},{"product":"CANDYLAND OG EIGHTH - H&G","units":2368,"revenue":40974.27734375,"cost":19595.2001953125,"profit":21379.07470703125,"transactions":700,"margin":52.20000076293945},{"product":"WIFI X SUNDAE DRIVER EIGHTH - H&G","units":2342,"revenue":39340.14892578125,"cost":19380.050048828125,"profit":19960.10009765625,"transactions":910,"margin":50.70000076293945},{"product":"BACIO EIGHTH - H&G","units":2250,"revenue":37327.724609375,"cost":18618.75,"profit":18708.975830078125,"transactions":718,"margin":50.099998474121094},{"product":"SOUR DIESEL X OG KUSH EIGHTH - H&G","units":2064,"revenue":35917.7490234375,"cost":17079.599609375,"profit":18838.150634765625,"transactions":644,"margin":52.400001525878906},{"product":"HEADLOCK EIGHTH - H&G","units":2020,"revenue":35006.79931640625,"cost":16715.499267578125,"profit":18291.300048828125,"transactions":628,"margin":52.29999923706055}],"Elevation Mesa":[{"product":"RUNTZ EIGHTH - H&G","units":16742,"revenue":302349.55078125,"cost":138540.048828125,"profit":163809.501953125,"transactions":6498,"margin":54.20000076293945},{"product":"GELATO 33 EIGHTH - H&G","units":14336,"revenue":265371.93359375,"cost":118630.400390625,"profit":146741.533203125,"transactions":6526,"margin":55.29999923706055},{"product":"SUPER LEMON HAZE EIGHTH - H&G","units":9804,"revenue":185025.72265625,"cost":81128.1005859375,"profit":103897.626953125,"transactions":4896,"margin":56.20000076293945},{"product":"SUNSET SHERBET EIGHTH - H&G","units":8848,"revenue":163880.46875,"cost":73217.197265625,"profit":90663.28125,"transactions":3750,"margin":55.29999923706055},{"product":"HEADLOCK EIGHTH - H&G","units":6636,"revenue":114322.705078125,"cost":54912.900390625,"profit":59409.7998046875,"transactions":2056,"margin":52.0},{"product":"APEX EIGHTH - H&G","units":5586,"revenue":98879.228515625,"cost":46224.150390625,"profit":52655.078125,"transactions":2392,"margin":53.29999923706055},{"product":"GOOEY GLUE EIGHTH - H&G","units":5634,"revenue":96744.0234375,"cost":46621.34765625,"profit":50122.67578125,"transactions":1702,"margin":51.79999923706055},{"product":"ZRUNTZ EIGHTH - H&G","units":3638,"revenue":62879.27734375,"cost":30104.45068359375,"profit":32774.82666015625,"transactions":1264,"margin":52.099998474121094},{"product":"CANDYLAND OG EIGHTH - H&G","units":3178,"revenue":59588.5498046875,"cost":26297.94921875,"profit":33290.6005859375,"transactions":1362,"margin":55.900001525878906},{"product":"SEX CANDY EIGHTH - H&G","units":3210,"revenue":57851.25,"cost":26562.7490234375,"profit":31288.5009765625,"transactions":1380,"margin":54.099998474121094},{"product":"GARLIC LECREM EIGHTH - H&G","units":3520,"revenue":55614.951171875,"cost":29128.00048828125,"profit":26486.95068359375,"transactions":842,"margin":47.599998474121094},{"product":"COLIN OG EIGHTH - H&G","units":3254,"revenue":54130.224609375,"cost":26926.8505859375,"profit":27203.37646484375,"transactions":1062,"margin":50.29999923706055},{"product":"WHITE 99 EIGHTH - H&G","units":2458,"revenue":52327.548828125,"cost":20339.949951171875,"profit":31987.60009765625,"transactions":1800,"margin":61.099998474121094},{"product":"LARRYS BREATH EIGHTH - H&G","units":2034,"revenue":47280.3271484375,"cost":16831.35009765625,"profit":30448.974609375,"transactions":1794,"margin":64.4000015258789},{"product":"TKZ EIGHTH - H&G","units":2380,"revenue":45984.90234375,"cost":19694.49951171875,"profit":26290.400390625,"transactions":1340,"margin":57.20000076293945}],"Elevation Oasis":[{"product":"GELATO 33 HALF OUNCE - H&G","units":2682,"revenue":160028.30078125,"cost":22193.5498046875,"profit":137834.755859375,"transactions":1508,"margin":86.0999984741211},{"product":"APEX HALF OUNCE - H&G","units":1852,"revenue":110209.90234375,"cost":15325.30029296875,"profit":94884.599609375,"transactions":1120,"margin":86.0999984741211},{"product":"ZRUNTZ EIGHTH - H&G","units":6822,"revenue":106428.349609375,"cost":56452.05078125,"profit":49976.3037109375,"transactions":1244,"margin":47.0},{"product":"GELATO 33 EIGHTH - H&G","units":6782,"revenue":101295.44921875,"cost":56121.0498046875,"profit":45174.3994140625,"transactions":1246,"margin":44.599998474121094},{"product":"ANIMAL MINTZ HALF OUNCE - H&G","units":1294,"revenue":78329.19921875,"cost":10707.850341796875,"profit":67621.3525390625,"transactions":796,"margin":86.30000305175781},{"product":"MANDARIN TEMPLE HALF OUNCE - H&G","units":1342,"revenue":78242.0751953125,"cost":11105.050048828125,"profit":67137.0263671875,"transactions":872,"margin":85.80000305175781},{"product":"GOVERNMINT OASIS HALF OUNCE - H&G","units":1208,"revenue":71812.5244140625,"cost":9996.199951171875,"profit":61816.3232421875,"transactions":720,"margin":86.0999984741211},{"product":"RUNTZ EIGHTH - H&G","units":4196,"revenue":66998.1982421875,"cost":34721.8994140625,"profit":32276.30126953125,"transactions":722,"margin":48.20000076293945},{"product":"PURE KUSH HALF OUNCE - H&G","units":1112,"revenue":64980.498046875,"cost":9201.799926757812,"profit":55778.701171875,"transactions":658,"margin":85.80000305175781},{"product":"SEX CANDY EIGHTH - H&G","units":3956,"revenue":63023.798828125,"cost":32735.8984375,"profit":30287.900390625,"transactions":926,"margin":48.099998474121094},{"product":"BANANA CREAM CAKE HALF OUNCE - H&G","units":944,"revenue":57686.25,"cost":7811.5997314453125,"profit":49874.6533203125,"transactions":578,"margin":86.5},{"product":"RESERVE OG HALF OUNCE - H&G","units":952,"revenue":56962.451171875,"cost":7877.7996826171875,"profit":49084.6484375,"transactions":602,"margin":86.19999694824219},{"product":"GARLIC LECREM HALF OUNCE - H&G","units":908,"revenue":53948.75,"cost":7513.699951171875,"profit":46435.048828125,"transactions":514,"margin":86.0999984741211},{"product":"SUNSET SHERBET EIGHTH - H&G","units":3288,"revenue":53823.798828125,"cost":27208.20068359375,"profit":26615.6005859375,"transactions":634,"margin":49.400001525878906},{"product":"GARLIC LECREM EIGHTH - H&G","units":3532,"revenue":51848.4228515625,"cost":29227.2998046875,"profit":22621.12548828125,"transactions":590,"margin":43.599998474121094}],"Elevation Downtown":[{"product":"OG KUSH EIGHTH - H&G","units":398,"revenue":5808.2501220703125,"cost":3293.4500122070312,"profit":2514.8001098632812,"transactions":70,"margin":43.29999923706055},{"product":"HEADLOCK EIGHTH - H&G","units":200,"revenue":3440.9500122070312,"cost":1655.0,"profit":1785.9500122070312,"transactions":56,"margin":51.900001525878906},{"product":"WHITE TRUFFLE EIGHTH - H&G","units":200,"revenue":3226.0751342773438,"cost":1655.0,"profit":1571.0751342773438,"transactions":56,"margin":48.70000076293945},{"product":"GUSH MINTS EIGHTH - H&G","units":200,"revenue":3171.9000244140625,"cost":1655.0,"profit":1516.9000244140625,"transactions":46,"margin":47.79999923706055},{"product":"BLOOD DRIVE EIGHTH - H&G","units":160,"revenue":2710.2999877929688,"cost":1323.9999389648438,"profit":1386.300048828125,"transactions":40,"margin":51.099998474121094},{"product":"GARLIC LECREM EIGHTH - H&G","units":142,"revenue":2307.4000549316406,"cost":1175.0499725341797,"profit":1132.3500061035156,"transactions":26,"margin":49.099998474121094},{"product":"GUSH MINTS PRE ROLL - H&G","units":270,"revenue":1896.9999694824219,"cost":1350.0,"profit":547.0000457763672,"transactions":208,"margin":28.799999237060547},{"product":"WIFI X SUNDAE DRIVER PRE ROLL - H&G","units":200,"revenue":1626.9999694824219,"cost":1000.0,"profit":627.0000076293945,"transactions":168,"margin":38.5},{"product":"GELATO 33 EIGHTH - H&G","units":60,"revenue":1058.125,"cost":496.50001525878906,"profit":561.6249847412109,"transactions":16,"margin":53.099998474121094},{"product":"GUAVA ICE PRE ROLL - H&G","units":62,"revenue":552.0000076293945,"cost":310.0,"profit":242.00000762939453,"transactions":58,"margin":43.79999923706055}],"Elevation Midtown":[{"product":"GELATO 33 EIGHTH - H&G","units":10408,"revenue":178113.828125,"cost":86126.201171875,"profit":91987.626953125,"transactions":3588,"margin":51.599998474121094},{"product":"RUNTZ EIGHTH - H&G","units":7046,"revenue":123851.220703125,"cost":58305.6494140625,"profit":65545.576171875,"transactions":2638,"margin":52.900001525878906},{"product":"SUPER LEMON HAZE EIGHTH - H&G","units":6608,"revenue":115899.052734375,"cost":54681.201171875,"profit":61217.8515625,"transactions":2036,"margin":52.79999923706055},{"product":"ZRUNTZ EIGHTH - H&G","units":4856,"revenue":81947.646484375,"cost":40183.3984375,"profit":41764.2529296875,"transactions":1534,"margin":51.0},{"product":"SUNSET SHERBET EIGHTH - H&G","units":4630,"revenue":81637.94921875,"cost":38313.24951171875,"profit":43324.7021484375,"transactions":1512,"margin":53.099998474121094},{"product":"WEDDING CRASHER EIGHTH - H&G","units":3502,"revenue":59945.9521484375,"cost":28979.05029296875,"profit":30966.90185546875,"transactions":1020,"margin":51.70000076293945},{"product":"APEX EIGHTH - H&G","units":2914,"revenue":51180.1513671875,"cost":24113.349609375,"profit":27066.8017578125,"transactions":1278,"margin":52.900001525878906},{"product":"WHITE 99 EIGHTH - H&G","units":2472,"revenue":43422.0263671875,"cost":20455.799560546875,"profit":22966.2255859375,"transactions":992,"margin":52.900001525878906},{"product":"GUSH MINTS EIGHTH - H&G","units":2416,"revenue":38885.32470703125,"cost":19992.39990234375,"profit":18892.926025390625,"transactions":790,"margin":48.599998474121094},{"product":"TRUE OG EIGHTH - H&G","units":2274,"revenue":38661.97509765625,"cost":18817.349853515625,"profit":19844.625244140625,"transactions":884,"margin":51.29999923706055},{"product":"WIFI X SUNDAE DRIVER EIGHTH - H&G","units":2168,"revenue":36806.0009765625,"cost":17940.2001953125,"profit":18865.80078125,"transactions":588,"margin":51.29999923706055},{"product":"HEADLOCK EIGHTH - H&G","units":1952,"revenue":34577.2509765625,"cost":16152.80029296875,"profit":18424.45068359375,"transactions":806,"margin":53.29999923706055},{"product":"GRAND DADS OG EIGHTH - H&G","units":1750,"revenue":31382.60009765625,"cost":14481.25,"profit":16901.35009765625,"transactions":648,"margin":53.900001525878906},{"product":"ORANGE RAINBOW EIGHTH - H&G","units":1798,"revenue":30960.05126953125,"cost":14878.44970703125,"profit":16081.600341796875,"transactions":494,"margin":51.900001525878906},{"product":"CANDYLAND OG EIGHTH - H&G","units":1754,"revenue":29953.40087890625,"cost":14514.349365234375,"profit":15439.05029296875,"transactions":472,"margin":51.5}],"Elevation Boulevard":[{"product":"GELATO 33 EIGHTH - H&G","units":18398,"revenue":328496.7578125,"cost":152243.447265625,"profit":176253.30078125,"transactions":7550,"margin":53.70000076293945},{"product":"RUNTZ EIGHTH - H&G","units":8874,"revenue":163268.330078125,"cost":73432.3486328125,"profit":89835.9765625,"transactions":3860,"margin":55.0},{"product":"SUNSET SHERBET EIGHTH - H&G","units":6292,"revenue":121152.421875,"cost":52066.298828125,"profit":69086.1279296875,"transactions":3258,"margin":57.0},{"product":"GOOEY GLUE EIGHTH - H&G","units":6612,"revenue":115786.07421875,"cost":54714.296875,"profit":61071.77734375,"transactions":2352,"margin":52.70000076293945},{"product":"SUPER LEMON HAZE EIGHTH - H&G","units":4472,"revenue":83831.279296875,"cost":37005.79833984375,"profit":46825.4736328125,"transactions":2426,"margin":55.900001525878906},{"product":"CANDYLAND OG EIGHTH - H&G","units":3532,"revenue":66424.19921875,"cost":29227.2998046875,"profit":37196.90185546875,"transactions":1500,"margin":56.0},{"product":"GUSH MINTS EIGHTH - H&G","units":3262,"revenue":62992.2998046875,"cost":26993.04931640625,"profit":35999.25048828125,"transactions":1868,"margin":57.099998474121094},{"product":"MANDARIN COOKIE HAZE EIGHTH - H&G","units":3186,"revenue":58095.3515625,"cost":26364.150390625,"profit":31731.201171875,"transactions":1670,"margin":54.599998474121094},{"product":"GAS PLANET EIGHTH - H&G","units":3180,"revenue":56334.9755859375,"cost":26314.49951171875,"profit":30020.47607421875,"transactions":1360,"margin":53.29999923706055},{"product":"APEX EIGHTH - H&G","units":3218,"revenue":56067.2021484375,"cost":26628.9501953125,"profit":29438.24951171875,"transactions":1518,"margin":52.5},{"product":"SOUR DIESEL X OG KUSH EIGHTH - H&G","units":2658,"revenue":47489.501953125,"cost":21994.94873046875,"profit":25494.55078125,"transactions":858,"margin":53.70000076293945},{"product":"747 EIGHTH - H&G","units":2384,"revenue":44428.3984375,"cost":19727.60009765625,"profit":24700.80078125,"transactions":1104,"margin":55.599998474121094},{"product":"BANANA CREAM CAKE EIGHTH - H&G","units":2268,"revenue":42502.8271484375,"cost":18767.7001953125,"profit":23735.12451171875,"transactions":1106,"margin":55.79999923706055},{"product":"WHITE TRUFFLE EIGHTH - H&G","units":2358,"revenue":40564.150390625,"cost":19512.449951171875,"profit":21051.70166015625,"transactions":872,"margin":51.900001525878906},{"product":"ZRUNTZ EIGHTH - H&G","units":2276,"revenue":40301.650390625,"cost":18833.900146484375,"profit":21467.75146484375,"transactions":934,"margin":53.29999923706055}],"Elevation Parkway":[{"product":"WHITE TRUFFLE EIGHTH - H&G","units":940,"revenue":16338.824462890625,"cost":7778.499755859375,"profit":8560.325317382812,"transactions":304,"margin":52.400001525878906},{"product":"ZENSATIONAL EIGHTH - H&G","units":832,"revenue":14815.999755859375,"cost":6884.7998046875,"profit":7931.199951171875,"transactions":284,"margin":53.5},{"product":"GUSH MINTS EIGHTH - H&G","units":780,"revenue":12994.224853515625,"cost":6454.5001220703125,"profit":6539.725341796875,"transactions":232,"margin":50.29999923706055},{"product":"RUNTZ EIGHTH - H&G","units":694,"revenue":12530.250244140625,"cost":5742.8497314453125,"profit":6787.39990234375,"transactions":246,"margin":54.20000076293945},{"product":"SUNSET SHERBET EIGHTH - H&G","units":700,"revenue":11925.6005859375,"cost":5792.5,"profit":6133.0999755859375,"transactions":158,"margin":51.400001525878906},{"product":"ZRUNTZ EIGHTH - H&G","units":492,"revenue":11067.449951171875,"cost":4071.300048828125,"profit":6996.1505126953125,"transactions":282,"margin":63.20000076293945},{"product":"OG KUSH EIGHTH - H&G","units":570,"revenue":10459.749755859375,"cost":4716.7498779296875,"profit":5742.9998779296875,"transactions":240,"margin":54.900001525878906},{"product":"HEADLOCK EIGHTH - H&G","units":586,"revenue":10225.2001953125,"cost":4849.1497802734375,"profit":5376.0504150390625,"transactions":234,"margin":52.599998474121094},{"product":"GARLIC LECREM EIGHTH - H&G","units":498,"revenue":8141.300048828125,"cost":4120.950012207031,"profit":4020.3500366210938,"transactions":130,"margin":49.400001525878906},{"product":"THIRD EYE EIGHTH - H&G","units":436,"revenue":7649.525146484375,"cost":3607.8997802734375,"profit":4041.6250610351562,"transactions":114,"margin":52.79999923706055},{"product":"VEGAS NIGHTS EIGHTH - H&G","units":436,"revenue":7402.60009765625,"cost":3607.9000854492188,"profit":3794.7000122070312,"transactions":112,"margin":51.29999923706055},{"product":"APEX EIGHTH - H&G","units":380,"revenue":7294.0997314453125,"cost":3144.4998168945312,"profit":4149.6002197265625,"transactions":142,"margin":56.900001525878906},{"product":"MANDARIN TEMPLE EIGHTH - H&G","units":386,"revenue":7180.4998779296875,"cost":3194.1500854492188,"profit":3986.35009765625,"transactions":172,"margin":55.5},{"product":"GAS PLANET EIGHTH - H&G","units":400,"revenue":6618.0499267578125,"cost":3310.0,"profit":3308.0502319335938,"transactions":108,"margin":50.0},{"product":"GELATO 33 PRE ROLL - H&G","units":726,"revenue":6124.8748779296875,"cost":3630.0,"profit":2494.875030517578,"transactions":550,"margin":40.70000076293945}]},"store_summary":[{"store_clean":"Elevation Mesa","units":185080,"revenue":3139314.6875,"cost":1449406.5625,"profit":1689908.125,"discounts":1578209.53125,"margin":53.79999923706055,"discount_rate":33.5},{"store_clean":"Elevation Oasis","units":114858,"revenue":2785150.625,"cost":911339.921875,"profit":1873810.78125,"discounts":1305211.171875,"margin":67.30000305175781,"discount_rate":31.899999618530273},{"store_clean":"Elevation Springs","units":117228,"revenue":1940770.46875,"cost":920229.296875,"profit":1020541.09375,"discounts":924654.84375,"margin":52.599998474121094,"discount_rate":32.29999923706055},{"store_clean":"Elevation Boulevard","units":115020,"revenue":1920545.9375,"cost":898584.84375,"profit":1021961.015625,"discounts":881891.875,"margin":53.20000076293945,"discount_rate":31.5},{"store_clean":"Elevation Midtown","units":93088,"revenue":1508790.46875,"cost":738463.671875,"profit":770326.796875,"discounts":836894.375,"margin":51.099998474121094,"discount_rate":35.70000076293945},{"store_clean":"Elevation Parkway","units":14664,"revenue":220578.125,"cost":107052.5,"profit":113525.625,"discounts":89946.923828125,"margin":51.5,"discount_rate":29.0},{"store_clean":"Elevation Downtown","units":1892,"revenue":25798.9990234375,"cost":13914.000244140625,"profit":11885.0,"discounts":12604.449462890625,"margin":46.099998474121094,"discount_rate":32.79999923706055}],"recommendations":[{"severity":"info","title":"VOLUME LEVERAGE","detail":"$4,616,380 revenue provides negotiating leverage.","action":"Use volume as leverage in next vendor meeting."}],"comparison":null}