{"brand":"BACKPACK BOYZ","date_range":"2024-01-01 00:00:00 to 2026-01-31 00:00:00","period_label":"All Time","summary":{"total_units":12540,"total_revenue":404650.390625,"total_cost":197940.21484375,"total_discounts":121417.0703125,"total_profit":206710.21484375,"overall_margin":51.099998474121094,"fp_margin":64.0999984741211,"disc_margin":47.70000076293945,"pct_full_price":20.5,"avg_discount_rate":23.100000381469727,"fp_revenue":82860.0,"disc_revenue":321790.4296875,"unique_customers":6202,"brand":"BACKPACK BOYZ","date_range":"2024-01-01 00:00:00 to 2026-01-31 00:00:00","months_count":18,"avg_monthly_cost":21993.35,"cost_per_unit":31.575000000000003,"primary_category":"FLOWER","primary_cat_margin":54.099998474121094,"category_rank":36,"category_total":64,"margin_vs_category":-3.0,"velocity_rank":36},"category_breakdown":[{"category_clean":"FLOWER","units":7008,"revenue":315401.58203125,"cost":163571.220703125,"profit":151830.3515625,"discounts":98408.427734375,"margin":48.099998474121094,"category_avg_margin":54.099998474121094,"vs_category":-6.0,"rank":36.0,"total_brands":64.0},{"category_clean":"PRE ROLL","units":4728,"revenue":65553.7255859375,"cost":23640.0,"profit":41913.7255859375,"discounts":17146.2744140625,"margin":63.900001525878906,"category_avg_margin":48.29999923706055,"vs_category":15.6,"rank":24.0,"total_brands":46.0},{"category_clean":"INFUSED PRE ROLL","units":742,"revenue":20682.1240234375,"cost":9275.0,"profit":11407.125244140625,"discounts":5167.874755859375,"margin":55.20000076293945,"category_avg_margin":47.29999923706055,"vs_category":7.9,"rank":22.0,"total_brands":25.0},{"category_clean":"CONCENTRATE","units":4,"revenue":255.0,"cost":120.0,"profit":135.0,"discounts":45.0,"margin":52.900001525878906,"category_avg_margin":45.900001525878906,"vs_category":7.0,"rank":26.0,"total_brands":27.0}],"trend":[{"period":"2025-05","revenue":1192.5,"cost":690.0,"margin":42.1,"units":24,"transactions":22,"profit":502.5,"revenue_change_pct":null,"units_change_pct":null,"margin_change_pts":null},{"period":"2025-06","revenue":19213.924560546875,"cost":10265.0,"margin":46.6,"units":402,"transactions":308,"profit":8948.925170898438,"revenue_change_pct":1511.2,"units_change_pct":1575.0,"margin_change_pts":4.4},{"period":"2025-07","revenue":77362.7490234375,"cost":38236.3232421875,"margin":50.6,"units":1884,"transactions":1378,"profit":39126.42578125,"revenue_change_pct":302.6,"units_change_pct":368.7,"margin_change_pts":4.0},{"period":"2025-08","revenue":62783.6279296875,"cost":29951.0986328125,"margin":52.3,"units":1696,"transactions":1240,"profit":32832.5244140625,"revenue_change_pct":-18.8,"units_change_pct":-10.0,"margin_change_pts":1.7},{"period":"2025-09","revenue":62520.5517578125,"cost":29197.62451171875,"margin":53.3,"units":1988,"transactions":1410,"profit":33322.9248046875,"revenue_change_pct":-0.4,"units_change_pct":17.2,"margin_change_pts":1.0},{"period":"2025-10","revenue":52220.52734375,"cost":24425.12451171875,"margin":53.2,"units":1792,"transactions":1194,"profit":27795.400390625,"revenue_change_pct":-16.5,"units_change_pct":-9.9,"margin_change_pts":-0.1},{"period":"2025-11","revenue":57359.9267578125,"cost":31266.19873046875,"margin":45.5,"units":2244,"transactions":1490,"profit":26093.7255859375,"revenue_change_pct":9.8,"units_change_pct":25.2,"margin_change_pts":-7.7},{"period":"2025-12","revenue":39911.37451171875,"cost":18729.3994140625,"margin":53.1,"units":1388,"transactions":1030,"profit":21181.97509765625,"revenue_change_pct":-30.4,"units_change_pct":-38.1,"margin_change_pts":7.6},{"period":"2026-01","revenue":32085.2490234375,"cost":15179.449462890625,"margin":52.7,"units":1122,"transactions":832,"profit":16905.80078125,"revenue_change_pct":-19.6,"units_change_pct":-19.2,"margin_change_pts":-0.4}],"share_of_category":[{"category":"FLOWER","brand_revenue":315401.5625,"category_revenue":77755450.0,"revenue_share_pct":0.4000000059604645,"brand_units":7008,"category_units":2708446,"units_share_pct":0.3},{"category":"PRE ROLL","brand_revenue":65553.7255859375,"category_revenue":14009791.25,"revenue_share_pct":0.5,"brand_units":4728,"category_units":1485736,"units_share_pct":0.3},{"category":"INFUSED PRE ROLL","brand_revenue":20682.12646484375,"category_revenue":10308101.25,"revenue_share_pct":0.20000000298023224,"brand_units":742,"category_units":488074,"units_share_pct":0.2},{"category":"CONCENTRATE","brand_revenue":255.0,"category_revenue":7866357.5,"revenue_share_pct":0.0,"brand_units":4,"category_units":316632,"units_share_pct":0.0},{"category":0.0,"brand_revenue":0.0,"category_revenue":0.0,"revenue_share_pct":0.0,"brand_units":0,"category_units":0,"units_share_pct":0.0}],"share_of_category_trend":{"FLOWER":[{"period":"2024-01","brand_revenue":0.0,"category_revenue":3552357.8125,"share_pct":0.0},{"period":"2024-02","brand_revenue":0.0,"category_revenue":3535245.625,"share_pct":0.0},{"period":"2024-03","brand_revenue":0.0,"category_revenue":3693805.625,"share_pct":0.0},{"period":"2024-04","brand_revenue":0.0,"category_revenue":3541899.6875,"share_pct":0.0},{"period":"2024-05","brand_revenue":0.0,"category_revenue":3537479.375,"share_pct":0.0},{"period":"2024-06","brand_revenue":0.0,"category_revenue":3403269.6875,"share_pct":0.0},{"period":"2024-07","brand_revenue":0.0,"category_revenue":3457705.9375,"share_pct":0.0},{"period":"2024-08","brand_revenue":0.0,"category_revenue":3453819.375,"share_pct":0.0},{"period":"2024-09","brand_revenue":0.0,"category_revenue":3316441.5625,"share_pct":0.0},{"period":"2024-10","brand_revenue":0.0,"category_revenue":3585775.0,"share_pct":0.0},{"period":"2024-11","brand_revenue":0.0,"category_revenue":3454855.3125,"share_pct":0.0},{"period":"2024-12","brand_revenue":0.0,"category_revenue":3226567.8125,"share_pct":0.0},{"period":"2025-01","brand_revenue":0.0,"category_revenue":2984938.125,"share_pct":0.0},{"period":"2025-02","brand_revenue":0.0,"category_revenue":2816220.0,"share_pct":0.0},{"period":"2025-03","brand_revenue":0.0,"category_revenue":2911379.6875,"share_pct":0.0},{"period":"2025-04","brand_revenue":0.0,"category_revenue":3118895.3125,"share_pct":0.0},{"period":"2025-05","brand_revenue":1192.5,"category_revenue":2887345.0,"share_pct":0.0},{"period":"2025-06","brand_revenue":15391.925048828125,"category_revenue":2773698.125,"share_pct":0.6000000238418579},{"period":"2025-07","brand_revenue":68633.0029296875,"category_revenue":2782763.125,"share_pct":2.5},{"period":"2025-08","brand_revenue":54710.625,"category_revenue":2733122.8125,"share_pct":2.0},{"period":"2025-09","brand_revenue":49410.6494140625,"category_revenue":2603501.5625,"share_pct":1.899999976158142},{"period":"2025-10","brand_revenue":36965.9765625,"category_revenue":2663705.0,"share_pct":1.399999976158142},{"period":"2025-11","brand_revenue":38825.3515625,"category_revenue":2700189.0625,"share_pct":1.399999976158142},{"period":"2025-12","brand_revenue":28971.875,"category_revenue":2515209.53125,"share_pct":1.2000000476837158},{"period":"2026-01","brand_revenue":21299.67529296875,"category_revenue":2505261.875,"share_pct":0.8999999761581421}],"PRE ROLL":[{"period":"2024-01","brand_revenue":0.0,"category_revenue":508338.515625,"share_pct":0.0},{"period":"2024-02","brand_revenue":0.0,"category_revenue":489393.671875,"share_pct":0.0},{"period":"2024-03","brand_revenue":0.0,"category_revenue":520052.3828125,"share_pct":0.0},{"period":"2024-04","brand_revenue":0.0,"category_revenue":491300.6640625,"share_pct":0.0},{"period":"2024-05","brand_revenue":0.0,"category_revenue":542202.890625,"share_pct":0.0},{"period":"2024-06","brand_revenue":0.0,"category_revenue":507288.8671875,"share_pct":0.0},{"period":"2024-07","brand_revenue":0.0,"category_revenue":524250.9765625,"share_pct":0.0},{"period":"2024-08","brand_revenue":0.0,"category_revenue":612518.7109375,"share_pct":0.0},{"period":"2024-09","brand_revenue":0.0,"category_revenue":586543.0078125,"share_pct":0.0},{"period":"2024-10","brand_revenue":0.0,"category_revenue":641449.1796875,"share_pct":0.0},{"period":"2024-11","brand_revenue":0.0,"category_revenue":579866.71875,"share_pct":0.0},{"period":"2024-12","brand_revenue":0.0,"category_revenue":582999.5703125,"share_pct":0.0},{"period":"2025-01","brand_revenue":0.0,"category_revenue":544095.3125,"share_pct":0.0},{"period":"2025-02","brand_revenue":0.0,"category_revenue":500875.5859375,"share_pct":0.0},{"period":"2025-03","brand_revenue":0.0,"category_revenue":551422.0703125,"share_pct":0.0},{"period":"2025-04","brand_revenue":0.0,"category_revenue":568189.375,"share_pct":0.0},{"period":"2025-05","brand_revenue":0.0,"category_revenue":565516.875,"share_pct":0.0},{"period":"2025-06","brand_revenue":346.50001525878906,"category_revenue":560506.71875,"share_pct":0.10000000149011612},{"period":"2025-07","brand_revenue":3477.2500610351562,"category_revenue":600916.09375,"share_pct":0.6000000238418579},{"period":"2025-08","brand_revenue":7415.0,"category_revenue":620247.5,"share_pct":1.2000000476837158},{"period":"2025-09","brand_revenue":13109.89990234375,"category_revenue":608971.09375,"share_pct":2.200000047683716},{"period":"2025-10","brand_revenue":11930.050048828125,"category_revenue":645293.1640625,"share_pct":1.7999999523162842},{"period":"2025-11","brand_revenue":12621.949462890625,"category_revenue":581113.4765625,"share_pct":2.200000047683716},{"period":"2025-12","brand_revenue":9912.000122070312,"category_revenue":553088.5546875,"share_pct":1.7999999523162842},{"period":"2026-01","brand_revenue":6741.0748291015625,"category_revenue":523350.9375,"share_pct":1.2999999523162842}],"INFUSED PRE ROLL":[{"period":"2024-01","brand_revenue":0.0,"category_revenue":410907.8515625,"share_pct":0.0},{"period":"2024-02","brand_revenue":0.0,"category_revenue":458711.484375,"share_pct":0.0},{"period":"2024-03","brand_revenue":0.0,"category_revenue":427464.375,"share_pct":0.0},{"period":"2024-04","brand_revenue":0.0,"category_revenue":428699.9609375,"share_pct":0.0},{"period":"2024-05","brand_revenue":0.0,"category_revenue":501098.3203125,"share_pct":0.0},{"period":"2024-06","brand_revenue":0.0,"category_revenue":477320.78125,"share_pct":0.0},{"period":"2024-07","brand_revenue":0.0,"category_revenue":479382.109375,"share_pct":0.0},{"period":"2024-08","brand_revenue":0.0,"category_revenue":474359.1015625,"share_pct":0.0},{"period":"2024-09","brand_revenue":0.0,"category_revenue":424280.1171875,"share_pct":0.0},{"period":"2024-10","brand_revenue":0.0,"category_revenue":470840.6640625,"share_pct":0.0},{"period":"2024-11","brand_revenue":0.0,"category_revenue":424285.1171875,"share_pct":0.0},{"period":"2024-12","brand_revenue":0.0,"category_revenue":432093.1640625,"share_pct":0.0},{"period":"2025-01","brand_revenue":0.0,"category_revenue":358002.890625,"share_pct":0.0},{"period":"2025-02","brand_revenue":0.0,"category_revenue":325080.17578125,"share_pct":0.0},{"period":"2025-03","brand_revenue":0.0,"category_revenue":347380.078125,"share_pct":0.0},{"period":"2025-04","brand_revenue":0.0,"category_revenue":401341.40625,"share_pct":0.0},{"period":"2025-05","brand_revenue":0.0,"category_revenue":378076.09375,"share_pct":0.0},{"period":"2025-06","brand_revenue":717.5,"category_revenue":354019.6484375,"share_pct":0.20000000298023224},{"period":"2025-07","brand_revenue":5252.5,"category_revenue":416008.203125,"share_pct":1.2999999523162842},{"period":"2025-08","brand_revenue":658.0000305175781,"category_revenue":425283.28125,"share_pct":0.20000000298023224},{"period":"2025-09","brand_revenue":0.0,"category_revenue":378313.75,"share_pct":0.0},{"period":"2025-10","brand_revenue":3069.5001220703125,"category_revenue":389168.3203125,"share_pct":0.800000011920929},{"period":"2025-11","brand_revenue":5912.6251220703125,"category_revenue":390541.3671875,"share_pct":1.5},{"period":"2025-12","brand_revenue":1027.5,"category_revenue":392812.34375,"share_pct":0.30000001192092896},{"period":"2026-01","brand_revenue":4044.5001220703125,"category_revenue":342630.7421875,"share_pct":1.2000000476837158}],"CONCENTRATE":[{"period":"2024-01","brand_revenue":0.0,"category_revenue":351129.609375,"share_pct":0.0},{"period":"2024-02","brand_revenue":0.0,"category_revenue":371224.4921875,"share_pct":0.0},{"period":"2024-03","brand_revenue":0.0,"category_revenue":375964.296875,"share_pct":0.0},{"period":"2024-04","brand_revenue":0.0,"category_revenue":352745.859375,"share_pct":0.0},{"period":"2024-05","brand_revenue":0.0,"category_revenue":346027.5,"share_pct":0.0},{"period":"2024-06","brand_revenue":0.0,"category_revenue":310723.3984375,"share_pct":0.0},{"period":"2024-07","brand_revenue":0.0,"category_revenue":336220.078125,"share_pct":0.0},{"period":"2024-08","brand_revenue":0.0,"category_revenue":324004.04296875,"share_pct":0.0},{"period":"2024-09","brand_revenue":0.0,"category_revenue":326834.1796875,"share_pct":0.0},{"period":"2024-10","brand_revenue":0.0,"category_revenue":324500.859375,"share_pct":0.0},{"period":"2024-11","brand_revenue":0.0,"category_revenue":351240.0390625,"share_pct":0.0},{"period":"2024-12","brand_revenue":0.0,"category_revenue":324145.4296875,"share_pct":0.0},{"period":"2025-01","brand_revenue":0.0,"category_revenue":325749.19921875,"share_pct":0.0},{"period":"2025-02","brand_revenue":0.0,"category_revenue":300499.0234375,"share_pct":0.0},{"period":"2025-03","brand_revenue":0.0,"category_revenue":298171.5234375,"share_pct":0.0},{"period":"2025-04","brand_revenue":0.0,"category_revenue":343355.625,"share_pct":0.0},{"period":"2025-05","brand_revenue":0.0,"category_revenue":288836.62109375,"share_pct":0.0},{"period":"2025-06","brand_revenue":0.0,"category_revenue":280928.33984375,"share_pct":0.0},{"period":"2025-07","brand_revenue":0.0,"category_revenue":283604.1796875,"share_pct":0.0},{"period":"2025-08","brand_revenue":0.0,"category_revenue":274773.76953125,"share_pct":0.0},{"period":"2025-09","brand_revenue":0.0,"category_revenue":264599.19921875,"share_pct":0.0},{"period":"2025-10","brand_revenue":255.0,"category_revenue":277515.46875,"share_pct":0.10000000149011612},{"period":"2025-11","brand_revenue":0.0,"category_revenue":295773.3203125,"share_pct":0.0},{"period":"2025-12","brand_revenue":0.0,"category_revenue":267042.05078125,"share_pct":0.0},{"period":"2026-01","brand_revenue":0.0,"category_revenue":270749.70703125,"share_pct":0.0}]},"discount_depth":[{"tier":"0% (Full Price)","transactions":2438,"pct_of_transactions":22.5,"revenue":82860.0,"avg_discount":0.0},{"tier":"1-10%","transactions":254,"pct_of_transactions":2.3,"revenue":9731.250610351562,"avg_discount":20.0},{"tier":"11-20%","transactions":120,"pct_of_transactions":1.1,"revenue":3286.2249755859375,"avg_discount":35.79999923706055},{"tier":"21-30%","transactions":5044,"pct_of_transactions":46.5,"revenue":191704.9609375,"avg_discount":49.599998474121094},{"tier":"31%+","transactions":1012,"pct_of_transactions":9.3,"revenue":26699.7509765625,"avg_discount":97.4000015258789}],"velocity":{"units_per_day":50.56,"revenue_per_day":1631.6499328613281,"avg_units_per_txn":2.82,"days_of_data":248,"total_units":12540,"total_transactions":8904},"velocity_by_category":[{"category":"FLOWER","brand_units_per_day":9.2,"category_avg_units_per_day":55.54,"velocity_index":16.6,"brand_rev_per_unit":36.0,"category_rev_per_unit":22.97,"brands_in_category":64},{"category":"PRE ROLL","brand_units_per_day":6.2,"category_avg_units_per_day":42.38,"velocity_index":14.6,"brand_rev_per_unit":11.09,"category_rev_per_unit":7.54,"brands_in_category":46},{"category":"INFUSED PRE ROLL","brand_units_per_day":0.98,"category_avg_units_per_day":25.62,"velocity_index":3.8,"brand_rev_per_unit":22.3,"category_rev_per_unit":16.9,"brands_in_category":25},{"category":"CONCENTRATE","brand_units_per_day":0.0,"category_avg_units_per_day":15.38,"velocity_index":0.0,"brand_rev_per_unit":51.0,"category_rev_per_unit":19.88,"brands_in_category":27},{"category":0.0,"brand_units_per_day":0.0,"category_avg_units_per_day":0,"velocity_index":0,"brand_rev_per_unit":0.0,"category_rev_per_unit":0.0,"brands_in_category":0}],"deals":[{"deal_name":"Lit4Less - 1/4 for $75","times_used":1852,"units":3004.0,"revenue":140359.10000562668,"discounts":36265.90000152588,"cost":69343.22332382202,"profit":71015.87664812803,"pre_discount_revenue":176625.0,"margin":50.6,"avg_discount":41.0},{"deal_name":"Industry 30% Off","times_used":1764,"units":2347.0,"revenue":76453.35286259651,"discounts":33060.4004740715,"cost":42165.57420492172,"profit":34287.775284051895,"pre_discount_revenue":109513.75,"margin":44.8,"avg_discount":60.4},{"deal_name":"Lit4Less - Premium PR - 5 for $50","times_used":946,"units":1848.0,"revenue":23088.537499904633,"discounts":9263.962500095367,"cost":9240.0,"profit":13848.537500053644,"pre_discount_revenue":32352.5,"margin":60.0,"avg_discount":57.2},{"deal_name":"50% Off - G2B","times_used":508,"units":731.0,"revenue":15984.325001239777,"discounts":16239.424998760223,"cost":12135.56227684021,"profit":3848.7624545115978,"pre_discount_revenue":32223.75,"margin":24.1,"avg_discount":100.8},{"deal_name":"Employee 30% - NOT FRIDAYS","times_used":128,"units":162.0,"revenue":4640.300174951553,"discounts":2167.2000217437744,"cost":2547.6749515533447,"profit":2092.625026702881,"pre_discount_revenue":6807.5,"margin":45.1,"avg_discount":63.6},{"deal_name":"Jackpot - Locals 30% Off","times_used":114,"units":180.0,"revenue":5834.500248432159,"discounts":2500.5000472068787,"cost":3161.4999294281006,"profit":2673.0000233650208,"pre_discount_revenue":8335.0,"margin":45.8,"avg_discount":60.0},{"deal_name":"30% Off Special","times_used":102,"units":124.0,"revenue":4117.875167131424,"discounts":1787.1250402927399,"cost":2275.299940109253,"profit":1842.5750204920769,"pre_discount_revenue":5905.0,"margin":44.7,"avg_discount":60.6},{"deal_name":"Senior - 10% Off","times_used":90,"units":100.0,"revenue":3422.4999874830246,"discounts":489.9999913573265,"cost":1468.8249778747559,"profit":1953.6750078201294,"pre_discount_revenue":3912.5,"margin":57.1,"avg_discount":25.0},{"deal_name":"Employee - 40% OFF","times_used":68,"units":78.0,"revenue":1859.0875068306923,"discounts":1533.4124732017517,"cost":1309.899983406067,"profit":549.1875097155571,"pre_discount_revenue":3392.5,"margin":29.5,"avg_discount":90.4},{"deal_name":"Veterans - 10% Off","times_used":60,"units":62.0,"revenue":2478.499984741211,"discounts":286.49999111890793,"cost":1044.349980354309,"profit":1434.14999127388,"pre_discount_revenue":2765.0,"margin":57.9,"avg_discount":20.8},{"deal_name":"GLP / Natures / TGC / Backpack Boyz","times_used":54,"units":80.0,"revenue":3750.0,"discounts":950.0,"cost":1862.5999546051025,"profit":1887.4000453948975,"pre_discount_revenue":4700.0,"margin":50.3,"avg_discount":40.4},{"deal_name":"40% Off Special","times_used":44,"units":52.0,"revenue":1319.9999809265137,"discounts":879.9999761581421,"cost":817.9999923706055,"profit":502.0000123977661,"pre_discount_revenue":2200.0,"margin":38.0,"avg_discount":80.0},{"deal_name":"Senior / Veterans - 20% Off","times_used":40,"units":39.0,"revenue":918.249979019165,"discounts":251.7499941587448,"cost":404.92499351501465,"profit":513.3249905705452,"pre_discount_revenue":1170.0,"margin":55.9,"avg_discount":43.0},{"deal_name":"Store Credit - $15","times_used":36,"units":37.0,"revenue":1167.799996137619,"discounts":752.200003862381,"cost":739.9374842643738,"profit":427.86250275559723,"pre_discount_revenue":1920.0,"margin":36.6,"avg_discount":78.4},{"deal_name":"Store Credit - $25","times_used":36,"units":27.0,"revenue":780.0749969482422,"discounts":594.9250018596649,"cost":530.9624886512756,"profit":249.11250159144402,"pre_discount_revenue":1375.0,"margin":31.9,"avg_discount":86.6},{"deal_name":"Sammy Davis Early Bird - 15% Off","times_used":30,"units":30.0,"revenue":575.8749866485596,"discounts":101.62499666213989,"cost":215.99999904632568,"profit":359.87500190734863,"pre_discount_revenue":677.5,"margin":62.5,"avg_discount":30.0},{"deal_name":"LVAC - 25% Off","times_used":16,"units":16.0,"revenue":643.125,"discounts":214.375,"cost":331.9499921798706,"profit":311.1750078201294,"pre_discount_revenue":857.5,"margin":48.4,"avg_discount":50.0},{"deal_name":"Store Credit - $50","times_used":12,"units":7.0,"revenue":146.38750046491623,"discounts":223.61249923706055,"cost":142.98749685287476,"profit":3.4000006318092346,"pre_discount_revenue":370.0,"margin":2.3,"avg_discount":120.8},{"deal_name":"The Growers Circle - 1/4 for $75","times_used":10,"units":26.0,"revenue":1195.0,"discounts":332.5,"cost":735.9999990463257,"profit":459.0000009536743,"pre_discount_revenue":1527.5,"margin":38.4,"avg_discount":43.6},{"deal_name":"35% Off Special","times_used":6,"units":10.0,"revenue":381.87499046325684,"discounts":205.62500953674316,"cost":229.99999523162842,"profit":151.87499523162842,"pre_discount_revenue":587.5,"margin":39.8,"avg_discount":70.0},{"deal_name":"Store Credit - $75","times_used":4,"units":2.0,"revenue":49.5374995470047,"discounts":67.96249866485596,"cost":45.999999046325684,"profit":3.5374999046325684,"pre_discount_revenue":117.5,"margin":7.1,"avg_discount":115.6},{"deal_name":"Main St Happy Hour - 25% Off","times_used":2,"units":2.0,"revenue":26.25,"discounts":8.75,"cost":10.0,"profit":16.25,"pre_discount_revenue":35.0,"margin":61.9,"avg_discount":50.0},{"deal_name":"Medical - 10%","times_used":2,"units":4.0,"revenue":126.00000381469727,"discounts":13.999999761581421,"cost":50.0,"profit":75.99999904632568,"pre_discount_revenue":140.0,"margin":60.3,"avg_discount":20.0}],"top_products":[{"product":"WHITE GUAVA GELATO EIGHTH - BACKPACK BOYZ","units":1262,"revenue":57786.6748046875,"cost":29020.498046875,"profit":28766.17431640625,"transactions":1128,"margin":49.79999923706055},{"product":"WHITE CHERRY GELATO EIGHTH - BACKPACK BOYZ","units":1054,"revenue":47185.4248046875,"cost":24238.22509765625,"profit":22947.19970703125,"transactions":838,"margin":48.599998474121094},{"product":"ZERBERT EIGHTH - BACKPACK BOYZ","units":1018,"revenue":45242.67578125,"cost":23407.80029296875,"profit":21834.87548828125,"transactions":894,"margin":48.29999923706055},{"product":"40 ELEPHANTS EIGHTH - BACKPACK BOYZ","units":614,"revenue":27203.125,"cost":14119.5751953125,"profit":13083.5498046875,"transactions":530,"margin":48.099998474121094},{"product":"THE KIMBER EIGHTH - BACKPACK BOYZ","units":538,"revenue":25124.7509765625,"cost":13764.07470703125,"profit":11360.675048828125,"transactions":478,"margin":45.20000076293945},{"product":"STACKZ EIGHTH - BACKPACK BOYZ","units":498,"revenue":24450.673828125,"cost":12477.2998046875,"profit":11973.375244140625,"transactions":418,"margin":49.0},{"product":"BLUE GUAVA GELATO EIGHTH - BACKPACK BOYZ","units":518,"revenue":23435.74951171875,"cost":11910.499267578125,"profit":11525.250244140625,"transactions":454,"margin":49.20000076293945},{"product":"LEMON CHERRY GELATO EIGHTH - BACKPACK BOYZ","units":478,"revenue":22174.3505859375,"cost":10990.899658203125,"profit":11183.44970703125,"transactions":370,"margin":50.400001525878906},{"product":"ZMOKERS CLUB PRE ROLL - BACKBACK BOYZ","units":1028,"revenue":13843.800048828125,"cost":5140.0,"profit":8703.800048828125,"transactions":838,"margin":62.900001525878906},{"product":"BLACK CHERRY GELATO PRE ROLL - BACKPACK BOYZ","units":1010,"revenue":13829.024658203125,"cost":5050.0,"profit":8779.025268554688,"transactions":884,"margin":63.5},{"product":"CRUNCH BERRIEZ EIGHTH - BACKPACK BOYZ","units":300,"revenue":12818.00048828125,"cost":6900.0,"profit":5917.9998779296875,"transactions":272,"margin":46.20000076293945},{"product":"WHITE GUAVA GELATO PRE ROLL - BACKPACK BOYZ","units":756,"revenue":10722.650146484375,"cost":3780.0,"profit":6942.650146484375,"transactions":664,"margin":64.69999694824219},{"product":"C. BERRIEZ EIGHTH - BACKPACK BOYZ","units":250,"revenue":10212.950439453125,"cost":5749.5001220703125,"profit":4463.450012207031,"transactions":224,"margin":43.70000076293945},{"product":"LEMON CHERRY GELATO PRE ROLL - BACKPACK BOYZ","units":636,"revenue":8742.750244140625,"cost":3180.0,"profit":5562.750244140625,"transactions":558,"margin":63.599998474121094},{"product":"ZMOKERS CLUB EIGHTH - BACKPACK BOYS","units":204,"revenue":8401.400146484375,"cost":4691.6497802734375,"profit":3709.7500610351562,"transactions":182,"margin":44.20000076293945},{"product":"PREZZURE EIGHTH - BACKPACK BOYZ","units":204,"revenue":8362.999877929688,"cost":4691.7999267578125,"profit":3671.199951171875,"transactions":176,"margin":43.900001525878906},{"product":"BLUE GUAVA GELATO PRE ROLL - BACKPACK BOYZ","units":554,"revenue":7780.250244140625,"cost":2770.0,"profit":5010.249938964844,"transactions":504,"margin":64.4000015258789},{"product":"ZMOKERS CLUB HASH ROSIN INFUSED PRE ROLL - BACKPACK BOYZ","units":236,"revenue":6433.499755859375,"cost":2950.0,"profit":3483.5000610351562,"transactions":208,"margin":54.099998474121094},{"product":"ZERBERT PRE ROLL - BACKPACK BOYZ","units":400,"revenue":5762.5,"cost":2000.0,"profit":3762.5,"transactions":360,"margin":65.30000305175781},{"product":"WHITE GUAVA GELATO HASH ROSIN INFUSED PRE ROLL - BACKPACK BOYZ","units":132,"revenue":3705.7501220703125,"cost":1650.0,"profit":2055.749969482422,"transactions":118,"margin":55.5},{"product":"LEMONZ AND CHERRIEZ HASH ROSIN INFUSED PRE ROLL - BACKPACK BOYZ","units":114,"revenue":3433.5000610351562,"cost":1425.0,"profit":2008.5000610351562,"transactions":108,"margin":58.5},{"product":"LEMONZ AND CHERRIEZ PRE ROLL - BACKPACK BOYZ","units":222,"revenue":3245.0,"cost":1110.0,"profit":2135.0,"transactions":202,"margin":65.80000305175781},{"product":"LEMON CHERRY GUAVA HASH ROSIN INFUSED PRE ROLL - BACKPACK BOYZ","units":122,"revenue":3107.8750610351562,"cost":1525.0,"profit":1582.8750610351562,"transactions":102,"margin":50.900001525878906},{"product":"SUGAR FACTORY EIGHTH - BACKPACK BOYZ","units":58,"revenue":2626.25,"cost":1333.9999389648438,"profit":1292.2500610351562,"transactions":48,"margin":49.20000076293945},{"product":"LEMONZ AND CHERRIEZ EIGHTH - BACKPACK BOYZ","units":48,"revenue":2078.300018310547,"cost":1103.3999633789062,"profit":974.9000549316406,"transactions":40,"margin":46.900001525878906}],"products_by_store":{"Elevation Springs":[{"product":"ZERBERT EIGHTH - BACKPACK BOYZ","units":308,"revenue":13524.300537109375,"cost":7081.6998291015625,"profit":6442.60009765625,"transactions":282,"margin":47.599998474121094},{"product":"WHITE GUAVA GELATO EIGHTH - BACKPACK BOYZ","units":258,"revenue":11252.5,"cost":5932.674560546875,"profit":5319.8248291015625,"transactions":238,"margin":47.29999923706055},{"product":"WHITE CHERRY GELATO EIGHTH - BACKPACK BOYZ","units":198,"revenue":8736.174926757812,"cost":4552.724914550781,"profit":4183.450012207031,"transactions":162,"margin":47.900001525878906},{"product":"C. BERRIEZ EIGHTH - BACKPACK BOYZ","units":198,"revenue":7937.7252197265625,"cost":4553.999938964844,"profit":3383.7249755859375,"transactions":178,"margin":42.599998474121094},{"product":"THE KIMBER EIGHTH - BACKPACK BOYZ","units":168,"revenue":7650.0,"cost":4104.8748779296875,"profit":3545.1251220703125,"transactions":160,"margin":46.29999923706055},{"product":"BLUE GUAVA GELATO EIGHTH - BACKPACK BOYZ","units":150,"revenue":6851.7498779296875,"cost":3448.1747436523438,"profit":3403.5751342773438,"transactions":142,"margin":49.70000076293945},{"product":"STACKZ EIGHTH - BACKPACK BOYZ","units":90,"revenue":4330.7501220703125,"cost":2300.0,"profit":2030.7499694824219,"transactions":74,"margin":46.900001525878906},{"product":"40 ELEPHANTS EIGHTH - BACKPACK BOYZ","units":100,"revenue":4320.250244140625,"cost":2300.0,"profit":2020.2499389648438,"transactions":88,"margin":46.79999923706055},{"product":"PREZZURE EIGHTH - BACKPACK BOYZ","units":98,"revenue":3893.0001831054688,"cost":2253.9999389648438,"profit":1638.9999389648438,"transactions":82,"margin":42.099998474121094},{"product":"BLACK CHERRY GELATO PRE ROLL - BACKPACK BOYZ","units":258,"revenue":3339.2498779296875,"cost":1290.0,"profit":2049.250030517578,"transactions":204,"margin":61.400001525878906},{"product":"LEMON CHERRY GELATO EIGHTH - BACKPACK BOYZ","units":50,"revenue":2333.75,"cost":1150.0,"profit":1183.75,"transactions":42,"margin":50.70000076293945},{"product":"ZMOKERS CLUB PRE ROLL - BACKBACK BOYZ","units":176,"revenue":2292.5,"cost":880.0,"profit":1412.5,"transactions":118,"margin":61.599998474121094},{"product":"BLUE GUAVA GELATO PRE ROLL - BACKPACK BOYZ","units":164,"revenue":2085.749969482422,"cost":820.0,"profit":1265.7499694824219,"transactions":148,"margin":60.70000076293945},{"product":"ZMOKERS CLUB EIGHTH - BACKPACK BOYS","units":44,"revenue":1634.6749877929688,"cost":1011.9999694824219,"profit":622.6750183105469,"transactions":38,"margin":38.099998474121094},{"product":"WHITE GUAVA GELATO PRE ROLL - BACKPACK BOYZ","units":100,"revenue":1428.0000305175781,"cost":500.0,"profit":928.0000305175781,"transactions":82,"margin":65.0}],"Elevation Mesa":[{"product":"WHITE CHERRY GELATO EIGHTH - BACKPACK BOYZ","units":276,"revenue":11660.650634765625,"cost":6347.349853515625,"profit":5313.3001708984375,"transactions":228,"margin":45.599998474121094},{"product":"WHITE GUAVA GELATO EIGHTH - BACKPACK BOYZ","units":152,"revenue":6532.750244140625,"cost":3495.1498413085938,"profit":3037.60009765625,"transactions":136,"margin":46.5},{"product":"ZERBERT EIGHTH - BACKPACK BOYZ","units":148,"revenue":6400.0,"cost":3402.7499389648438,"profit":2997.2500610351562,"transactions":120,"margin":46.79999923706055},{"product":"CRUNCH BERRIEZ EIGHTH - BACKPACK BOYZ","units":150,"revenue":6090.3753662109375,"cost":3450.0,"profit":2640.3750610351562,"transactions":144,"margin":43.400001525878906},{"product":"LEMON CHERRY GELATO EIGHTH - BACKPACK BOYZ","units":108,"revenue":4922.5,"cost":2482.6498413085938,"profit":2439.8500061035156,"transactions":84,"margin":49.599998474121094},{"product":"THE KIMBER EIGHTH - BACKPACK BOYZ","units":102,"revenue":4855.625,"cost":2644.89990234375,"profit":2210.72509765625,"transactions":90,"margin":45.5},{"product":"40 ELEPHANTS EIGHTH - BACKPACK BOYZ","units":100,"revenue":4297.250061035156,"cost":2299.375,"profit":1997.8750610351562,"transactions":98,"margin":46.5},{"product":"STACKZ EIGHTH - BACKPACK BOYZ","units":72,"revenue":3501.7498779296875,"cost":1782.3500061035156,"profit":1719.4000244140625,"transactions":68,"margin":49.099998474121094},{"product":"BLUE GUAVA GELATO EIGHTH - BACKPACK BOYZ","units":64,"revenue":2611.25,"cost":1471.9999694824219,"profit":1139.2500305175781,"transactions":52,"margin":43.599998474121094},{"product":"ZMOKERS CLUB PRE ROLL - BACKBACK BOYZ","units":202,"revenue":2482.2500610351562,"cost":1010.0,"profit":1472.2500610351562,"transactions":186,"margin":59.29999923706055},{"product":"SUGAR FACTORY EIGHTH - BACKPACK BOYZ","units":50,"revenue":2251.25,"cost":1150.0,"profit":1101.25,"transactions":42,"margin":48.900001525878906},{"product":"WHITE GUAVA GELATO PRE ROLL - BACKPACK BOYZ","units":154,"revenue":1957.7499389648438,"cost":770.0,"profit":1187.750015258789,"transactions":146,"margin":60.70000076293945},{"product":"LEMON CHERRY GELATO PRE ROLL - BACKPACK BOYZ","units":152,"revenue":1883.5000610351562,"cost":760.0,"profit":1123.499984741211,"transactions":144,"margin":59.599998474121094},{"product":"PREZZURE EIGHTH - BACKPACK BOYZ","units":48,"revenue":1831.25,"cost":1104.000015258789,"profit":727.2499847412109,"transactions":44,"margin":39.70000076293945},{"product":"ZMOKERS CLUB EIGHTH - BACKPACK BOYS","units":50,"revenue":1526.1000061035156,"cost":1150.0,"profit":376.1000061035156,"transactions":46,"margin":24.600000381469727}],"Elevation Oasis":[{"product":"WHITE CHERRY GELATO EIGHTH - BACKPACK BOYZ","units":294,"revenue":13836.35009765625,"cost":6760.9246826171875,"profit":7075.4254150390625,"transactions":212,"margin":51.099998474121094},{"product":"WHITE GUAVA GELATO EIGHTH - BACKPACK BOYZ","units":200,"revenue":9557.974853515625,"cost":4599.9749755859375,"profit":4958.000183105469,"transactions":154,"margin":51.900001525878906},{"product":"STACKZ EIGHTH - BACKPACK BOYZ","units":150,"revenue":7285.0,"cost":3449.949951171875,"profit":3835.050048828125,"transactions":112,"margin":52.599998474121094},{"product":"LEMON CHERRY GELATO EIGHTH - BACKPACK BOYZ","units":154,"revenue":7174.3499755859375,"cost":3540.474853515625,"profit":3633.8751220703125,"transactions":114,"margin":50.70000076293945},{"product":"40 ELEPHANTS EIGHTH - BACKPACK BOYZ","units":100,"revenue":4446.499938964844,"cost":2300.0,"profit":2146.5000915527344,"transactions":80,"margin":48.29999923706055},{"product":"BLUE GUAVA GELATO EIGHTH - BACKPACK BOYZ","units":60,"revenue":2764.8748779296875,"cost":1379.2498779296875,"profit":1385.625,"transactions":38,"margin":50.099998474121094},{"product":"PREZZURE EIGHTH - BACKPACK BOYZ","units":58,"revenue":2638.75,"cost":1333.800048828125,"profit":1304.949951171875,"transactions":50,"margin":49.5},{"product":"ZERBERT EIGHTH - BACKPACK BOYZ","units":50,"revenue":2309.7000122070312,"cost":1150.0,"profit":1159.7000122070312,"transactions":38,"margin":50.20000076293945},{"product":"C. BERRIEZ EIGHTH - BACKPACK BOYZ","units":52,"revenue":2275.225067138672,"cost":1195.4999542236328,"profit":1079.7250366210938,"transactions":46,"margin":47.5},{"product":"CRUNCH BERRIEZ EIGHTH - BACKPACK BOYZ","units":50,"revenue":2263.249969482422,"cost":1150.0,"profit":1113.2500457763672,"transactions":38,"margin":49.20000076293945},{"product":"BLACK CHERRY GELATO PRE ROLL - BACKPACK BOYZ","units":128,"revenue":1626.0000610351562,"cost":640.0,"profit":985.9999847412109,"transactions":108,"margin":60.599998474121094},{"product":"ZMOKERS CLUB PRE ROLL - BACKBACK BOYZ","units":124,"revenue":1618.0499267578125,"cost":620.0,"profit":998.0500030517578,"transactions":98,"margin":61.70000076293945},{"product":"ZMOKERS CLUB EIGHTH - BACKPACK BOYS","units":30,"revenue":1384.2500305175781,"cost":689.949951171875,"profit":694.3000030517578,"transactions":22,"margin":50.20000076293945},{"product":"LEMON CHERRY GELATO PRE ROLL - BACKPACK BOYZ","units":96,"revenue":1244.4999694824219,"cost":480.0,"profit":764.4999694824219,"transactions":86,"margin":61.400001525878906},{"product":"ZMOKERS CLUB HASH ROSIN INFUSED PRE ROLL - BACKPACK BOYZ","units":46,"revenue":1028.9999389648438,"cost":575.0,"profit":454.00001525878906,"transactions":40,"margin":44.099998474121094}],"Elevation Downtown":[{"product":"LEMON CHERRY GELATO EIGHTH - BACKPACK BOYZ","units":50,"revenue":2391.999969482422,"cost":1150.0,"profit":1242.0000457763672,"transactions":38,"margin":51.900001525878906},{"product":"WHITE GUAVA GELATO EIGHTH - BACKPACK BOYZ","units":48,"revenue":2309.7500610351562,"cost":1103.9999389648438,"profit":1205.7500457763672,"transactions":46,"margin":52.20000076293945},{"product":"WHITE CHERRY GELATO EIGHTH - BACKPACK BOYZ","units":50,"revenue":2304.1250610351562,"cost":1150.0,"profit":1154.124984741211,"transactions":48,"margin":50.099998474121094},{"product":"BLUE GUAVA GELATO EIGHTH - BACKPACK BOYZ","units":40,"revenue":1876.7500305175781,"cost":920.0,"profit":956.7500305175781,"transactions":36,"margin":51.0},{"product":"BLACK CHERRY GELATO PRE ROLL - BACKPACK BOYZ","units":94,"revenue":1250.1249694824219,"cost":470.0,"profit":780.1249694824219,"transactions":80,"margin":62.400001525878906},{"product":"ZERBERT EIGHTH - BACKPACK BOYZ","units":24,"revenue":1114.000015258789,"cost":552.0000076293945,"profit":562.0000076293945,"transactions":20,"margin":50.400001525878906},{"product":"ZMOKERS CLUB PRE ROLL - BACKBACK BOYZ","units":78,"revenue":1004.7499847412109,"cost":390.0,"profit":614.7499847412109,"transactions":52,"margin":61.20000076293945},{"product":"STACKZ EIGHTH - BACKPACK BOYZ","units":20,"revenue":949.7499847412109,"cost":460.0,"profit":489.7500228881836,"transactions":20,"margin":51.599998474121094},{"product":"WHITE GUAVA GELATO PRE ROLL - BACKPACK BOYZ","units":50,"revenue":685.7499694824219,"cost":250.0,"profit":435.75000762939453,"transactions":42,"margin":63.5},{"product":"WHITE CHERRY GELATO PRE ROLL - BACKPACK BOYZ","units":48,"revenue":666.9999694824219,"cost":240.0,"profit":427.00000762939453,"transactions":38,"margin":64.0},{"product":"LEMON CHERRY GELATO PRE ROLL - BACKPACK BOYZ","units":50,"revenue":633.2500076293945,"cost":250.0,"profit":383.25000762939453,"transactions":40,"margin":60.5},{"product":"BLUE GUAVA GELATO PRE ROLL - BACKPACK BOYZ","units":48,"revenue":630.0,"cost":240.0,"profit":390.0,"transactions":42,"margin":61.900001525878906},{"product":"STACKZ PRE ROLL - BACKPACK BOYZ","units":38,"revenue":484.74998474121094,"cost":190.0,"profit":294.75000381469727,"transactions":26,"margin":60.79999923706055},{"product":"SUGAR FACTORY EIGHTH - BACKPACK BOYZ","units":8,"revenue":375.0,"cost":183.99999618530273,"profit":191.00000381469727,"transactions":6,"margin":50.900001525878906},{"product":"KIMBER HASH ROSIN INFUSED PRE ROLL - BACKPACK BOYZ","units":10,"revenue":301.00000381469727,"cost":125.0,"profit":176.00000381469727,"transactions":8,"margin":58.5}],"Elevation Midtown":[{"product":"WHITE GUAVA GELATO EIGHTH - BACKPACK BOYZ","units":182,"revenue":8327.750244140625,"cost":4183.974914550781,"profit":4143.7750244140625,"transactions":154,"margin":49.79999923706055},{"product":"ZERBERT EIGHTH - BACKPACK BOYZ","units":148,"revenue":6788.75,"cost":3402.1499633789062,"profit":3386.6000366210938,"transactions":124,"margin":49.900001525878906},{"product":"THE KIMBER EIGHTH - BACKPACK BOYZ","units":100,"revenue":4770.874938964844,"cost":2586.875,"profit":2184.0000915527344,"transactions":72,"margin":45.79999923706055},{"product":"40 ELEPHANTS EIGHTH - BACKPACK BOYZ","units":100,"revenue":4576.125183105469,"cost":2298.75,"profit":2277.375030517578,"transactions":90,"margin":49.79999923706055},{"product":"ZMOKERS CLUB EIGHTH - BACKPACK BOYS","units":50,"revenue":2511.25,"cost":1149.7000122070312,"profit":1361.5499877929688,"transactions":46,"margin":54.20000076293945},{"product":"STACKZ EIGHTH - BACKPACK BOYZ","units":42,"revenue":2119.250030517578,"cost":1207.5,"profit":911.7500305175781,"transactions":36,"margin":43.0},{"product":"BLUE GUAVA GELATO EIGHTH - BACKPACK BOYZ","units":50,"revenue":2080.749969482422,"cost":1149.375,"profit":931.3750457763672,"transactions":46,"margin":44.79999923706055},{"product":"LEMONZ AND CHERRIEZ EIGHTH - BACKPACK BOYZ","units":48,"revenue":2078.300018310547,"cost":1103.3999633789062,"profit":974.9000549316406,"transactions":40,"margin":46.900001525878906},{"product":"WHITE GUAVA GELATO PRE ROLL - BACKPACK BOYZ","units":98,"revenue":1318.1500244140625,"cost":490.0,"profit":828.1500244140625,"transactions":90,"margin":62.79999923706055},{"product":"ZMOKERS CLUB PRE ROLL - BACKBACK BOYZ","units":100,"revenue":1266.7500305175781,"cost":500.0,"profit":766.7500305175781,"transactions":88,"margin":60.5},{"product":"WHITE CHERRY GELATO EIGHTH - BACKPACK BOYZ","units":28,"revenue":1061.25,"cost":644.0000152587891,"profit":417.24998474121094,"transactions":26,"margin":39.29999923706055},{"product":"LEMON CHERRY GELATO EIGHTH - BACKPACK BOYZ","units":18,"revenue":832.2499847412109,"cost":413.77498626708984,"profit":418.47503662109375,"transactions":16,"margin":50.29999923706055},{"product":"LEMON CHERRY GUAVA EIGHTH - BACKPACK BOYZ","units":10,"revenue":492.99999237060547,"cost":230.0,"profit":262.99999237060547,"transactions":10,"margin":53.29999923706055},{"product":"LEMON CHERRY GUAVA HASH ROSIN INFUSED PRE ROLL - BACKPACK BOYZ","units":12,"revenue":412.99999237060547,"cost":150.0,"profit":262.99999237060547,"transactions":12,"margin":63.70000076293945},{"product":"WHITE GUAVA GELATO HASH ROSIN INFUSED PRE ROLL - BACKPACK BOYZ","units":10,"revenue":256.00000381469727,"cost":125.0,"profit":131.00000381469727,"transactions":10,"margin":51.20000076293945}],"Elevation Boulevard":[{"product":"ZERBERT EIGHTH - BACKPACK BOYZ","units":198,"revenue":8501.425170898438,"cost":4553.949890136719,"profit":3947.4749755859375,"transactions":174,"margin":46.400001525878906},{"product":"WHITE GUAVA GELATO EIGHTH - BACKPACK BOYZ","units":116,"revenue":5304.375,"cost":2667.974853515625,"profit":2636.400146484375,"transactions":112,"margin":49.70000076293945},{"product":"THE KIMBER EIGHTH - BACKPACK BOYZ","units":98,"revenue":4439.375,"cost":2564.5001220703125,"profit":1874.8750305175781,"transactions":92,"margin":42.20000076293945},{"product":"40 ELEPHANTS EIGHTH - BACKPACK BOYZ","units":96,"revenue":4302.749938964844,"cost":2208.000030517578,"profit":2094.7500610351562,"transactions":80,"margin":48.70000076293945},{"product":"STACKZ EIGHTH - BACKPACK BOYZ","units":50,"revenue":2406.0499572753906,"cost":1437.5,"profit":968.5500335693359,"transactions":38,"margin":40.29999923706055},{"product":"BLUE GUAVA GELATO EIGHTH - BACKPACK BOYZ","units":50,"revenue":2115.500030517578,"cost":1149.7000122070312,"profit":965.8000183105469,"transactions":48,"margin":45.70000076293945},{"product":"LEMON CHERRY GELATO EIGHTH - BACKPACK BOYZ","units":48,"revenue":2112.7500915527344,"cost":1103.9999389648438,"profit":1008.75,"transactions":40,"margin":47.70000076293945},{"product":"WHITE CHERRY GELATO EIGHTH - BACKPACK BOYZ","units":46,"revenue":2051.25,"cost":1057.9999542236328,"profit":993.2499694824219,"transactions":38,"margin":48.400001525878906},{"product":"BLACK CHERRY GELATO PRE ROLL - BACKPACK BOYZ","units":132,"revenue":1791.1500549316406,"cost":660.0,"profit":1131.1499786376953,"transactions":124,"margin":63.20000076293945},{"product":"BLUE GUAVA GELATO PRE ROLL - BACKPACK BOYZ","units":98,"revenue":1265.0,"cost":490.0,"profit":775.0,"transactions":90,"margin":61.29999923706055},{"product":"WHITE GUAVA GELATO PRE ROLL - BACKPACK BOYZ","units":90,"revenue":1259.5000457763672,"cost":450.0,"profit":809.5000457763672,"transactions":82,"margin":64.30000305175781},{"product":"ZERBERT PRE ROLL - BACKPACK BOYZ","units":76,"revenue":1011.7500305175781,"cost":380.0,"profit":631.7499923706055,"transactions":74,"margin":62.400001525878906},{"product":"ZMOKERS CLUB HASH ROSIN INFUSED PRE ROLL - BACKPACK BOYZ","units":40,"revenue":985.7500457763672,"cost":500.0,"profit":485.75000762939453,"transactions":34,"margin":49.29999923706055},{"product":"WHITE GUAVA GELATO HASH ROSIN INFUSED PRE ROLL - BACKPACK BOYZ","units":38,"revenue":936.7500305175781,"cost":475.0,"profit":461.7500305175781,"transactions":32,"margin":49.29999923706055},{"product":"ZMOKERS CLUB PRE ROLL - BACKBACK BOYZ","units":66,"revenue":888.0000305175781,"cost":330.0,"profit":557.9999923706055,"transactions":58,"margin":62.79999923706055}],"Elevation Parkway":[{"product":"WHITE GUAVA GELATO EIGHTH - BACKPACK BOYZ","units":306,"revenue":14501.57470703125,"cost":7036.7498779296875,"profit":7464.8248291015625,"transactions":288,"margin":51.5},{"product":"WHITE CHERRY GELATO EIGHTH - BACKPACK BOYZ","units":162,"revenue":7535.625,"cost":3725.2249145507812,"profit":3810.4000854492188,"transactions":124,"margin":50.599998474121094},{"product":"ZERBERT EIGHTH - BACKPACK BOYZ","units":142,"revenue":6604.5001220703125,"cost":3265.2499389648438,"profit":3339.2501831054688,"transactions":136,"margin":50.599998474121094},{"product":"40 ELEPHANTS EIGHTH - BACKPACK BOYZ","units":118,"revenue":5260.250244140625,"cost":2713.4500122070312,"profit":2546.800079345703,"transactions":94,"margin":48.400001525878906},{"product":"BLUE GUAVA GELATO EIGHTH - BACKPACK BOYZ","units":104,"revenue":5134.8748779296875,"cost":2391.999969482422,"profit":2742.8750610351562,"transactions":92,"margin":53.400001525878906},{"product":"BLACK CHERRY GELATO PRE ROLL - BACKPACK BOYZ","units":298,"revenue":4527.5,"cost":1490.0,"profit":3037.5,"transactions":276,"margin":67.0999984741211},{"product":"CRUNCH BERRIEZ EIGHTH - BACKPACK BOYZ","units":100,"revenue":4464.375,"cost":2300.0,"profit":2164.375,"transactions":90,"margin":48.5},{"product":"ZMOKERS CLUB PRE ROLL - BACKBACK BOYZ","units":282,"revenue":4291.499938964844,"cost":1410.0,"profit":2881.4999389648438,"transactions":238,"margin":67.0999984741211},{"product":"STACKZ EIGHTH - BACKPACK BOYZ","units":74,"revenue":3858.125,"cost":1840.0,"profit":2018.125,"transactions":70,"margin":52.29999923706055},{"product":"LEMON CHERRY GELATO PRE ROLL - BACKPACK BOYZ","units":240,"revenue":3705.0,"cost":1200.0,"profit":2505.0,"transactions":218,"margin":67.5999984741211},{"product":"THE KIMBER EIGHTH - BACKPACK BOYZ","units":70,"revenue":3408.8751220703125,"cost":1862.9249572753906,"profit":1545.9500122070312,"transactions":64,"margin":45.400001525878906},{"product":"WHITE GUAVA GELATO PRE ROLL - BACKPACK BOYZ","units":214,"revenue":3407.0001220703125,"cost":1070.0,"profit":2336.999969482422,"transactions":182,"margin":68.5999984741211},{"product":"BLUE GUAVA GELATO PRE ROLL - BACKPACK BOYZ","units":194,"revenue":3156.25,"cost":970.0,"profit":2186.25,"transactions":178,"margin":69.30000305175781},{"product":"ZERBERT PRE ROLL - BACKPACK BOYZ","units":198,"revenue":3015.2499389648438,"cost":990.0,"profit":2025.2499389648438,"transactions":176,"margin":67.19999694824219},{"product":"LEMONZ AND CHERRIEZ HASH ROSIN INFUSED PRE ROLL - BACKPACK BOYZ","units":92,"revenue":2845.4998779296875,"cost":1150.0,"profit":1695.5000305175781,"transactions":88,"margin":59.599998474121094}]},"store_summary":[{"store_clean":"Elevation Parkway","units":3084,"revenue":90056.07421875,"cost":39475.6005859375,"profit":50580.4736328125,"discounts":18548.924560546875,"margin":56.20000076293945,"discount_rate":17.100000381469727},{"store_clean":"Elevation Springs","units":2532,"revenue":84625.0,"cost":43484.150390625,"profit":41140.849609375,"discounts":29705.0,"margin":48.599998474121094,"discount_rate":26.0},{"store_clean":"Elevation Mesa","units":2156,"revenue":68238.9990234375,"cost":35665.52490234375,"profit":32573.4765625,"discounts":26038.5009765625,"margin":47.70000076293945,"discount_rate":27.600000381469727},{"store_clean":"Elevation Oasis","units":1794,"revenue":64653.7744140625,"cost":31141.82373046875,"profit":33511.95068359375,"discounts":17583.7255859375,"margin":51.79999923706055,"discount_rate":21.399999618530273},{"store_clean":"Elevation Boulevard","units":1308,"revenue":40781.12548828125,"cost":20703.62548828125,"profit":20077.5,"discounts":13761.37451171875,"margin":49.20000076293945,"discount_rate":25.200000762939453},{"store_clean":"Elevation Midtown","units":1004,"revenue":39128.44970703125,"cost":19719.49951171875,"profit":19408.9501953125,"discounts":11181.55029296875,"margin":49.599998474121094,"discount_rate":22.200000762939453},{"store_clean":"Elevation Downtown","units":662,"revenue":17166.99951171875,"cost":7750.0,"profit":9417.000122070312,"discounts":4597.9998779296875,"margin":54.900001525878906,"discount_rate":21.100000381469727}],"recommendations":[{"severity":"red","title":"HIGH PROMOTION DEPENDENCY","detail":"Only 20% sells at full price. Heavy discounting required.","action":"Test reducing deal frequency \u2014 track velocity without promos."},{"severity":"info","title":"VOLUME LEVERAGE","detail":"$161,860 revenue provides negotiating leverage.","action":"Use volume as leverage in next vendor meeting."}],"comparison":null}