{"brand":"KING PALM","date_range":"2024-01-01 00:00:00 to 2026-01-31 00:00:00","period_label":"All Time","summary":{"total_units":414,"total_revenue":1266.2999725341797,"total_cost":431.9000244140625,"total_discounts":111.19999885559082,"total_profit":834.4000244140625,"overall_margin":65.9000015258789,"fp_margin":67.5999984741211,"disc_margin":60.5,"pct_full_price":76.0999984741211,"avg_discount_rate":8.100000381469727,"fp_revenue":963.75,"disc_revenue":302.55001068115234,"brand":"KING PALM","date_range":"2024-01-01 00:00:00 to 2026-01-31 00:00:00","primary_category":"ACCESSORY","store_coverage":"4/7","stores_present":["Elevation Springs","Elevation Mesa","Elevation Oasis","Elevation Midtown"],"stores_missing":["Elevation Downtown","Elevation Boulevard","Elevation Parkway"],"velocity_rank":21,"velocity_total":136},"distribution":[{"store":"Elevation Springs","carries_brand":true,"sku_count":10,"revenue":990.2999877929688,"units":352,"store_total_revenue":51138750.0,"brand_share_pct":0.0},{"store":"Elevation Mesa","carries_brand":true,"sku_count":2,"revenue":139.49999809265137,"units":34,"store_total_revenue":47532240.0,"brand_share_pct":0.0},{"store":"Elevation Oasis","carries_brand":true,"sku_count":2,"revenue":22.5,"units":4,"store_total_revenue":56050145.0,"brand_share_pct":0.0},{"store":"Elevation Downtown","carries_brand":false,"sku_count":0,"revenue":0.0,"units":0,"store_total_revenue":1945237.1875,"brand_share_pct":0},{"store":"Elevation Midtown","carries_brand":true,"sku_count":2,"revenue":113.99999618530273,"units":24,"store_total_revenue":30850185.0,"brand_share_pct":0.0},{"store":"Elevation Boulevard","carries_brand":false,"sku_count":0,"revenue":0.0,"units":0,"store_total_revenue":28757865.0,"brand_share_pct":0},{"store":"Elevation Parkway","carries_brand":false,"sku_count":0,"revenue":0.0,"units":0,"store_total_revenue":21987007.5,"brand_share_pct":0}],"share_of_category":[{"category":"ACCESSORY","brand_revenue":1266.2999725341797,"category_revenue":4128754.0625,"revenue_share_pct":0.0,"brand_units":414,"category_units":2130096,"units_share_pct":0.0}],"share_of_category_trend":{"ACCESSORY":[{"period":"2024-01","brand_revenue":0.0,"category_revenue":153543.9453125,"share_pct":0.0},{"period":"2024-02","brand_revenue":0.0,"category_revenue":152399.47265625,"share_pct":0.0},{"period":"2024-03","brand_revenue":0.0,"category_revenue":154678.876953125,"share_pct":0.0},{"period":"2024-04","brand_revenue":0.0,"category_revenue":163353.65234375,"share_pct":0.0},{"period":"2024-05","brand_revenue":0.0,"category_revenue":179676.4453125,"share_pct":0.0},{"period":"2024-06","brand_revenue":0.0,"category_revenue":185008.828125,"share_pct":0.0},{"period":"2024-07","brand_revenue":0.0,"category_revenue":186675.46875,"share_pct":0.0},{"period":"2024-08","brand_revenue":0.0,"category_revenue":180226.328125,"share_pct":0.0},{"period":"2024-09","brand_revenue":0.0,"category_revenue":162386.298828125,"share_pct":0.0},{"period":"2024-10","brand_revenue":0.0,"category_revenue":166088.73046875,"share_pct":0.0},{"period":"2024-11","brand_revenue":0.0,"category_revenue":171706.09375,"share_pct":0.0},{"period":"2024-12","brand_revenue":0.0,"category_revenue":176502.03125,"share_pct":0.0},{"period":"2025-01","brand_revenue":0.0,"category_revenue":167261.34765625,"share_pct":0.0},{"period":"2025-02","brand_revenue":0.0,"category_revenue":155260.927734375,"share_pct":0.0},{"period":"2025-03","brand_revenue":60.0,"category_revenue":176420.390625,"share_pct":0.0},{"period":"2025-04","brand_revenue":81.00000381469727,"category_revenue":182694.82421875,"share_pct":0.0},{"period":"2025-05","brand_revenue":212.00000762939453,"category_revenue":179904.4921875,"share_pct":0.10000000149011612},{"period":"2025-06","brand_revenue":306.42499923706055,"category_revenue":161148.75,"share_pct":0.20000000298023224},{"period":"2025-07","brand_revenue":81.12500190734863,"category_revenue":165549.8046875,"share_pct":0.0},{"period":"2025-08","brand_revenue":33.499999046325684,"category_revenue":171752.05078125,"share_pct":0.0},{"period":"2025-09","brand_revenue":262.62500762939453,"category_revenue":168198.9453125,"share_pct":0.20000000298023224},{"period":"2025-10","brand_revenue":81.25,"category_revenue":171844.55078125,"share_pct":0.0},{"period":"2025-11","brand_revenue":103.87499809265137,"category_revenue":172839.74609375,"share_pct":0.10000000149011612},{"period":"2025-12","brand_revenue":34.50000047683716,"category_revenue":141954.873046875,"share_pct":0.0},{"period":"2026-01","brand_revenue":10.0,"category_revenue":81677.1484375,"share_pct":0.0}]},"velocity_by_category":[{"category":"ACCESSORY","brand_units_per_day":0.54,"category_avg_units_per_day":20.56,"velocity_index":2.6,"brand_rev_per_unit":2.45,"category_rev_per_unit":1.55,"brands_in_category":136}],"store_gaps":[{"store":"Elevation Boulevard","category":"ACCESSORY","category_revenue_at_store":466482.890625,"opportunity":"Brand not carried"},{"store":"Elevation Parkway","category":"ACCESSORY","category_revenue_at_store":435759.453125,"opportunity":"Brand not carried"},{"store":"Elevation Downtown","category":"ACCESSORY","category_revenue_at_store":61539.7021484375,"opportunity":"Brand not carried"}],"product_mix":{"top":[{"product":"CROWN COOKIES KING PALMS WRAPS 2 PK","units":104,"revenue":309.375,"cost":156.00000381469727,"profit":153.37499618530273,"stores":1,"transactions":86,"margin":49.599998474121094},{"product":"KING PALM MINIS PEAR 2PK - KING PALM","units":58,"revenue":253.50000381469727,"cost":72.5,"profit":181.00000381469727,"stores":2,"transactions":56,"margin":71.4000015258789},{"product":"CHERRY BOMB KING PALM WRAPS 2PK","units":90,"revenue":252.80000686645508,"cost":66.37499809265137,"profit":186.42499923706055,"stores":1,"transactions":78,"margin":73.69999694824219},{"product":"GOLDEN MANGO KING PALM WRAPS 2PK","units":70,"revenue":208.125,"cost":51.624999046325684,"profit":156.49999618530273,"stores":1,"transactions":60,"margin":75.19999694824219},{"product":"BERRY TERPS FLAVOR TIPS 2PK - KING PALM","units":74,"revenue":172.00000762939453,"cost":62.89999961853027,"profit":109.10000801086426,"stores":1,"transactions":60,"margin":63.400001525878906},{"product":"BANANA BLAST KING PALM WRAPS 2 PK","units":14,"revenue":48.00000190734863,"cost":17.5,"profit":30.499999523162842,"stores":1,"transactions":12,"margin":63.5},{"product":"KING PALM 5PK - PARADISE","units":4,"revenue":22.5,"cost":5.0,"profit":17.5,"stores":1,"transactions":4,"margin":77.80000305175781}],"bottom":[],"expansion":[{"product":"KING PALM MINIS PEAR 2PK - KING PALM","current_stores":2,"total_stores":4,"missing_stores":["Elevation Springs","Elevation Oasis"],"revenue":253.50000381469727}]},"pricing_consistency":[{"product":"KING PALM MINIS PEAR 2PK - KING PALM","min_price":8.205882240744199,"max_price":9.49999968210856,"avg_price":8.852940961426379,"std_dev":0.3660316873762103,"store_count":4,"price_range":1.294117441364363,"range_pct":14.6}],"promotional_effectiveness":{"lift":{"fp_units_per_day":3.48,"disc_units_per_day":2.68,"lift_pct":-23.0,"fp_avg_revenue_per_unit":6.5,"disc_avg_revenue_per_unit":5.125},"by_deal":[{"deal_name":"Industry 30% Off","uses":22,"revenue":136.49999886751175,"discounts":58.5000005364418,"units":62.0,"cost":57.499999552965164,"margin":57.9,"discount_depth":60.0},{"deal_name":"Veterans - 10% Off","uses":5,"revenue":35.99999964237213,"discounts":4.000000022351742,"units":12.0,"cost":11.624999940395355,"margin":67.7,"discount_depth":20.0},{"deal_name":"Industry - 30% Off","uses":4,"revenue":27.999999523162842,"discounts":12.000000476837158,"units":8.0,"cost":10.0,"margin":64.3,"discount_depth":60.0},{"deal_name":"LVAC - 25% Off","uses":2,"revenue":12.175000011920929,"discounts":4.074999988079071,"units":4.0,"cost":3.9749999344348907,"margin":67.4,"discount_depth":50.2},{"deal_name":"Senior - 10% Off","uses":1,"revenue":8.999999761581421,"discounts":1.0000000149011612,"units":2.0,"cost":2.5,"margin":72.2,"discount_depth":20.0},{"deal_name":"Senior / Veterans - 20% Off","uses":1,"revenue":5.0,"discounts":1.25,"units":2.0,"cost":1.4749999344348907,"margin":70.5,"discount_depth":40.0}]},"growth_opportunities":[{"type":"distribution","title":"Expand to Elevation Downtown","detail":"Store has $24,616 in ACCESSORY \u2014 categories where KING PALM competes.","priority":"high"},{"type":"distribution","title":"Expand to Elevation Boulevard","detail":"Store has $186,593 in ACCESSORY \u2014 categories where KING PALM competes.","priority":"high"},{"type":"distribution","title":"Expand to Elevation Parkway","detail":"Store has $174,304 in ACCESSORY \u2014 categories where KING PALM competes.","priority":"high"},{"type":"sku_expansion","title":"Add 'KING PALM MINIS PEAR 2PK - KING PALM' to 2 more store(s)","detail":"Carried in 2 stores. Missing from: Elevation Springs, Elevation Oasis","priority":"medium"},{"type":"velocity","title":"Improve velocity in ACCESSORY","detail":"Velocity index 3 (below category average). 0.3 units/day vs 10.3 avg.","priority":"medium"}],"trend":[{"period":"2025-03","revenue":60.0,"cost":17.5,"margin":70.8,"units":14,"transactions":14,"profit":42.5,"revenue_change_pct":null,"units_change_pct":null,"margin_change_pts":null},{"period":"2025-04","revenue":81.00000381469727,"cost":22.5,"margin":72.2,"units":18,"transactions":18,"profit":58.499999046325684,"revenue_change_pct":35.0,"units_change_pct":28.6,"margin_change_pts":1.4},{"period":"2025-05","revenue":212.00000762939453,"cost":73.27499866485596,"margin":65.4,"units":72,"transactions":60,"profit":138.72499465942383,"revenue_change_pct":161.7,"units_change_pct":300.0,"margin_change_pts":-6.8},{"period":"2025-06","revenue":306.42499923706055,"cost":100.07499694824219,"margin":67.3,"units":100,"transactions":68,"profit":206.35000228881836,"revenue_change_pct":44.5,"units_change_pct":38.9,"margin_change_pts":1.9},{"period":"2025-07","revenue":81.12500190734863,"cost":24.29999828338623,"margin":70.0,"units":26,"transactions":18,"profit":56.82499885559082,"revenue_change_pct":-73.5,"units_change_pct":-74.0,"margin_change_pts":2.7},{"period":"2025-08","revenue":33.499999046325684,"cost":11.000000238418579,"margin":67.2,"units":12,"transactions":12,"profit":22.5,"revenue_change_pct":-58.7,"units_change_pct":-53.8,"margin_change_pts":-2.9},{"period":"2025-09","revenue":262.62500762939453,"cost":92.42500305175781,"margin":64.8,"units":90,"transactions":70,"profit":170.20000457763672,"revenue_change_pct":684.0,"units_change_pct":650.0,"margin_change_pts":-2.4},{"period":"2025-10","revenue":81.25,"cost":26.424999237060547,"margin":67.5,"units":32,"transactions":20,"profit":54.82500076293945,"revenue_change_pct":-69.1,"units_change_pct":-64.4,"margin_change_pts":2.7},{"period":"2025-11","revenue":103.87499809265137,"cost":44.80000019073486,"margin":56.9,"units":34,"transactions":28,"profit":59.074997901916504,"revenue_change_pct":27.8,"units_change_pct":6.2,"margin_change_pts":-10.6},{"period":"2025-12","revenue":34.50000047683716,"cost":16.200000047683716,"margin":53.0,"units":12,"transactions":12,"profit":18.299999237060547,"revenue_change_pct":-66.8,"units_change_pct":-64.7,"margin_change_pts":-3.8},{"period":"2026-01","revenue":10.0,"cost":3.400000035762787,"margin":66.0,"units":4,"transactions":2,"profit":6.600000262260437,"revenue_change_pct":-71.0,"units_change_pct":-66.7,"margin_change_pts":13.0}]}