{"brand":"KING PALM","date_range":"2024-01-01 00:00:00 to 2026-01-31 00:00:00","period_label":"All Time","summary":{"total_units":207,"total_revenue":506.5199890136719,"total_cost":172.760009765625,"total_discounts":44.47999954223633,"total_profit":333.760009765625,"overall_margin":65.9000015258789,"fp_margin":67.5999984741211,"disc_margin":60.5,"pct_full_price":76.0999984741211,"avg_discount_rate":8.100000381469727,"fp_revenue":385.5,"disc_revenue":121.02000427246094,"unique_customers":151,"brand":"KING PALM","date_range":"2024-01-01 00:00:00 to 2026-01-31 00:00:00","months_count":11,"avg_monthly_cost":15.71,"cost_per_unit":0.83,"primary_category":"ACCESSORY","primary_cat_margin":61.099998474121094,"category_rank":48,"category_total":136,"margin_vs_category":4.800000190734863,"velocity_rank":21},"category_breakdown":[{"category_clean":"ACCESSORY","units":207,"revenue":506.5199890136719,"cost":172.75999450683594,"profit":333.760009765625,"discounts":44.47999954223633,"margin":65.9000015258789,"category_avg_margin":61.099998474121094,"vs_category":4.8,"rank":48.0,"total_brands":136.0}],"trend":[{"period":"2025-03","revenue":24.0,"cost":7.0,"margin":70.8,"units":7,"transactions":7,"profit":17.0,"revenue_change_pct":null,"units_change_pct":null,"margin_change_pts":null},{"period":"2025-04","revenue":32.400001525878906,"cost":9.0,"margin":72.2,"units":9,"transactions":9,"profit":23.399999618530273,"revenue_change_pct":35.0,"units_change_pct":28.6,"margin_change_pts":1.4},{"period":"2025-05","revenue":84.80000305175781,"cost":29.309999465942383,"margin":65.4,"units":36,"transactions":30,"profit":55.48999786376953,"revenue_change_pct":161.7,"units_change_pct":300.0,"margin_change_pts":-6.8},{"period":"2025-06","revenue":122.56999969482422,"cost":40.029998779296875,"margin":67.3,"units":50,"transactions":34,"profit":82.54000091552734,"revenue_change_pct":44.5,"units_change_pct":38.9,"margin_change_pts":1.9},{"period":"2025-07","revenue":32.45000076293945,"cost":9.719999313354492,"margin":70.0,"units":13,"transactions":9,"profit":22.729999542236328,"revenue_change_pct":-73.5,"units_change_pct":-74.0,"margin_change_pts":2.7},{"period":"2025-08","revenue":13.399999618530273,"cost":4.400000095367432,"margin":67.2,"units":6,"transactions":6,"profit":9.0,"revenue_change_pct":-58.7,"units_change_pct":-53.8,"margin_change_pts":-2.9},{"period":"2025-09","revenue":105.05000305175781,"cost":36.970001220703125,"margin":64.8,"units":45,"transactions":35,"profit":68.08000183105469,"revenue_change_pct":684.0,"units_change_pct":650.0,"margin_change_pts":-2.4},{"period":"2025-10","revenue":32.5,"cost":10.569999694824219,"margin":67.5,"units":16,"transactions":10,"profit":21.93000030517578,"revenue_change_pct":-69.1,"units_change_pct":-64.4,"margin_change_pts":2.7},{"period":"2025-11","revenue":41.54999923706055,"cost":17.920000076293945,"margin":56.9,"units":17,"transactions":14,"profit":23.6299991607666,"revenue_change_pct":27.8,"units_change_pct":6.2,"margin_change_pts":-10.6},{"period":"2025-12","revenue":13.800000190734863,"cost":6.480000019073486,"margin":53.0,"units":6,"transactions":6,"profit":7.319999694824219,"revenue_change_pct":-66.8,"units_change_pct":-64.7,"margin_change_pts":-3.8},{"period":"2026-01","revenue":4.0,"cost":1.3600000143051147,"margin":66.0,"units":2,"transactions":1,"profit":2.640000104904175,"revenue_change_pct":-71.0,"units_change_pct":-66.7,"margin_change_pts":13.0}],"share_of_category":[{"category":"ACCESSORY","brand_revenue":506.5199890136719,"category_revenue":1651501.625,"revenue_share_pct":0.0,"brand_units":207,"category_units":1065048,"units_share_pct":0.0}],"share_of_category_trend":{"ACCESSORY":[{"period":"2024-01","brand_revenue":0.0,"category_revenue":61417.578125,"share_pct":0.0},{"period":"2024-02","brand_revenue":0.0,"category_revenue":60959.7890625,"share_pct":0.0},{"period":"2024-03","brand_revenue":0.0,"category_revenue":61871.55078125,"share_pct":0.0},{"period":"2024-04","brand_revenue":0.0,"category_revenue":65341.4609375,"share_pct":0.0},{"period":"2024-05","brand_revenue":0.0,"category_revenue":71870.578125,"share_pct":0.0},{"period":"2024-06","brand_revenue":0.0,"category_revenue":74003.53125,"share_pct":0.0},{"period":"2024-07","brand_revenue":0.0,"category_revenue":74670.1875,"share_pct":0.0},{"period":"2024-08","brand_revenue":0.0,"category_revenue":72090.53125,"share_pct":0.0},{"period":"2024-09","brand_revenue":0.0,"category_revenue":64954.51953125,"share_pct":0.0},{"period":"2024-10","brand_revenue":0.0,"category_revenue":66435.4921875,"share_pct":0.0},{"period":"2024-11","brand_revenue":0.0,"category_revenue":68682.4375,"share_pct":0.0},{"period":"2024-12","brand_revenue":0.0,"category_revenue":70600.8125,"share_pct":0.0},{"period":"2025-01","brand_revenue":0.0,"category_revenue":66904.5390625,"share_pct":0.0},{"period":"2025-02","brand_revenue":0.0,"category_revenue":62104.37109375,"share_pct":0.0},{"period":"2025-03","brand_revenue":24.0,"category_revenue":70568.15625,"share_pct":0.0},{"period":"2025-04","brand_revenue":32.400001525878906,"category_revenue":73077.9296875,"share_pct":0.0},{"period":"2025-05","brand_revenue":84.80000305175781,"category_revenue":71961.796875,"share_pct":0.10000000149011612},{"period":"2025-06","brand_revenue":122.56999969482422,"category_revenue":64459.5,"share_pct":0.20000000298023224},{"period":"2025-07","brand_revenue":32.45000076293945,"category_revenue":66219.921875,"share_pct":0.0},{"period":"2025-08","brand_revenue":13.399999618530273,"category_revenue":68700.8203125,"share_pct":0.0},{"period":"2025-09","brand_revenue":105.05000305175781,"category_revenue":67279.578125,"share_pct":0.20000000298023224},{"period":"2025-10","brand_revenue":32.5,"category_revenue":68737.8203125,"share_pct":0.0},{"period":"2025-11","brand_revenue":41.54999923706055,"category_revenue":69135.8984375,"share_pct":0.10000000149011612},{"period":"2025-12","brand_revenue":13.800000190734863,"category_revenue":56781.94921875,"share_pct":0.0},{"period":"2026-01","brand_revenue":4.0,"category_revenue":32670.859375,"share_pct":0.0}]},"discount_depth":[{"tier":"0% (Full Price)","transactions":127,"pct_of_transactions":71.3,"revenue":385.5,"avg_discount":0.0},{"tier":"1-10%","transactions":8,"pct_of_transactions":4.5,"revenue":22.049999237060547,"avg_discount":10.0},{"tier":"11-20%","transactions":2,"pct_of_transactions":1.1,"revenue":6.0,"avg_discount":20.0},{"tier":"21-30%","transactions":4,"pct_of_transactions":2.2,"revenue":9.069999694824219,"avg_discount":27.600000381469727},{"tier":"31%+","transactions":1,"pct_of_transactions":0.6,"revenue":2.0,"avg_discount":50.0}],"velocity":{"units_per_day":0.67,"revenue_per_day":1.6299999952316284,"avg_units_per_txn":1.29,"days_of_data":310,"total_units":207,"total_transactions":161},"velocity_by_category":[{"category":"ACCESSORY","brand_units_per_day":0.27,"category_avg_units_per_day":10.28,"velocity_index":2.6,"brand_rev_per_unit":2.45,"category_rev_per_unit":1.55,"brands_in_category":136}],"deals":[{"deal_name":"Industry 30% Off","times_used":22,"units":31.0,"revenue":54.5999995470047,"discounts":23.40000021457672,"cost":22.999999821186066,"profit":31.59999966621399,"pre_discount_revenue":78.0,"margin":57.9,"avg_discount":30.0},{"deal_name":"Veterans - 10% Off","times_used":5,"units":6.0,"revenue":14.399999856948853,"discounts":1.6000000089406967,"cost":4.649999976158142,"profit":9.749999761581421,"pre_discount_revenue":16.0,"margin":67.7,"avg_discount":10.0},{"deal_name":"Industry - 30% Off","times_used":4,"units":4.0,"revenue":11.199999809265137,"discounts":4.800000190734863,"cost":4.0,"profit":7.199999809265137,"pre_discount_revenue":16.0,"margin":64.3,"avg_discount":30.0},{"deal_name":"LVAC - 25% Off","times_used":2,"units":2.0,"revenue":4.870000004768372,"discounts":1.6299999952316284,"cost":1.5899999737739563,"profit":3.2799999713897705,"pre_discount_revenue":6.5,"margin":67.4,"avg_discount":25.1},{"deal_name":"Senior - 10% Off","times_used":1,"units":1.0,"revenue":3.5999999046325684,"discounts":0.4000000059604645,"cost":1.0,"profit":2.5999999046325684,"pre_discount_revenue":4.0,"margin":72.2,"avg_discount":10.0},{"deal_name":"Senior / Veterans - 20% Off","times_used":1,"units":1.0,"revenue":2.0,"discounts":0.5,"cost":0.5899999737739563,"profit":1.409999966621399,"pre_discount_revenue":2.5,"margin":70.5,"avg_discount":20.0}],"top_products":[{"product":"CROWN COOKIES KING PALMS WRAPS 2 PK","units":52,"revenue":123.75,"cost":62.400001525878906,"profit":61.349998474121094,"transactions":43,"margin":49.599998474121094},{"product":"KING PALM MINIS PEAR 2PK - KING PALM","units":29,"revenue":101.4000015258789,"cost":29.0,"profit":72.4000015258789,"transactions":28,"margin":71.4000015258789},{"product":"CHERRY BOMB KING PALM WRAPS 2PK","units":45,"revenue":101.12000274658203,"cost":26.549999237060547,"profit":74.56999969482422,"transactions":39,"margin":73.69999694824219},{"product":"GOLDEN MANGO KING PALM WRAPS 2PK","units":35,"revenue":83.25,"cost":20.649999618530273,"profit":62.599998474121094,"transactions":30,"margin":75.19999694824219},{"product":"BERRY TERPS FLAVOR TIPS 2PK - KING PALM","units":37,"revenue":68.80000305175781,"cost":25.15999984741211,"profit":43.6400032043457,"transactions":30,"margin":63.400001525878906},{"product":"BANANA BLAST KING PALM WRAPS 2 PK","units":7,"revenue":19.200000762939453,"cost":7.0,"profit":12.199999809265137,"transactions":6,"margin":63.5},{"product":"KING PALM 5PK - PARADISE","units":2,"revenue":9.0,"cost":2.0,"profit":7.0,"transactions":2,"margin":77.80000305175781}],"products_by_store":{"Thrive Cactus":[{"product":"CROWN COOKIES KING PALMS WRAPS 2 PK","units":52,"revenue":123.75,"cost":62.400001525878906,"profit":61.349998474121094,"transactions":43,"margin":49.599998474121094},{"product":"CHERRY BOMB KING PALM WRAPS 2PK","units":45,"revenue":101.12000274658203,"cost":26.549999237060547,"profit":74.56999969482422,"transactions":39,"margin":73.69999694824219},{"product":"GOLDEN MANGO KING PALM WRAPS 2PK","units":35,"revenue":83.25,"cost":20.649999618530273,"profit":62.599998474121094,"transactions":30,"margin":75.19999694824219},{"product":"BERRY TERPS FLAVOR TIPS 2PK - KING PALM","units":37,"revenue":68.80000305175781,"cost":25.15999984741211,"profit":43.6400032043457,"transactions":30,"margin":63.400001525878906},{"product":"BANANA BLAST KING PALM WRAPS 2 PK","units":7,"revenue":19.200000762939453,"cost":7.0,"profit":12.199999809265137,"transactions":6,"margin":63.5}],"Thrive Cheyenne":[{"product":"KING PALM MINIS PEAR 2PK - KING PALM","units":17,"revenue":55.79999923706055,"cost":17.0,"profit":38.79999923706055,"transactions":17,"margin":69.5}],"Thrive Jackpot":[{"product":"KING PALM 5PK - PARADISE","units":2,"revenue":9.0,"cost":2.0,"profit":7.0,"transactions":2,"margin":77.80000305175781}],"Thrive Reno":[{"product":"KING PALM MINIS PEAR 2PK - KING PALM","units":12,"revenue":45.599998474121094,"cost":12.0,"profit":33.599998474121094,"transactions":11,"margin":73.69999694824219}]},"store_summary":[{"store_clean":"Thrive Cactus","units":176,"revenue":396.1199951171875,"cost":141.75999450683594,"profit":254.36000061035156,"discounts":28.8799991607666,"margin":64.19999694824219,"discount_rate":6.800000190734863},{"store_clean":"Thrive Cheyenne","units":17,"revenue":55.79999923706055,"cost":17.0,"profit":38.79999923706055,"discounts":12.200000762939453,"margin":69.5,"discount_rate":17.899999618530273},{"store_clean":"Thrive Reno","units":12,"revenue":45.599998474121094,"cost":12.0,"profit":33.599998474121094,"discounts":2.4000000953674316,"margin":73.69999694824219,"discount_rate":5.0},{"store_clean":"Thrive Jackpot","units":2,"revenue":9.0,"cost":2.0,"profit":7.0,"discounts":1.0,"margin":77.80000305175781,"discount_rate":10.0}],"recommendations":[],"comparison":null}