{"brand":"GREEN & GOLD","date_range":"2024-01-01 00:00:00 to 2026-01-31 00:00:00","period_label":"All Time","summary":{"total_units":434100,"total_revenue":5403808.75,"total_cost":2797795.625,"total_discounts":3393538.4375,"total_profit":2606013.4375,"overall_margin":48.20000076293945,"fp_margin":55.400001525878906,"disc_margin":46.099998474121094,"pct_full_price":22.700000762939453,"avg_discount_rate":38.599998474121094,"fp_revenue":1229085.0,"disc_revenue":4174724.0625,"unique_customers":103052,"brand":"GREEN & GOLD","date_range":"2024-01-01 00:00:00 to 2026-01-31 00:00:00","months_count":50,"avg_monthly_cost":111911.82500000001,"cost_per_unit":12.9,"primary_category":"FLOWER","primary_cat_margin":54.099998474121094,"category_rank":8,"category_total":64,"margin_vs_category":-5.900000095367432,"velocity_rank":6},"category_breakdown":[{"category_clean":"FLOWER","units":108388,"revenue":2819414.0625,"cost":1169235.546875,"profit":1650178.59375,"discounts":2678120.9375,"margin":58.5,"category_avg_margin":54.099998474121094,"vs_category":4.4,"rank":8.0,"total_brands":64.0},{"category_clean":"PRE ROLL","units":325712,"revenue":2584394.84375,"cost":1628560.0,"profit":955834.921875,"discounts":715417.578125,"margin":37.0,"category_avg_margin":48.29999923706055,"vs_category":-11.3,"rank":2.0,"total_brands":46.0}],"trend":[{"period":"2024-01","revenue":533112.34375,"cost":319781.30859375,"margin":40.0,"units":33852,"transactions":12104,"profit":213331.0546875,"revenue_change_pct":null,"units_change_pct":null,"margin_change_pts":null},{"period":"2024-02","revenue":301922.79296875,"cost":139900.17578125,"margin":53.7,"units":18514,"transactions":10242,"profit":162022.626953125,"revenue_change_pct":-43.4,"units_change_pct":-45.3,"margin_change_pts":13.6},{"period":"2024-03","revenue":290411.484375,"cost":124328.37890625,"margin":57.2,"units":16196,"transactions":10302,"profit":166083.10546875,"revenue_change_pct":-3.8,"units_change_pct":-12.5,"margin_change_pts":3.5},{"period":"2024-04","revenue":265782.0703125,"cost":125812.12890625,"margin":52.7,"units":15914,"transactions":9058,"profit":139969.951171875,"revenue_change_pct":-8.5,"units_change_pct":-1.7,"margin_change_pts":-4.5},{"period":"2024-05","revenue":269938.84765625,"cost":115807.8515625,"margin":57.1,"units":15110,"transactions":9972,"profit":154130.99609375,"revenue_change_pct":1.6,"units_change_pct":-5.1,"margin_change_pts":4.4},{"period":"2024-06","revenue":254184.765625,"cost":115143.4765625,"margin":54.7,"units":16424,"transactions":10978,"profit":139041.298828125,"revenue_change_pct":-5.8,"units_change_pct":8.7,"margin_change_pts":-2.4},{"period":"2024-07","revenue":208858.57421875,"cost":95403.75,"margin":54.3,"units":13872,"transactions":9176,"profit":113454.82421875,"revenue_change_pct":-17.8,"units_change_pct":-15.5,"margin_change_pts":-0.4},{"period":"2024-08","revenue":160106.923828125,"cost":88423.22265625,"margin":44.8,"units":15872,"transactions":9066,"profit":71683.6962890625,"revenue_change_pct":-23.3,"units_change_pct":14.4,"margin_change_pts":-9.5},{"period":"2024-09","revenue":100994.6484375,"cost":54532.548828125,"margin":46.0,"units":9624,"transactions":5680,"profit":46462.099609375,"revenue_change_pct":-36.9,"units_change_pct":-39.4,"margin_change_pts":1.2},{"period":"2024-10","revenue":93012.802734375,"cost":55431.6259765625,"margin":40.4,"units":10496,"transactions":6168,"profit":37581.17431640625,"revenue_change_pct":-7.9,"units_change_pct":9.1,"margin_change_pts":-5.6},{"period":"2024-11","revenue":138956.97265625,"cost":85690.673828125,"margin":38.3,"units":15682,"transactions":8306,"profit":53266.298828125,"revenue_change_pct":49.4,"units_change_pct":49.4,"margin_change_pts":-2.1},{"period":"2024-12","revenue":141232.978515625,"cost":81000.625,"margin":42.6,"units":15332,"transactions":8180,"profit":60232.3486328125,"revenue_change_pct":1.6,"units_change_pct":-2.2,"margin_change_pts":4.3},{"period":"2025-01","revenue":137195.8203125,"cost":76883.876953125,"margin":44.0,"units":14254,"transactions":7892,"profit":60311.9482421875,"revenue_change_pct":-2.9,"units_change_pct":-7.0,"margin_change_pts":1.3},{"period":"2025-02","revenue":153027.021484375,"cost":78619.150390625,"margin":48.6,"units":13682,"transactions":8108,"profit":74407.87109375,"revenue_change_pct":11.5,"units_change_pct":-4.0,"margin_change_pts":4.7},{"period":"2025-03","revenue":160264.62890625,"cost":85993.92578125,"margin":46.3,"units":15488,"transactions":8896,"profit":74270.6982421875,"revenue_change_pct":4.7,"units_change_pct":13.2,"margin_change_pts":-2.3},{"period":"2025-04","revenue":251500.72265625,"cost":155936.97265625,"margin":38.0,"units":26018,"transactions":12270,"profit":95563.75,"revenue_change_pct":56.9,"units_change_pct":68.0,"margin_change_pts":-8.3},{"period":"2025-05","revenue":227340.078125,"cost":112441.62109375,"margin":50.5,"units":19120,"transactions":10476,"profit":114898.447265625,"revenue_change_pct":-9.6,"units_change_pct":-26.5,"margin_change_pts":12.5},{"period":"2025-06","revenue":228328.203125,"cost":120066.279296875,"margin":47.4,"units":20594,"transactions":11274,"profit":108261.923828125,"revenue_change_pct":0.4,"units_change_pct":7.7,"margin_change_pts":-3.1},{"period":"2025-07","revenue":220185.29296875,"cost":107004.55078125,"margin":51.4,"units":17896,"transactions":10410,"profit":113180.7421875,"revenue_change_pct":-3.6,"units_change_pct":-13.1,"margin_change_pts":4.0},{"period":"2025-08","revenue":210323.828125,"cost":108668.271484375,"margin":48.3,"units":18870,"transactions":11392,"profit":101655.546875,"revenue_change_pct":-4.5,"units_change_pct":5.4,"margin_change_pts":-3.1},{"period":"2025-09","revenue":173846.62109375,"cost":90953.779296875,"margin":47.7,"units":16392,"transactions":9726,"profit":82892.8515625,"revenue_change_pct":-17.3,"units_change_pct":-13.1,"margin_change_pts":-0.7},{"period":"2025-10","revenue":188862.265625,"cost":97391.50390625,"margin":48.4,"units":17580,"transactions":10500,"profit":91470.771484375,"revenue_change_pct":8.6,"units_change_pct":7.2,"margin_change_pts":0.8},{"period":"2025-11","revenue":266845.8203125,"cost":152210.498046875,"margin":43.0,"units":23636,"transactions":12878,"profit":114635.322265625,"revenue_change_pct":41.3,"units_change_pct":34.4,"margin_change_pts":-5.5},{"period":"2025-12","revenue":207481.0546875,"cost":101474.1796875,"margin":51.1,"units":15644,"transactions":9186,"profit":106006.875,"revenue_change_pct":-22.2,"units_change_pct":-33.8,"margin_change_pts":8.1},{"period":"2026-01","revenue":220092.48046875,"cost":108895.205078125,"margin":50.5,"units":18038,"transactions":10598,"profit":111197.275390625,"revenue_change_pct":6.1,"units_change_pct":15.3,"margin_change_pts":-0.6}],"share_of_category":[{"category":"FLOWER","brand_revenue":2819414.0625,"category_revenue":77755450.0,"revenue_share_pct":3.5999999046325684,"brand_units":108388,"category_units":2708446,"units_share_pct":4.0},{"category":"PRE ROLL","brand_revenue":2584394.84375,"category_revenue":14009791.25,"revenue_share_pct":18.399999618530273,"brand_units":325712,"category_units":1485736,"units_share_pct":21.9}],"share_of_category_trend":{"FLOWER":[{"period":"2024-01","brand_revenue":468278.828125,"category_revenue":3552357.8125,"share_pct":13.199999809265137},{"period":"2024-02","brand_revenue":217635.9765625,"category_revenue":3535245.625,"share_pct":6.199999809265137},{"period":"2024-03","brand_revenue":216574.296875,"category_revenue":3693805.625,"share_pct":5.900000095367432},{"period":"2024-04","brand_revenue":209747.890625,"category_revenue":3541899.6875,"share_pct":5.900000095367432},{"period":"2024-05","brand_revenue":199295.234375,"category_revenue":3537479.375,"share_pct":5.599999904632568},{"period":"2024-06","brand_revenue":162400.99609375,"category_revenue":3403269.6875,"share_pct":4.800000190734863},{"period":"2024-07","brand_revenue":130130.546875,"category_revenue":3457705.9375,"share_pct":3.799999952316284},{"period":"2024-08","brand_revenue":47571.8017578125,"category_revenue":3453819.375,"share_pct":1.399999976158142},{"period":"2024-09","brand_revenue":32916.0009765625,"category_revenue":3316441.5625,"share_pct":1.0},{"period":"2024-10","brand_revenue":14878.499755859375,"category_revenue":3585775.0,"share_pct":0.4000000059604645},{"period":"2024-11","brand_revenue":35073.87451171875,"category_revenue":3454855.3125,"share_pct":1.0},{"period":"2024-12","brand_revenue":24581.25,"category_revenue":3226567.8125,"share_pct":0.800000011920929},{"period":"2025-01","brand_revenue":31531.2744140625,"category_revenue":2984938.125,"share_pct":1.100000023841858},{"period":"2025-02","brand_revenue":57027.2021484375,"category_revenue":2816220.0,"share_pct":2.0},{"period":"2025-03","brand_revenue":48611.07421875,"category_revenue":2911379.6875,"share_pct":1.7000000476837158},{"period":"2025-04","brand_revenue":108477.5,"category_revenue":3118895.3125,"share_pct":3.5},{"period":"2025-05","brand_revenue":93950.625,"category_revenue":2887345.0,"share_pct":3.299999952316284},{"period":"2025-06","brand_revenue":90983.203125,"category_revenue":2773698.125,"share_pct":3.299999952316284},{"period":"2025-07","brand_revenue":96905.80078125,"category_revenue":2782763.125,"share_pct":3.5},{"period":"2025-08","brand_revenue":75823.125,"category_revenue":2733122.8125,"share_pct":2.799999952316284},{"period":"2025-09","brand_revenue":50513.3251953125,"category_revenue":2603501.5625,"share_pct":1.899999976158142},{"period":"2025-10","brand_revenue":57008.798828125,"category_revenue":2663705.0,"share_pct":2.0999999046325684},{"period":"2025-11","brand_revenue":142968.447265625,"category_revenue":2700189.0625,"share_pct":5.300000190734863},{"period":"2025-12","brand_revenue":112186.77734375,"category_revenue":2515209.53125,"share_pct":4.5},{"period":"2026-01","brand_revenue":94341.826171875,"category_revenue":2505261.875,"share_pct":3.799999952316284}],"PRE ROLL":[{"period":"2024-01","brand_revenue":64833.525390625,"category_revenue":508338.515625,"share_pct":12.800000190734863},{"period":"2024-02","brand_revenue":84286.826171875,"category_revenue":489393.671875,"share_pct":17.200000762939453},{"period":"2024-03","brand_revenue":73837.1728515625,"category_revenue":520052.3828125,"share_pct":14.199999809265137},{"period":"2024-04","brand_revenue":56034.1748046875,"category_revenue":491300.6640625,"share_pct":11.399999618530273},{"period":"2024-05","brand_revenue":70643.623046875,"category_revenue":542202.890625,"share_pct":13.0},{"period":"2024-06","brand_revenue":91783.779296875,"category_revenue":507288.8671875,"share_pct":18.100000381469727},{"period":"2024-07","brand_revenue":78728.0224609375,"category_revenue":524250.9765625,"share_pct":15.0},{"period":"2024-08","brand_revenue":112535.126953125,"category_revenue":612518.7109375,"share_pct":18.399999618530273},{"period":"2024-09","brand_revenue":68078.65234375,"category_revenue":586543.0078125,"share_pct":11.600000381469727},{"period":"2024-10","brand_revenue":78134.3017578125,"category_revenue":641449.1796875,"share_pct":12.199999809265137},{"period":"2024-11","brand_revenue":103883.095703125,"category_revenue":579866.71875,"share_pct":17.899999618530273},{"period":"2024-12","brand_revenue":116651.728515625,"category_revenue":582999.5703125,"share_pct":20.0},{"period":"2025-01","brand_revenue":105664.55078125,"category_revenue":544095.3125,"share_pct":19.399999618530273},{"period":"2025-02","brand_revenue":95999.82421875,"category_revenue":500875.5859375,"share_pct":19.200000762939453},{"period":"2025-03","brand_revenue":111653.5546875,"category_revenue":551422.0703125,"share_pct":20.200000762939453},{"period":"2025-04","brand_revenue":143023.22265625,"category_revenue":568189.375,"share_pct":25.200000762939453},{"period":"2025-05","brand_revenue":133389.453125,"category_revenue":565516.875,"share_pct":23.600000381469727},{"period":"2025-06","brand_revenue":137345.0,"category_revenue":560506.71875,"share_pct":24.5},{"period":"2025-07","brand_revenue":123279.501953125,"category_revenue":600916.09375,"share_pct":20.5},{"period":"2025-08","brand_revenue":134500.703125,"category_revenue":620247.5,"share_pct":21.700000762939453},{"period":"2025-09","brand_revenue":123333.30078125,"category_revenue":608971.09375,"share_pct":20.299999237060547},{"period":"2025-10","brand_revenue":131853.4765625,"category_revenue":645293.1640625,"share_pct":20.399999618530273},{"period":"2025-11","brand_revenue":123877.373046875,"category_revenue":581113.4765625,"share_pct":21.299999237060547},{"period":"2025-12","brand_revenue":95294.27734375,"category_revenue":553088.5546875,"share_pct":17.200000762939453},{"period":"2026-01","brand_revenue":125750.654296875,"category_revenue":523350.9375,"share_pct":24.0}]},"discount_depth":[{"tier":"0% (Full Price)","transactions":89890,"pct_of_transactions":29.9,"revenue":1229085.0,"avg_discount":0.0},{"tier":"1-10%","transactions":7862,"pct_of_transactions":2.6,"revenue":122209.31640625,"avg_discount":19.799999237060547},{"tier":"11-20%","transactions":4210,"pct_of_transactions":1.4,"revenue":112559.521484375,"avg_discount":36.599998474121094},{"tier":"21-30%","transactions":72798,"pct_of_transactions":24.2,"revenue":1155420.703125,"avg_discount":50.79999923706055},{"tier":"31%+","transactions":86990,"pct_of_transactions":29.0,"revenue":2268637.96875,"avg_discount":95.4000015258789}],"velocity":{"units_per_day":569.68,"revenue_per_day":7091.5997314453125,"avg_units_per_txn":3.58,"days_of_data":762,"total_units":434100,"total_transactions":242838},"velocity_by_category":[{"category":"PRE ROLL","brand_units_per_day":427.44,"category_avg_units_per_day":42.38,"velocity_index":1008.4,"brand_rev_per_unit":6.35,"category_rev_per_unit":7.54,"brands_in_category":46},{"category":"FLOWER","brand_units_per_day":142.24,"category_avg_units_per_day":55.54,"velocity_index":256.1,"brand_rev_per_unit":20.81,"category_rev_per_unit":22.97,"brands_in_category":64}],"deals":[{"deal_name":"Stock & Save - PR - 5 for $30","times_used":25722,"units":69908.0,"revenue":524284.5500075817,"discounts":185346.69998824596,"cost":349540.0,"profit":174744.5500075817,"pre_discount_revenue":709631.25,"margin":33.3,"avg_discount":52.2},{"deal_name":"50% Off Chemical Compound / Sour Banana Sherbet","times_used":22486,"units":32003.0,"revenue":900498.2999944687,"discounts":899670.4500007629,"cost":345232.3665237427,"profit":555265.9332323074,"pre_discount_revenue":1800168.75,"margin":61.7,"avg_discount":100.0},{"deal_name":"Industry - 30% Off","times_used":18980,"units":29848.0,"revenue":259348.04809629917,"discounts":111481.95244550705,"cost":161231.70028924942,"profit":98116.34744882584,"pre_discount_revenue":370830.0,"margin":37.8,"avg_discount":60.2},{"deal_name":"Lit4Less - PR - 5 for $30","times_used":14120,"units":39218.0,"revenue":293420.3625032306,"discounts":100312.1374964714,"cost":196090.0,"profit":97330.36250203848,"pre_discount_revenue":393732.5,"margin":33.2,"avg_discount":51.0},{"deal_name":"Stock & Save - 1/4 for $50","times_used":6250,"units":10885.0,"revenue":340224.70000743866,"discounts":163831.54999256134,"cost":117421.93899154663,"profit":222802.74838924408,"pre_discount_revenue":504056.25,"margin":65.5,"avg_discount":65.0},{"deal_name":"Industry 30% Off","times_used":5500,"units":11971.0,"revenue":127861.58655658364,"discounts":55378.413157463074,"cost":71071.17527723312,"profit":56790.411061644554,"pre_discount_revenue":183240.0,"margin":44.4,"avg_discount":60.4},{"deal_name":"420 2025 - 60% Off","times_used":3870,"units":10064.0,"revenue":73864.40036773682,"discounts":110990.60107946396,"cost":64302.60030269623,"profit":9561.800063848495,"pre_discount_revenue":184855.0,"margin":12.9,"avg_discount":120.0},{"deal_name":"Lit4Less - 1/4 for $50","times_used":3774,"units":6972.0,"revenue":217157.9625058174,"discounts":92010.78750491142,"cost":75210.4509305954,"profit":141947.5036406517,"pre_discount_revenue":309168.75,"margin":65.4,"avg_discount":59.6},{"deal_name":"Senior - 10% Off","times_used":3432,"units":4924.0,"revenue":58983.64939689636,"discounts":6910.100050568581,"cost":27201.22505545616,"profit":31782.42384314537,"pre_discount_revenue":65893.75,"margin":53.9,"avg_discount":21.0},{"deal_name":"$99 Ounce","times_used":2886,"units":17774.0,"revenue":277009.85231876373,"discounts":722777.6284217834,"cost":191737.02721118927,"profit":85272.82514572144,"pre_discount_revenue":999787.5,"margin":30.8,"avg_discount":144.6},{"deal_name":"60% Off Internal - G2B","times_used":2268,"units":6221.0,"revenue":49750.312753766775,"discounts":74993.43816280365,"cost":41730.85021495819,"profit":8019.462538957596,"pre_discount_revenue":124743.75,"margin":16.1,"avg_discount":120.2},{"deal_name":"Veterans - 10% Off","times_used":2206,"units":2772.0,"revenue":35518.62458944321,"discounts":4045.1250280439854,"cost":15654.125046730042,"profit":19864.49919462204,"pre_discount_revenue":39563.75,"margin":55.9,"avg_discount":20.4},{"deal_name":"30% Off Special","times_used":2096,"units":2576.0,"revenue":53822.67489731312,"discounts":23082.325068712234,"cost":23239.62524175644,"profit":30583.049653172493,"pre_discount_revenue":76905.0,"margin":56.8,"avg_discount":60.0},{"deal_name":"Spark the Summer Sale","times_used":1986,"units":4139.0,"revenue":42544.20059919357,"discounts":28408.300171494484,"cost":25706.97511434555,"profit":16837.225484848022,"pre_discount_revenue":70952.5,"margin":39.6,"avg_discount":80.0},{"deal_name":"Internal Last Chance - 40% Off","times_used":1834,"units":3768.0,"revenue":43804.962981939316,"discounts":29320.037673711777,"cost":24963.175146579742,"profit":18841.787835359573,"pre_discount_revenue":73125.0,"margin":43.0,"avg_discount":80.2},{"deal_name":"Senior / Veterans - 20% Off","times_used":1478,"units":2209.0,"revenue":22564.900150299072,"discounts":6110.10003477335,"cost":12144.625024795532,"profit":10420.274994373322,"pre_discount_revenue":28675.0,"margin":46.2,"avg_discount":42.6},{"deal_name":"Jackpot - Locals 30% Off","times_used":1420,"units":2330.0,"revenue":22007.87482023239,"discounts":9442.12519288063,"cost":12969.55002784729,"profit":9038.324756622314,"pre_discount_revenue":31450.0,"margin":41.1,"avg_discount":60.0},{"deal_name":"4/20! 60% Off!!!","times_used":1382,"units":3548.0,"revenue":38926.925007104874,"discounts":58353.07520747185,"cost":27300.95020532608,"profit":11625.974801778793,"pre_discount_revenue":97280.0,"margin":29.9,"avg_discount":120.0},{"deal_name":"40% Off Flower Blowout","times_used":1330,"units":1658.0,"revenue":39741.15000009537,"discounts":26602.599999904633,"cost":17885.675230026245,"profit":21855.474770069122,"pre_discount_revenue":66343.75,"margin":55.0,"avg_discount":80.2},{"deal_name":"1/2 Ounce H+G for $60","times_used":1312,"units":3812.0,"revenue":71700.0,"discounts":142725.0,"cost":41121.95052862167,"profit":30578.049471378326,"pre_discount_revenue":214425.0,"margin":42.6,"avg_discount":133.2},{"deal_name":"35% Off G+G / Haus / Pistola","times_used":1230,"units":2526.0,"revenue":17365.624581575394,"discounts":9296.87495470047,"cost":12687.875001430511,"profit":4677.749577760696,"pre_discount_revenue":26662.5,"margin":26.9,"avg_discount":69.8},{"deal_name":"G+G / Pistola - 1/4 for $35 - 1/2 for $60","times_used":1154,"units":2518.0,"revenue":50675.3250002861,"discounts":61274.67499732971,"cost":27162.925357818604,"profit":23512.399632930756,"pre_discount_revenue":111950.0,"margin":46.4,"avg_discount":109.4},{"deal_name":"GW - 60% OFF Elevation House Flower","times_used":1098,"units":2877.0,"revenue":14456.500080823898,"discounts":21738.50037574768,"cost":15461.475038528442,"profit":-1004.9749577045441,"pre_discount_revenue":36195.0,"margin":-7.0,"avg_discount":120.2},{"deal_name":"50% Off Elevation House Brands","times_used":960,"units":2116.0,"revenue":20938.799991607666,"discounts":21181.199989318848,"cost":13902.025072574615,"profit":7036.7749190330505,"pre_discount_revenue":42120.0,"margin":33.6,"avg_discount":100.6},{"deal_name":"G+G / Pistola / HAUS 1/4 for $50","times_used":868,"units":1599.0,"revenue":49980.625,"discounts":28988.125,"cost":17249.212720394135,"profit":32731.410422325134,"pre_discount_revenue":78968.75,"margin":65.5,"avg_discount":73.4},{"deal_name":"G+G / Pistola 1/4 for $50","times_used":594,"units":1032.0,"revenue":32262.5,"discounts":20200.0,"cost":11132.700142860413,"profit":21129.79867219925,"pre_discount_revenue":52462.5,"margin":65.5,"avg_discount":77.0},{"deal_name":"LVAC - 25% Off","times_used":394,"units":610.0,"revenue":5330.0,"discounts":1835.0,"cost":3235.2000045776367,"profit":2094.799973964691,"pre_discount_revenue":7165.0,"margin":39.3,"avg_discount":51.2},{"deal_name":"40% Off Elevation House Brands","times_used":366,"units":746.0,"revenue":6012.000081539154,"discounts":4008.000037074089,"cost":4216.150012016296,"profit":1795.8500599861145,"pre_discount_revenue":10020.0,"margin":29.9,"avg_discount":80.0},{"deal_name":"Employee 30% - NOT FRIDAYS","times_used":214,"units":344.0,"revenue":3723.349972963333,"discounts":1599.150030016899,"cost":1986.2250065803528,"profit":1737.1249449253082,"pre_discount_revenue":5322.5,"margin":46.7,"avg_discount":60.0},{"deal_name":"40% Off Special","times_used":134,"units":198.0,"revenue":4950.0,"discounts":3300.0,"cost":2135.92502117157,"profit":2814.07497882843,"pre_discount_revenue":8250.0,"margin":56.8,"avg_discount":80.0},{"deal_name":"Jackpot Exclusive - 1/2 oz / Full Oz Deal","times_used":100,"units":330.0,"revenue":7920.3125,"discounts":6467.1875,"cost":3559.8750352859497,"profit":4360.43746471405,"pre_discount_revenue":14387.5,"margin":55.1,"avg_discount":90.0},{"deal_name":"40% Off Internal Brands","times_used":96,"units":306.0,"revenue":2541.0000479221344,"discounts":1694.0000104904175,"cost":1715.2000069618225,"profit":825.8000409603119,"pre_discount_revenue":4235.0,"margin":32.5,"avg_discount":80.0},{"deal_name":"Main St Happy Hour - 25% Off","times_used":80,"units":116.0,"revenue":963.75,"discounts":331.25,"cost":603.1500005722046,"profit":360.5999946594238,"pre_discount_revenue":1295.0,"margin":37.4,"avg_discount":51.2},{"deal_name":"Sammy - Blowout Flower","times_used":78,"units":92.0,"revenue":2242.5,"discounts":1207.5,"cost":992.4500107765198,"profit":1250.0499892234802,"pre_discount_revenue":3450.0,"margin":55.7,"avg_discount":70.0},{"deal_name":"G+G / Pistola 1/4 for $45","times_used":68,"units":104.0,"revenue":2925.0,"discounts":1975.0,"cost":1121.9000148773193,"profit":1803.0999851226807,"pre_discount_revenue":4900.0,"margin":61.6,"avg_discount":80.6},{"deal_name":"Employee - 40% OFF","times_used":66,"units":144.0,"revenue":1099.500013589859,"discounts":733.000009059906,"cost":789.4500017166138,"profit":310.05001187324524,"pre_discount_revenue":1832.5,"margin":28.2,"avg_discount":80.0},{"deal_name":"35% Off Special","times_used":56,"units":66.0,"revenue":1650.9999990463257,"discounts":888.9999997615814,"cost":688.8250064849854,"profit":962.1749925613403,"pre_discount_revenue":2540.0,"margin":58.3,"avg_discount":70.0},{"deal_name":"Internal Brands - 25% Off","times_used":54,"units":78.0,"revenue":585.0,"discounts":195.0,"cost":390.0,"profit":195.0,"pre_discount_revenue":780.0,"margin":33.3,"avg_discount":50.0},{"deal_name":"Store Credit - $25","times_used":54,"units":109.0,"revenue":822.3000055551529,"discounts":957.7000057697296,"cost":666.5375030040741,"profit":155.7625013589859,"pre_discount_revenue":1780.0,"margin":18.9,"avg_discount":107.6},{"deal_name":"Store Credit - $15","times_used":46,"units":73.0,"revenue":592.6624953746796,"discounts":496.0874989628792,"cost":428.6625015735626,"profit":163.99999350309372,"pre_discount_revenue":1088.75,"margin":27.7,"avg_discount":91.2},{"deal_name":"G+G / Pistola Mix n Match 1/2 for $85","times_used":30,"units":94.0,"revenue":2496.875,"discounts":2065.625,"cost":1014.0250039100647,"profit":1482.8499960899353,"pre_discount_revenue":4562.5,"margin":59.4,"avg_discount":90.6},{"deal_name":"Flower Special - $35 7G / $60 14G","times_used":30,"units":78.0,"revenue":1575.0,"discounts":1375.0,"cost":841.4250111579895,"profit":733.5749888420105,"pre_discount_revenue":2950.0,"margin":46.6,"avg_discount":93.2},{"deal_name":"FAde / Retreat/ G+G / Pistola - 30% Off","times_used":22,"units":30.0,"revenue":295.7499969005585,"discounts":126.75000309944153,"cost":173.1500005722046,"profit":122.59999632835388,"pre_discount_revenue":422.5,"margin":41.5,"avg_discount":60.0},{"deal_name":"Medical - 10%","times_used":22,"units":30.0,"revenue":373.4999966621399,"discounts":41.50000020861626,"cost":173.1500005722046,"profit":200.34999132156372,"pre_discount_revenue":415.0,"margin":53.6,"avg_discount":20.0},{"deal_name":"Store Credit - $50","times_used":18,"units":44.0,"revenue":332.4124976992607,"discounts":417.58750081062317,"cost":272.0875012874603,"profit":60.32499611377716,"pre_discount_revenue":750.0,"margin":18.1,"avg_discount":111.4},{"deal_name":"5 FOR $40 Mix N Match Pre Roll","times_used":16,"units":26.0,"revenue":260.0,"discounts":32.5,"cost":130.0,"profit":130.0,"pre_discount_revenue":292.5,"margin":50.0,"avg_discount":22.2},{"deal_name":"Sammy Davis Early Bird - 15% Off","times_used":10,"units":18.0,"revenue":153.00000429153442,"discounts":27.000001072883606,"cost":90.0,"profit":63.000004291534424,"pre_discount_revenue":180.0,"margin":41.2,"avg_discount":30.0},{"deal_name":"25% Off Special","times_used":10,"units":10.0,"revenue":281.25,"discounts":93.75,"cost":107.87500143051147,"profit":173.37499856948853,"pre_discount_revenue":375.0,"margin":61.6,"avg_discount":50.0},{"deal_name":"Sunset Flower - Cactus","times_used":10,"units":16.0,"revenue":325.0,"discounts":275.0,"cost":172.60000228881836,"profit":152.39999771118164,"pre_discount_revenue":600.0,"margin":46.9,"avg_discount":91.6},{"deal_name":"Reno - Early Bird - Senior / Veterans - 20%","times_used":6,"units":6.0,"revenue":92.00000047683716,"discounts":23.00000011920929,"cost":41.575000286102295,"profit":50.42500019073486,"pre_discount_revenue":115.0,"margin":54.8,"avg_discount":40.0}],"top_products":[{"product":"SOUR BANANA SHERBERT EIGHTH - GREEN & GOLD","units":68006,"revenue":1651858.28125,"cost":733614.765625,"profit":918243.59375,"transactions":35126,"margin":55.599998474121094},{"product":"SOUR BANANA SHERBERT PRE ROLL - GREEN & GOLD","units":83960,"revenue":683203.4375,"cost":419800.0,"profit":263403.45703125,"transactions":57288,"margin":38.599998474121094},{"product":"WEDDING STOMPER EIGHTH - GREEN & GOLD","units":10612,"revenue":319661.0546875,"cost":114476.953125,"profit":205184.08203125,"transactions":7860,"margin":64.19999694824219},{"product":"WEDDING STOMPER PRE ROLL - GREEN & GOLD","units":38296,"revenue":301857.0703125,"cost":191480.0,"profit":110377.0703125,"transactions":28150,"margin":36.599998474121094},{"product":"NILLA WAFER EIGHTH - GREEN & GOLD","units":10198,"revenue":296506.09375,"cost":110010.927734375,"profit":186495.17578125,"transactions":7364,"margin":62.900001525878906},{"product":"BLUE DREAM PRE ROLL - GREEN & GOLD","units":30298,"revenue":243620.2734375,"cost":151490.0,"profit":92130.2734375,"transactions":21114,"margin":37.79999923706055},{"product":"24K GOLD PRE ROLL - GREEN & GOLD","units":29350,"revenue":235794.55078125,"cost":146750.0,"profit":89044.55078125,"transactions":20528,"margin":37.79999923706055},{"product":"NILLA WAFER PRE ROLL - GREEN & GOLD","units":29430,"revenue":230584.70703125,"cost":147150.0,"profit":83434.697265625,"transactions":21740,"margin":36.20000076293945},{"product":"RESERVE OG PRE ROLL - GREEN & GOLD","units":29230,"revenue":227873.30078125,"cost":146150.0,"profit":81723.30078125,"transactions":21524,"margin":35.900001525878906},{"product":"ANIMAL MINTS PRE ROLL - GREEN & GOLD","units":22360,"revenue":172803.30078125,"cost":111800.0,"profit":61003.30078125,"transactions":17224,"margin":35.29999923706055},{"product":"PURE KUSH PRE ROLL - GREEN & GOLD","units":19626,"revenue":150478.095703125,"cost":98130.0,"profit":52348.1005859375,"transactions":14298,"margin":34.79999923706055},{"product":"BLUE ALIEN PRE ROLL - GREEN & GOLD","units":17526,"revenue":138149.052734375,"cost":87630.0,"profit":50519.0478515625,"transactions":13390,"margin":36.599998474121094},{"product":"BLUE ALIEN EIGHTH - GREEN & GOLD","units":3802,"revenue":105302.05078125,"cost":41014.0771484375,"profit":64287.9736328125,"transactions":2930,"margin":61.099998474121094},{"product":"BLOOD DRIVE PRE ROLL - GREEN & GOLD","units":11942,"revenue":94062.021484375,"cost":59710.0,"profit":34352.02392578125,"transactions":8634,"margin":36.5},{"product":"RESERVE OG EIGHTH - GREEN & GOLD","units":3270,"revenue":89273.095703125,"cost":35275.12451171875,"profit":53997.9736328125,"transactions":2512,"margin":60.5},{"product":"PURE KUSH EIGHTH - GREEN & GOLD","units":2796,"revenue":76531.7236328125,"cost":30161.8505859375,"profit":46369.873046875,"transactions":2076,"margin":60.599998474121094},{"product":"24K GOLD EIGHTH - GREEN & GOLD","units":2592,"revenue":73882.5732421875,"cost":27961.201171875,"profit":45921.3720703125,"transactions":2098,"margin":62.20000076293945},{"product":"HEADBAND COOKIES PRE ROLL - GREEN & GOLD","units":8038,"revenue":62829.2236328125,"cost":40190.0,"profit":22639.22607421875,"transactions":6418,"margin":36.0},{"product":"BLUE DREAM EIGHTH - GREEN & GOLD","units":1742,"revenue":55065.126953125,"cost":18791.824951171875,"profit":36273.29833984375,"transactions":1180,"margin":65.9000015258789},{"product":"HEADBAND COOKIES EIGHTH - GREEN & GOLD","units":1460,"revenue":39191.2255859375,"cost":15749.749755859375,"profit":23441.474609375,"transactions":1080,"margin":59.79999923706055},{"product":"ANIMAL MINTS EIGHTH - GREEN & GOLD","units":1270,"revenue":33547.900390625,"cost":13700.125732421875,"profit":19847.774658203125,"transactions":1010,"margin":59.20000076293945},{"product":"GOLD LEAF EIGHTH - GREEN & GOLD","units":846,"revenue":23456.25,"cost":9126.224975585938,"profit":14330.0244140625,"transactions":714,"margin":61.099998474121094},{"product":"GOLD LEAF PRE ROLL - GREEN & GOLD","units":2660,"revenue":19296.97509765625,"cost":13300.0,"profit":5996.97509765625,"transactions":2212,"margin":31.100000381469727},{"product":"LILAC COOKIES EIGHTH - GREEN & GOLD","units":774,"revenue":19225.0,"cost":8349.525146484375,"profit":10875.474853515625,"transactions":694,"margin":56.599998474121094},{"product":"BLUE ALIEN BAKERS BATCH - GREEN & GOLD","units":246,"revenue":13837.5,"cost":2653.7249755859375,"profit":11183.7744140625,"transactions":240,"margin":80.80000305175781}],"products_by_store":{"Elevation Springs":[{"product":"SOUR BANANA SHERBERT EIGHTH - GREEN & GOLD","units":13372,"revenue":333910.234375,"cost":144250.44921875,"profit":189659.765625,"transactions":7694,"margin":56.79999923706055},{"product":"SOUR BANANA SHERBERT PRE ROLL - GREEN & GOLD","units":18896,"revenue":150903.671875,"cost":94480.0,"profit":56423.6767578125,"transactions":12116,"margin":37.400001525878906},{"product":"WEDDING STOMPER PRE ROLL - GREEN & GOLD","units":9932,"revenue":77277.0751953125,"cost":49660.0,"profit":27617.0751953125,"transactions":6628,"margin":35.70000076293945},{"product":"WEDDING STOMPER EIGHTH - GREEN & GOLD","units":2360,"revenue":73544.6240234375,"cost":25458.5009765625,"profit":48086.123046875,"transactions":1888,"margin":65.4000015258789},{"product":"NILLA WAFER EIGHTH - GREEN & GOLD","units":1876,"revenue":58409.3994140625,"cost":20237.349853515625,"profit":38172.04833984375,"transactions":1546,"margin":65.4000015258789},{"product":"RESERVE OG PRE ROLL - GREEN & GOLD","units":7000,"revenue":53989.0234375,"cost":35000.0,"profit":18989.024658203125,"transactions":4734,"margin":35.20000076293945},{"product":"NILLA WAFER PRE ROLL - GREEN & GOLD","units":6700,"revenue":52203.1494140625,"cost":33500.0,"profit":18703.1494140625,"transactions":4624,"margin":35.79999923706055},{"product":"BLUE DREAM PRE ROLL - GREEN & GOLD","units":6310,"revenue":50916.25,"cost":31550.0,"profit":19366.25,"transactions":3920,"margin":38.0},{"product":"24K GOLD PRE ROLL - GREEN & GOLD","units":5904,"revenue":46937.2998046875,"cost":29520.0,"profit":17417.2998046875,"transactions":3986,"margin":37.099998474121094},{"product":"ANIMAL MINTS PRE ROLL - GREEN & GOLD","units":5258,"revenue":41228.076171875,"cost":26290.0,"profit":14938.074951171875,"transactions":3778,"margin":36.20000076293945},{"product":"PURE KUSH PRE ROLL - GREEN & GOLD","units":3512,"revenue":27485.50048828125,"cost":17560.0,"profit":9925.499877929688,"transactions":2600,"margin":36.099998474121094},{"product":"BLUE ALIEN PRE ROLL - GREEN & GOLD","units":3224,"revenue":25301.025390625,"cost":16120.0,"profit":9181.024780273438,"transactions":2294,"margin":36.29999923706055},{"product":"BLOOD DRIVE PRE ROLL - GREEN & GOLD","units":2540,"revenue":20556.201171875,"cost":12700.0,"profit":7856.199951171875,"transactions":1810,"margin":38.20000076293945},{"product":"BLUE ALIEN EIGHTH - GREEN & GOLD","units":682,"revenue":18135.6005859375,"cost":7357.0751953125,"profit":10778.524169921875,"transactions":566,"margin":59.400001525878906},{"product":"PURE KUSH EIGHTH - GREEN & GOLD","units":698,"revenue":18101.25,"cost":7529.67529296875,"profit":10571.57470703125,"transactions":536,"margin":58.400001525878906}],"Elevation Mesa":[{"product":"SOUR BANANA SHERBERT EIGHTH - GREEN & GOLD","units":15038,"revenue":380930.6640625,"cost":162222.421875,"profit":218708.2421875,"transactions":8464,"margin":57.400001525878906},{"product":"SOUR BANANA SHERBERT PRE ROLL - GREEN & GOLD","units":26814,"revenue":222784.98046875,"cost":134070.0,"profit":88714.970703125,"transactions":16554,"margin":39.79999923706055},{"product":"WEDDING STOMPER PRE ROLL - GREEN & GOLD","units":10220,"revenue":81316.0009765625,"cost":51100.0,"profit":30216.0009765625,"transactions":7582,"margin":37.20000076293945},{"product":"WEDDING STOMPER EIGHTH - GREEN & GOLD","units":2308,"revenue":69457.5,"cost":24897.55126953125,"profit":44559.9462890625,"transactions":1776,"margin":64.19999694824219},{"product":"NILLA WAFER EIGHTH - GREEN & GOLD","units":2516,"revenue":68747.0751953125,"cost":27141.35009765625,"profit":41605.72265625,"transactions":1874,"margin":60.5},{"product":"RESERVE OG PRE ROLL - GREEN & GOLD","units":7260,"revenue":59427.40234375,"cost":36300.0,"profit":23127.39990234375,"transactions":5702,"margin":38.900001525878906},{"product":"NILLA WAFER PRE ROLL - GREEN & GOLD","units":7584,"revenue":59274.90234375,"cost":37920.0,"profit":21354.89990234375,"transactions":5408,"margin":36.0},{"product":"24K GOLD PRE ROLL - GREEN & GOLD","units":6238,"revenue":51294.7509765625,"cost":31190.0,"profit":20104.749755859375,"transactions":4564,"margin":39.20000076293945},{"product":"BLUE DREAM PRE ROLL - GREEN & GOLD","units":5892,"revenue":47470.2978515625,"cost":29460.0,"profit":18010.30029296875,"transactions":4292,"margin":37.900001525878906},{"product":"BLUE ALIEN PRE ROLL - GREEN & GOLD","units":4412,"revenue":36730.30029296875,"cost":22060.0,"profit":14670.30029296875,"transactions":3334,"margin":39.900001525878906},{"product":"ANIMAL MINTS PRE ROLL - GREEN & GOLD","units":4480,"revenue":34326.2744140625,"cost":22400.0,"profit":11926.2744140625,"transactions":3618,"margin":34.70000076293945},{"product":"PURE KUSH PRE ROLL - GREEN & GOLD","units":4138,"revenue":33371.57470703125,"cost":20690.0,"profit":12681.57470703125,"transactions":2954,"margin":38.0},{"product":"BLUE ALIEN EIGHTH - GREEN & GOLD","units":1018,"revenue":27634.07470703125,"cost":10981.6748046875,"profit":16652.39990234375,"transactions":796,"margin":60.29999923706055},{"product":"PURE KUSH EIGHTH - GREEN & GOLD","units":792,"revenue":21346.25,"cost":8543.699951171875,"profit":12802.550048828125,"transactions":620,"margin":60.0},{"product":"BLOOD DRIVE PRE ROLL - GREEN & GOLD","units":2182,"revenue":17742.225341796875,"cost":10910.0,"profit":6832.2247314453125,"transactions":1676,"margin":38.5}],"Elevation Oasis":[{"product":"SOUR BANANA SHERBERT EIGHTH - GREEN & GOLD","units":15578,"revenue":352196.0546875,"cost":168047.67578125,"profit":184148.37890625,"transactions":5116,"margin":52.29999923706055},{"product":"NILLA WAFER EIGHTH - GREEN & GOLD","units":2306,"revenue":68399.0771484375,"cost":24875.97412109375,"profit":43523.095703125,"transactions":1400,"margin":63.599998474121094},{"product":"WEDDING STOMPER EIGHTH - GREEN & GOLD","units":2276,"revenue":67147.900390625,"cost":24552.35107421875,"profit":42595.546875,"transactions":1366,"margin":63.400001525878906},{"product":"SOUR BANANA SHERBERT PRE ROLL - GREEN & GOLD","units":8204,"revenue":64801.025390625,"cost":41020.0,"profit":23781.025390625,"transactions":5656,"margin":36.70000076293945},{"product":"BLUE DREAM PRE ROLL - GREEN & GOLD","units":4396,"revenue":35896.97509765625,"cost":21980.0,"profit":13916.97509765625,"transactions":2714,"margin":38.79999923706055},{"product":"24K GOLD PRE ROLL - GREEN & GOLD","units":4486,"revenue":35468.974609375,"cost":22430.0,"profit":13038.974609375,"transactions":2872,"margin":36.79999923706055},{"product":"BLUE ALIEN EIGHTH - GREEN & GOLD","units":1170,"revenue":34058.75,"cost":12621.375732421875,"profit":21437.373046875,"transactions":782,"margin":62.900001525878906},{"product":"WEDDING STOMPER PRE ROLL - GREEN & GOLD","units":4288,"revenue":33680.27587890625,"cost":21440.0,"profit":12240.274658203125,"transactions":2938,"margin":36.29999923706055},{"product":"RESERVE OG PRE ROLL - GREEN & GOLD","units":3740,"revenue":28835.27587890625,"cost":18700.0,"profit":10135.274658203125,"transactions":2546,"margin":35.099998474121094},{"product":"NILLA WAFER PRE ROLL - GREEN & GOLD","units":3474,"revenue":26961.35009765625,"cost":17370.0,"profit":9591.35009765625,"transactions":2416,"margin":35.599998474121094},{"product":"PURE KUSH PRE ROLL - GREEN & GOLD","units":2708,"revenue":21218.64990234375,"cost":13540.0,"profit":7678.64990234375,"transactions":1824,"margin":36.20000076293945},{"product":"HEADBAND COOKIES EIGHTH - GREEN & GOLD","units":752,"revenue":20735.0,"cost":8112.2003173828125,"profit":12622.799072265625,"transactions":438,"margin":60.900001525878906},{"product":"ANIMAL MINTS PRE ROLL - GREEN & GOLD","units":2496,"revenue":19474.124755859375,"cost":12480.0,"profit":6994.124755859375,"transactions":1814,"margin":35.900001525878906},{"product":"BLUE ALIEN PRE ROLL - GREEN & GOLD","units":2370,"revenue":18078.824462890625,"cost":11850.0,"profit":6228.8250732421875,"transactions":1592,"margin":34.5},{"product":"PURE KUSH EIGHTH - GREEN & GOLD","units":598,"revenue":17665.74951171875,"cost":6450.92529296875,"profit":11214.82421875,"transactions":356,"margin":63.5}],"Elevation Downtown":[{"product":"SOUR BANANA SHERBERT PRE ROLL - GREEN & GOLD","units":1782,"revenue":13755.650634765625,"cost":8910.0,"profit":4845.6500244140625,"transactions":1426,"margin":35.20000076293945},{"product":"BLUE DREAM PRE ROLL - GREEN & GOLD","units":782,"revenue":6185.999755859375,"cost":3910.0,"profit":2276.0000610351562,"transactions":622,"margin":36.79999923706055},{"product":"NILLA WAFER PRE ROLL - GREEN & GOLD","units":766,"revenue":6065.8502197265625,"cost":3830.0,"profit":2235.850067138672,"transactions":624,"margin":36.900001525878906},{"product":"24K GOLD PRE ROLL - GREEN & GOLD","units":748,"revenue":5535.374755859375,"cost":3740.0,"profit":1795.3750610351562,"transactions":568,"margin":32.400001525878906},{"product":"WEDDING STOMPER EIGHTH - GREEN & GOLD","units":170,"revenue":4880.625,"cost":1833.8749694824219,"profit":3046.7498779296875,"transactions":152,"margin":62.400001525878906},{"product":"WEDDING STOMPER PRE ROLL - GREEN & GOLD","units":558,"revenue":4037.349853515625,"cost":2790.0,"profit":1247.3500061035156,"transactions":474,"margin":30.899999618530273},{"product":"ANIMAL MINTS PRE ROLL - GREEN & GOLD","units":564,"revenue":3872.974853515625,"cost":2820.0,"profit":1052.9750061035156,"transactions":418,"margin":27.200000762939453},{"product":"BLUE DREAM EIGHTH - GREEN & GOLD","units":130,"revenue":3801.25,"cost":1402.3750305175781,"profit":2398.8748168945312,"transactions":90,"margin":63.099998474121094},{"product":"RESERVE OG PRE ROLL - GREEN & GOLD","units":468,"revenue":3587.0001220703125,"cost":2340.0,"profit":1246.9999694824219,"transactions":380,"margin":34.79999923706055},{"product":"SOUR BANANA SHERBERT EIGHTH - GREEN & GOLD","units":140,"revenue":3485.0,"cost":1510.2500915527344,"profit":1974.7499084472656,"transactions":118,"margin":56.70000076293945},{"product":"BLUE ALIEN PRE ROLL - GREEN & GOLD","units":496,"revenue":3420.0,"cost":2480.0,"profit":940.0,"transactions":402,"margin":27.5},{"product":"HEADBAND COOKIES PRE ROLL - GREEN & GOLD","units":426,"revenue":3378.9999389648438,"cost":2130.0,"profit":1249.000015258789,"transactions":342,"margin":37.0},{"product":"PURE KUSH PRE ROLL - GREEN & GOLD","units":484,"revenue":3296.199951171875,"cost":2420.0,"profit":876.2000274658203,"transactions":402,"margin":26.600000381469727},{"product":"BLOOD DRIVE PRE ROLL - GREEN & GOLD","units":390,"revenue":2719.1250610351562,"cost":1950.0,"profit":769.1250610351562,"transactions":310,"margin":28.299999237060547},{"product":"NILLA WAFER EIGHTH - GREEN & GOLD","units":82,"revenue":2537.5,"cost":884.5750427246094,"profit":1652.9249572753906,"transactions":76,"margin":65.0999984741211}],"Elevation Midtown":[{"product":"SOUR BANANA SHERBERT EIGHTH - GREEN & GOLD","units":8838,"revenue":210478.5546875,"cost":95339.921875,"profit":115138.623046875,"transactions":4840,"margin":54.70000076293945},{"product":"SOUR BANANA SHERBERT PRE ROLL - GREEN & GOLD","units":6036,"revenue":48760.17578125,"cost":30180.0,"profit":18580.174560546875,"transactions":4852,"margin":38.099998474121094},{"product":"WEDDING STOMPER EIGHTH - GREEN & GOLD","units":1360,"revenue":43051.875,"cost":14670.999755859375,"profit":28380.8740234375,"transactions":984,"margin":65.9000015258789},{"product":"NILLA WAFER EIGHTH - GREEN & GOLD","units":1192,"revenue":38317.451171875,"cost":12858.699951171875,"profit":25458.75,"transactions":826,"margin":66.4000015258789},{"product":"BLUE DREAM PRE ROLL - GREEN & GOLD","units":4360,"revenue":35231.75048828125,"cost":21800.0,"profit":13431.75048828125,"transactions":3396,"margin":38.099998474121094},{"product":"24K GOLD PRE ROLL - GREEN & GOLD","units":3962,"revenue":30959.02587890625,"cost":19810.0,"profit":11149.024658203125,"transactions":2850,"margin":36.0},{"product":"RESERVE OG PRE ROLL - GREEN & GOLD","units":3764,"revenue":27739.3994140625,"cost":18820.0,"profit":8919.400024414062,"transactions":2664,"margin":32.20000076293945},{"product":"NILLA WAFER PRE ROLL - GREEN & GOLD","units":3412,"revenue":27542.2509765625,"cost":17060.0,"profit":10482.249755859375,"transactions":2830,"margin":38.099998474121094},{"product":"ANIMAL MINTS PRE ROLL - GREEN & GOLD","units":3518,"revenue":25534.150390625,"cost":17590.0,"profit":7944.1497802734375,"transactions":2938,"margin":31.100000381469727},{"product":"WEDDING STOMPER PRE ROLL - GREEN & GOLD","units":3172,"revenue":24735.92529296875,"cost":15860.0,"profit":8875.92529296875,"transactions":2750,"margin":35.900001525878906},{"product":"PURE KUSH PRE ROLL - GREEN & GOLD","units":2880,"revenue":20973.67431640625,"cost":14400.0,"profit":6573.6749267578125,"transactions":1950,"margin":31.299999237060547},{"product":"RESERVE OG EIGHTH - GREEN & GOLD","units":658,"revenue":20603.44970703125,"cost":7098.175048828125,"profit":13505.274658203125,"transactions":526,"margin":65.5},{"product":"BLUE ALIEN PRE ROLL - GREEN & GOLD","units":2156,"revenue":15979.725341796875,"cost":10780.0,"profit":5199.7247314453125,"transactions":1782,"margin":32.5},{"product":"BLUE ALIEN BAKERS BATCH - GREEN & GOLD","units":246,"revenue":13837.5,"cost":2653.7249755859375,"profit":11183.7744140625,"transactions":240,"margin":80.80000305175781},{"product":"BLOOD DRIVE PRE ROLL - GREEN & GOLD","units":1662,"revenue":12902.62451171875,"cost":8310.0,"profit":4592.6251220703125,"transactions":1220,"margin":35.599998474121094}],"Elevation Boulevard":[{"product":"SOUR BANANA SHERBERT EIGHTH - GREEN & GOLD","units":12006,"revenue":294009.62890625,"cost":129514.7265625,"profit":164494.90234375,"transactions":7018,"margin":55.900001525878906},{"product":"SOUR BANANA SHERBERT PRE ROLL - GREEN & GOLD","units":15854,"revenue":131043.49609375,"cost":79270.0,"profit":51773.5009765625,"transactions":11880,"margin":39.5},{"product":"WEDDING STOMPER PRE ROLL - GREEN & GOLD","units":7282,"revenue":58745.09765625,"cost":36410.0,"profit":22335.10009765625,"transactions":5558,"margin":38.0},{"product":"NILLA WAFER EIGHTH - GREEN & GOLD","units":1734,"revenue":46271.42578125,"cost":18705.52490234375,"profit":27565.8984375,"transactions":1274,"margin":59.599998474121094},{"product":"24K GOLD PRE ROLL - GREEN & GOLD","units":5588,"revenue":45300.80078125,"cost":27940.0,"profit":17360.799560546875,"transactions":3840,"margin":38.29999923706055},{"product":"BLUE DREAM PRE ROLL - GREEN & GOLD","units":5682,"revenue":44313.22265625,"cost":28410.0,"profit":15903.22509765625,"transactions":4230,"margin":35.900001525878906},{"product":"WEDDING STOMPER EIGHTH - GREEN & GOLD","units":1540,"revenue":42844.1259765625,"cost":16612.750244140625,"profit":26231.37451171875,"transactions":1270,"margin":61.20000076293945},{"product":"RESERVE OG PRE ROLL - GREEN & GOLD","units":5166,"revenue":39954.7509765625,"cost":25830.0,"profit":14124.749755859375,"transactions":4040,"margin":35.400001525878906},{"product":"NILLA WAFER PRE ROLL - GREEN & GOLD","units":4874,"revenue":38154.94873046875,"cost":24370.0,"profit":13784.949951171875,"transactions":3766,"margin":36.099998474121094},{"product":"ANIMAL MINTS PRE ROLL - GREEN & GOLD","units":4094,"revenue":32540.30029296875,"cost":20470.0,"profit":12070.30029296875,"transactions":3190,"margin":37.099998474121094},{"product":"BLUE ALIEN PRE ROLL - GREEN & GOLD","units":3642,"revenue":28737.97607421875,"cost":18210.0,"profit":10527.974853515625,"transactions":3004,"margin":36.599998474121094},{"product":"PURE KUSH PRE ROLL - GREEN & GOLD","units":4016,"revenue":28721.12548828125,"cost":20080.0,"profit":8641.124877929688,"transactions":3184,"margin":30.100000381469727},{"product":"BLOOD DRIVE PRE ROLL - GREEN & GOLD","units":2178,"revenue":16320.775146484375,"cost":10890.0,"profit":5430.775146484375,"transactions":1652,"margin":33.29999923706055},{"product":"RESERVE OG EIGHTH - GREEN & GOLD","units":644,"revenue":16106.2744140625,"cost":6947.1502685546875,"profit":9159.124755859375,"transactions":522,"margin":56.900001525878906},{"product":"HEADBAND COOKIES PRE ROLL - GREEN & GOLD","units":1738,"revenue":12142.5,"cost":8690.0,"profit":3452.5,"transactions":1458,"margin":28.399999618530273}],"Elevation Parkway":[{"product":"SOUR BANANA SHERBERT EIGHTH - GREEN & GOLD","units":3034,"revenue":76848.1982421875,"cost":32729.27490234375,"profit":44118.92578125,"transactions":1876,"margin":57.400001525878906},{"product":"SOUR BANANA SHERBERT PRE ROLL - GREEN & GOLD","units":6374,"revenue":51154.4482421875,"cost":31870.0,"profit":19284.449462890625,"transactions":4804,"margin":37.70000076293945},{"product":"BLUE DREAM PRE ROLL - GREEN & GOLD","units":2876,"revenue":23605.77392578125,"cost":14380.0,"profit":9225.775146484375,"transactions":1940,"margin":39.099998474121094},{"product":"WEDDING STOMPER PRE ROLL - GREEN & GOLD","units":2844,"revenue":22065.34912109375,"cost":14220.0,"profit":7845.3497314453125,"transactions":2220,"margin":35.599998474121094},{"product":"NILLA WAFER PRE ROLL - GREEN & GOLD","units":2620,"revenue":20382.249755859375,"cost":13100.0,"profit":7282.249755859375,"transactions":2072,"margin":35.70000076293945},{"product":"24K GOLD PRE ROLL - GREEN & GOLD","units":2424,"revenue":20298.3251953125,"cost":12120.0,"profit":8178.3251953125,"transactions":1848,"margin":40.29999923706055},{"product":"WEDDING STOMPER EIGHTH - GREEN & GOLD","units":598,"revenue":18734.3994140625,"cost":6450.92529296875,"profit":12283.47412109375,"transactions":424,"margin":65.5999984741211},{"product":"ANIMAL MINTS PRE ROLL - GREEN & GOLD","units":1950,"revenue":15827.39990234375,"cost":9750.0,"profit":6077.39990234375,"transactions":1468,"margin":38.400001525878906},{"product":"PURE KUSH PRE ROLL - GREEN & GOLD","units":1888,"revenue":15411.37451171875,"cost":9440.0,"profit":5971.3751220703125,"transactions":1384,"margin":38.70000076293945},{"product":"RESERVE OG PRE ROLL - GREEN & GOLD","units":1832,"revenue":14340.450439453125,"cost":9160.0,"profit":5180.4498291015625,"transactions":1458,"margin":36.099998474121094},{"product":"NILLA WAFER EIGHTH - GREEN & GOLD","units":492,"revenue":13824.1748046875,"cost":5307.449951171875,"profit":8516.724853515625,"transactions":368,"margin":61.599998474121094},{"product":"BLUE ALIEN PRE ROLL - GREEN & GOLD","units":1226,"revenue":9901.199951171875,"cost":6130.0,"profit":3771.199951171875,"transactions":982,"margin":38.099998474121094},{"product":"BLOOD DRIVE PRE ROLL - GREEN & GOLD","units":1206,"revenue":9795.025024414062,"cost":6030.0,"profit":3765.0250244140625,"transactions":872,"margin":38.400001525878906},{"product":"RESERVE OG EIGHTH - GREEN & GOLD","units":300,"revenue":7286.6748046875,"cost":3236.25,"profit":4050.4248046875,"transactions":244,"margin":55.599998474121094},{"product":"24K GOLD EIGHTH - GREEN & GOLD","units":220,"revenue":6350.2001953125,"cost":2373.249969482422,"profit":3976.9497680664062,"transactions":188,"margin":62.599998474121094}]},"store_summary":[{"store_clean":"Elevation Mesa","units":105462,"revenue":1287123.75,"cost":663790.859375,"profit":623332.9296875,"discounts":747423.75,"margin":48.400001525878906,"discount_rate":36.70000076293945},{"store_clean":"Elevation Springs","units":93106,"revenue":1129879.296875,"cost":588039.8046875,"profit":541839.4921875,"discounts":663635.703125,"margin":48.0,"discount_rate":37.0},{"store_clean":"Elevation Boulevard","units":79404,"revenue":938646.5625,"cost":501241.2890625,"profit":437405.2734375,"discounts":604735.9375,"margin":46.599998474121094,"discount_rate":39.20000076293945},{"store_clean":"Elevation Oasis","units":64492,"revenue":937789.921875,"cost":466105.7421875,"profit":471684.1796875,"discounts":743645.078125,"margin":50.29999923706055,"discount_rate":44.20000076293945},{"store_clean":"Elevation Midtown","units":51094,"revenue":678317.265625,"cost":339643.3984375,"profit":338673.8671875,"discounts":429020.234375,"margin":49.900001525878906,"discount_rate":38.70000076293945},{"store_clean":"Elevation Parkway","units":32092,"revenue":352470.5859375,"cost":192117.6171875,"profit":160352.94921875,"discounts":175219.43359375,"margin":45.5,"discount_rate":33.20000076293945},{"store_clean":"Elevation Downtown","units":8450,"revenue":79581.650390625,"cost":46856.8505859375,"profit":32724.7998046875,"discounts":29858.349609375,"margin":41.099998474121094,"discount_rate":27.299999237060547}],"recommendations":[{"severity":"red","title":"PRE ROLL: BELOW CATEGORY AVERAGE","detail":"Margin (37.0%) is 11 pts below PRE ROLL average. Ranked #2 of 46. Strong case for cost negotiation.","action":"Request 6% cost reduction or evaluate alternative PRE ROLL brands."},{"severity":"yellow","title":"CATEGORY BENCHMARK GAP","detail":"Overall margin (48.2%) trails FLOWER average (54.1%) by 5.9 pts.","action":"Negotiate cost reduction or increase retail price."},{"severity":"red","title":"HIGH PROMOTION DEPENDENCY","detail":"Only 23% sells at full price. Heavy discounting required.","action":"Test reducing deal frequency \u2014 track velocity without promos."},{"severity":"info","title":"VOLUME LEVERAGE","detail":"$2,161,524 revenue provides negotiating leverage.","action":"Use volume as leverage in next vendor meeting."}],"comparison":null}