{"brand":"JUICY","date_range":"2024-01-01 00:00:00 to 2026-01-31 00:00:00","period_label":"All Time","summary":{"total_units":64,"total_revenue":181.9999885559082,"total_cost":68.15001010894775,"total_discounts":57.99999713897705,"total_profit":113.85001182556152,"overall_margin":62.599998474121094,"fp_margin":62.900001525878906,"disc_margin":62.20000076293945,"pct_full_price":45.29999923706055,"avg_discount_rate":24.200000762939453,"fp_revenue":82.5,"disc_revenue":99.4999885559082,"unique_customers":42,"brand":"JUICY","date_range":"2024-01-01 00:00:00 to 2026-01-31 00:00:00","months_count":14,"avg_monthly_cost":9.725,"cost_per_unit":2.125,"primary_category":"ACCESSORY","primary_cat_margin":61.099998474121094,"category_rank":102,"category_total":136,"margin_vs_category":1.5,"velocity_rank":47},"category_breakdown":[{"category_clean":"ACCESSORY","units":64,"revenue":181.9999885559082,"cost":68.15000057220459,"profit":113.85000228881836,"discounts":57.99999713897705,"margin":62.599998474121094,"category_avg_margin":61.099998474121094,"vs_category":1.5,"rank":102.0,"total_brands":136.0}],"trend":[{"period":"2025-07","revenue":39.000000953674316,"cost":24.525001049041748,"margin":37.1,"units":14,"transactions":14,"profit":14.474999904632568,"revenue_change_pct":null,"units_change_pct":null,"margin_change_pts":null},{"period":"2025-08","revenue":45.74999809265137,"cost":12.625000476837158,"margin":72.4,"units":14,"transactions":14,"profit":33.125,"revenue_change_pct":17.3,"units_change_pct":0,"margin_change_pts":35.3},{"period":"2025-09","revenue":12.749999761581421,"cost":6.375000476837158,"margin":50.0,"units":4,"transactions":4,"profit":6.3749998807907104,"revenue_change_pct":-72.1,"units_change_pct":-71.4,"margin_change_pts":-22.4},{"period":"2025-10","revenue":29.000000953674316,"cost":11.924999952316284,"margin":58.9,"units":10,"transactions":10,"profit":17.074999809265137,"revenue_change_pct":127.5,"units_change_pct":150.0,"margin_change_pts":8.9},{"period":"2025-11","revenue":8.999999761581421,"cost":4.300000071525574,"margin":52.2,"units":4,"transactions":4,"profit":4.699999988079071,"revenue_change_pct":-69.0,"units_change_pct":-60.0,"margin_change_pts":-6.7},{"period":"2025-12","revenue":17.999999523162842,"cost":5.1499998569488525,"margin":71.4,"units":8,"transactions":8,"profit":12.84999966621399,"revenue_change_pct":100.0,"units_change_pct":100.0,"margin_change_pts":19.2},{"period":"2026-01","revenue":28.499999046325684,"cost":3.2500001788139343,"margin":88.6,"units":10,"transactions":8,"profit":25.249998569488525,"revenue_change_pct":58.3,"units_change_pct":25.0,"margin_change_pts":17.2}],"share_of_category":[{"category":"ACCESSORY","brand_revenue":181.9999885559082,"category_revenue":4128754.0625,"revenue_share_pct":0.0,"brand_units":64,"category_units":2130096,"units_share_pct":0.0}],"share_of_category_trend":{"ACCESSORY":[{"period":"2024-01","brand_revenue":0.0,"category_revenue":153543.9453125,"share_pct":0.0},{"period":"2024-02","brand_revenue":0.0,"category_revenue":152399.47265625,"share_pct":0.0},{"period":"2024-03","brand_revenue":0.0,"category_revenue":154678.876953125,"share_pct":0.0},{"period":"2024-04","brand_revenue":0.0,"category_revenue":163353.65234375,"share_pct":0.0},{"period":"2024-05","brand_revenue":0.0,"category_revenue":179676.4453125,"share_pct":0.0},{"period":"2024-06","brand_revenue":0.0,"category_revenue":185008.828125,"share_pct":0.0},{"period":"2024-07","brand_revenue":0.0,"category_revenue":186675.46875,"share_pct":0.0},{"period":"2024-08","brand_revenue":0.0,"category_revenue":180226.328125,"share_pct":0.0},{"period":"2024-09","brand_revenue":0.0,"category_revenue":162386.298828125,"share_pct":0.0},{"period":"2024-10","brand_revenue":0.0,"category_revenue":166088.73046875,"share_pct":0.0},{"period":"2024-11","brand_revenue":0.0,"category_revenue":171706.09375,"share_pct":0.0},{"period":"2024-12","brand_revenue":0.0,"category_revenue":176502.03125,"share_pct":0.0},{"period":"2025-01","brand_revenue":0.0,"category_revenue":167261.34765625,"share_pct":0.0},{"period":"2025-02","brand_revenue":0.0,"category_revenue":155260.927734375,"share_pct":0.0},{"period":"2025-03","brand_revenue":0.0,"category_revenue":176420.390625,"share_pct":0.0},{"period":"2025-04","brand_revenue":0.0,"category_revenue":182694.82421875,"share_pct":0.0},{"period":"2025-05","brand_revenue":0.0,"category_revenue":179904.4921875,"share_pct":0.0},{"period":"2025-06","brand_revenue":0.0,"category_revenue":161148.75,"share_pct":0.0},{"period":"2025-07","brand_revenue":39.000000953674316,"category_revenue":165549.8046875,"share_pct":0.0},{"period":"2025-08","brand_revenue":45.74999809265137,"category_revenue":171752.05078125,"share_pct":0.0},{"period":"2025-09","brand_revenue":12.749999761581421,"category_revenue":168198.9453125,"share_pct":0.0},{"period":"2025-10","brand_revenue":29.000000953674316,"category_revenue":171844.55078125,"share_pct":0.0},{"period":"2025-11","brand_revenue":8.999999761581421,"category_revenue":172839.74609375,"share_pct":0.0},{"period":"2025-12","brand_revenue":17.999999523162842,"category_revenue":141954.873046875,"share_pct":0.0},{"period":"2026-01","brand_revenue":28.499999046325684,"category_revenue":81677.1484375,"share_pct":0.0}]},"discount_depth":[{"tier":"0% (Full Price)","transactions":22,"pct_of_transactions":35.5,"revenue":82.5,"avg_discount":0.0},{"tier":"1-10%","transactions":0,"pct_of_transactions":0.0,"revenue":0.0,"avg_discount":0},{"tier":"11-20%","transactions":0,"pct_of_transactions":0.0,"revenue":0.0,"avg_discount":0},{"tier":"21-30%","transactions":24,"pct_of_transactions":38.7,"revenue":68.25000286102295,"avg_discount":60.0},{"tier":"31%+","transactions":16,"pct_of_transactions":25.8,"revenue":31.25,"avg_discount":95.80000305175781}],"velocity":{"units_per_day":0.34,"revenue_per_day":0.949999988079071,"avg_units_per_txn":2.06,"days_of_data":192,"total_units":64,"total_transactions":62},"velocity_by_category":[{"category":"ACCESSORY","brand_units_per_day":0.08,"category_avg_units_per_day":20.56,"velocity_index":0.4,"brand_rev_per_unit":2.27,"category_rev_per_unit":1.55,"brands_in_category":136}],"deals":[{"deal_name":"Jackpot - Locals 30% Off","times_used":18,"units":20.0,"revenue":52.49999761581421,"discounts":22.499999403953552,"cost":12.950000129640102,"profit":39.55000013113022,"pre_discount_revenue":75.0,"margin":75.3,"avg_discount":60.0},{"deal_name":"Employee 30% - NOT FRIDAYS","times_used":4,"units":4.0,"revenue":10.499999523162842,"discounts":4.4999998807907104,"cost":2.5,"profit":8.00000011920929,"pre_discount_revenue":15.0,"margin":76.2,"avg_discount":60.0}],"top_products":[{"product":"HEMP WRAPS - JUICY","units":64,"revenue":181.9999885559082,"cost":68.15000057220459,"profit":113.85000228881836,"transactions":62,"margin":62.599998474121094}],"products_by_store":{"Elevation Oasis":[{"product":"HEMP WRAPS - JUICY","units":64,"revenue":181.9999885559082,"cost":68.15000057220459,"profit":113.85000228881836,"transactions":62,"margin":62.599998474121094}]},"store_summary":[{"store_clean":"Elevation Oasis","units":64,"revenue":181.9999885559082,"cost":68.15000057220459,"profit":113.85000228881836,"discounts":57.99999713897705,"margin":62.599998474121094,"discount_rate":24.200000762939453}],"recommendations":[],"comparison":null}