{"brand":"SHARPSTONE","date_range":"2024-01-01 00:00:00 to 2026-01-31 00:00:00","period_label":"All Time","summary":{"total_units":30,"total_revenue":581.6749954223633,"total_cost":243.75,"total_discounts":168.32500457763672,"total_profit":337.9249954223633,"overall_margin":58.099998474121094,"fp_margin":67.5,"disc_margin":51.0,"pct_full_price":43.0,"avg_discount_rate":22.399999618530273,"fp_revenue":250.0,"disc_revenue":331.6749954223633,"unique_customers":30,"brand":"SHARPSTONE","date_range":"2024-01-01 00:00:00 to 2026-01-31 00:00:00","months_count":6,"avg_monthly_cost":81.25,"cost_per_unit":16.25,"primary_category":"ACCESSORY","primary_cat_margin":61.099998474121094,"category_rank":67,"category_total":136,"margin_vs_category":-3.0,"velocity_rank":70},"category_breakdown":[{"category_clean":"ACCESSORY","units":28,"revenue":546.6749954223633,"cost":227.5,"profit":319.1749954223633,"discounts":153.32500457763672,"margin":58.400001525878906,"category_avg_margin":61.099998474121094,"vs_category":-2.7,"rank":67.0,"total_brands":136.0}],"trend":[{"period":"2025-11","revenue":85.0,"cost":32.5,"margin":61.8,"units":4,"transactions":4,"profit":52.5,"revenue_change_pct":null,"units_change_pct":null,"margin_change_pts":null},{"period":"2025-12","revenue":320.0,"cost":130.0,"margin":59.4,"units":16,"transactions":16,"profit":190.0,"revenue_change_pct":276.5,"units_change_pct":300.0,"margin_change_pts":-2.4},{"period":"2026-01","revenue":176.67499542236328,"cost":81.25,"margin":54.0,"units":10,"transactions":10,"profit":95.42499542236328,"revenue_change_pct":-44.8,"units_change_pct":-37.5,"margin_change_pts":-5.4}],"share_of_category":[{"category":"ACCESSORY","brand_revenue":546.6749954223633,"category_revenue":4128754.0625,"revenue_share_pct":0.0,"brand_units":28,"category_units":2130096,"units_share_pct":0.0},{"category":0.0,"brand_revenue":0.0,"category_revenue":0.0,"revenue_share_pct":0.0,"brand_units":0,"category_units":0,"units_share_pct":0.0}],"share_of_category_trend":{"ACCESSORY":[{"period":"2024-01","brand_revenue":0.0,"category_revenue":153543.9453125,"share_pct":0.0},{"period":"2024-02","brand_revenue":0.0,"category_revenue":152399.47265625,"share_pct":0.0},{"period":"2024-03","brand_revenue":0.0,"category_revenue":154678.876953125,"share_pct":0.0},{"period":"2024-04","brand_revenue":0.0,"category_revenue":163353.65234375,"share_pct":0.0},{"period":"2024-05","brand_revenue":0.0,"category_revenue":179676.4453125,"share_pct":0.0},{"period":"2024-06","brand_revenue":0.0,"category_revenue":185008.828125,"share_pct":0.0},{"period":"2024-07","brand_revenue":0.0,"category_revenue":186675.46875,"share_pct":0.0},{"period":"2024-08","brand_revenue":0.0,"category_revenue":180226.328125,"share_pct":0.0},{"period":"2024-09","brand_revenue":0.0,"category_revenue":162386.298828125,"share_pct":0.0},{"period":"2024-10","brand_revenue":0.0,"category_revenue":166088.73046875,"share_pct":0.0},{"period":"2024-11","brand_revenue":0.0,"category_revenue":171706.09375,"share_pct":0.0},{"period":"2024-12","brand_revenue":0.0,"category_revenue":176502.03125,"share_pct":0.0},{"period":"2025-01","brand_revenue":0.0,"category_revenue":167261.34765625,"share_pct":0.0},{"period":"2025-02","brand_revenue":0.0,"category_revenue":155260.927734375,"share_pct":0.0},{"period":"2025-03","brand_revenue":0.0,"category_revenue":176420.390625,"share_pct":0.0},{"period":"2025-04","brand_revenue":0.0,"category_revenue":182694.82421875,"share_pct":0.0},{"period":"2025-05","brand_revenue":0.0,"category_revenue":179904.4921875,"share_pct":0.0},{"period":"2025-06","brand_revenue":0.0,"category_revenue":161148.75,"share_pct":0.0},{"period":"2025-07","brand_revenue":0.0,"category_revenue":165549.8046875,"share_pct":0.0},{"period":"2025-08","brand_revenue":0.0,"category_revenue":171752.05078125,"share_pct":0.0},{"period":"2025-09","brand_revenue":0.0,"category_revenue":168198.9453125,"share_pct":0.0},{"period":"2025-10","brand_revenue":0.0,"category_revenue":171844.55078125,"share_pct":0.0},{"period":"2025-11","brand_revenue":50.0,"category_revenue":172839.74609375,"share_pct":0.0},{"period":"2025-12","brand_revenue":320.0,"category_revenue":141954.873046875,"share_pct":0.20000000298023224},{"period":"2026-01","brand_revenue":176.67499542236328,"category_revenue":81677.1484375,"share_pct":0.20000000298023224}]},"discount_depth":[{"tier":"0% (Full Price)","transactions":10,"pct_of_transactions":33.3,"revenue":250.0,"avg_discount":0.0},{"tier":"1-10%","transactions":2,"pct_of_transactions":6.7,"revenue":45.0,"avg_discount":20.0},{"tier":"11-20%","transactions":0,"pct_of_transactions":0.0,"revenue":0.0,"avg_discount":0},{"tier":"21-30%","transactions":2,"pct_of_transactions":6.7,"revenue":37.5,"avg_discount":50.0},{"tier":"31%+","transactions":2,"pct_of_transactions":6.7,"revenue":4.174999892711639,"avg_discount":183.1999969482422}],"velocity":{"units_per_day":0.48,"revenue_per_day":9.225000143051147,"avg_units_per_txn":2.0,"days_of_data":63,"total_units":30,"total_transactions":30},"velocity_by_category":[{"category":"ACCESSORY","brand_units_per_day":0.04,"category_avg_units_per_day":20.56,"velocity_index":0.2,"brand_rev_per_unit":15.62,"category_rev_per_unit":1.55,"brands_in_category":136},{"category":0.0,"brand_units_per_day":0.0,"category_avg_units_per_day":0,"velocity_index":0,"brand_rev_per_unit":0.0,"category_rev_per_unit":0.0,"brands_in_category":0}],"deals":[{"deal_name":"Industry 30% Off","times_used":14,"units":14.0,"revenue":245.0,"discounts":105.0,"cost":113.75,"profit":131.25,"pre_discount_revenue":350.0,"margin":53.6,"avg_discount":60.0},{"deal_name":"Senior - 10% Off","times_used":2,"units":2.0,"revenue":45.0,"discounts":5.0,"cost":16.25,"profit":28.75,"pre_discount_revenue":50.0,"margin":63.9,"avg_discount":20.0},{"deal_name":"Store Credit - $50","times_used":2,"units":2.0,"revenue":4.174999892711639,"discounts":45.82499980926514,"cost":16.25,"profit":-12.074999809265137,"pre_discount_revenue":50.0,"margin":-289.2,"avg_discount":183.2}],"top_products":[{"product":"SHARPSTONE GRINDER","units":30,"revenue":581.6749954223633,"cost":243.75,"profit":337.9249954223633,"transactions":30,"margin":58.099998474121094}],"products_by_store":{"Elevation Boulevard":[{"product":"SHARPSTONE GRINDER","units":30,"revenue":581.6749954223633,"cost":243.75,"profit":337.9249954223633,"transactions":30,"margin":58.099998474121094}]},"store_summary":[{"store_clean":"Elevation Boulevard","units":30,"revenue":581.6749954223633,"cost":243.75,"profit":337.9249954223633,"discounts":168.32500457763672,"margin":58.099998474121094,"discount_rate":22.399999618530273}],"recommendations":[],"comparison":null}