{"brand":"TRAVIS X JAMES","date_range":"2024-01-01 00:00:00 to 2026-01-31 00:00:00","period_label":"All Time","summary":{"total_units":3312,"total_revenue":145907.900390625,"total_cost":82823.10546875,"total_discounts":36939.599609375,"total_profit":63084.7998046875,"overall_margin":43.20000076293945,"fp_margin":53.900001525878906,"disc_margin":37.099998474121094,"pct_full_price":36.400001525878906,"avg_discount_rate":20.200000762939453,"fp_revenue":53048.75,"disc_revenue":92859.16015625,"brand":"TRAVIS X JAMES","date_range":"2024-01-01 00:00:00 to 2026-01-31 00:00:00","primary_category":"FLOWER","store_coverage":"6/7","stores_present":["Elevation Springs","Elevation Mesa","Elevation Oasis","Elevation Midtown","Elevation Boulevard","Elevation Parkway"],"stores_missing":["Elevation Downtown"],"velocity_rank":45,"velocity_total":64},"distribution":[{"store":"Elevation Springs","carries_brand":true,"sku_count":10,"revenue":32793.251953125,"units":726,"store_total_revenue":51138750.0,"brand_share_pct":0.10000000149011612},{"store":"Elevation Mesa","carries_brand":true,"sku_count":14,"revenue":33700.25146484375,"units":798,"store_total_revenue":47532240.0,"brand_share_pct":0.10000000149011612},{"store":"Elevation Oasis","carries_brand":true,"sku_count":10,"revenue":29700.625,"units":668,"store_total_revenue":56050145.0,"brand_share_pct":0.10000000149011612},{"store":"Elevation Downtown","carries_brand":false,"sku_count":0,"revenue":0.0,"units":0,"store_total_revenue":1945237.1875,"brand_share_pct":0},{"store":"Elevation Midtown","carries_brand":true,"sku_count":10,"revenue":19924.55078125,"units":428,"store_total_revenue":30850185.0,"brand_share_pct":0.10000000149011612},{"store":"Elevation Boulevard","carries_brand":true,"sku_count":8,"revenue":17644.7265625,"units":422,"store_total_revenue":28757865.0,"brand_share_pct":0.10000000149011612},{"store":"Elevation Parkway","carries_brand":true,"sku_count":8,"revenue":12144.500732421875,"units":270,"store_total_revenue":21987007.5,"brand_share_pct":0.10000000149011612}],"share_of_category":[{"category":"FLOWER","brand_revenue":145907.900390625,"category_revenue":77755450.0,"revenue_share_pct":0.20000000298023224,"brand_units":3312,"category_units":2708446,"units_share_pct":0.1}],"share_of_category_trend":{"FLOWER":[{"period":"2024-01","brand_revenue":0.0,"category_revenue":3552357.8125,"share_pct":0.0},{"period":"2024-02","brand_revenue":0.0,"category_revenue":3535245.625,"share_pct":0.0},{"period":"2024-03","brand_revenue":39069.49951171875,"category_revenue":3693805.625,"share_pct":1.100000023841858},{"period":"2024-04","brand_revenue":34431.59912109375,"category_revenue":3541899.6875,"share_pct":1.0},{"period":"2024-05","brand_revenue":22303.125,"category_revenue":3537479.375,"share_pct":0.6000000238418579},{"period":"2024-06","brand_revenue":12897.5,"category_revenue":3403269.6875,"share_pct":0.4000000059604645},{"period":"2024-07","brand_revenue":13103.24951171875,"category_revenue":3457705.9375,"share_pct":0.4000000059604645},{"period":"2024-08","brand_revenue":14287.9248046875,"category_revenue":3453819.375,"share_pct":0.4000000059604645},{"period":"2024-09","brand_revenue":9577.5,"category_revenue":3316441.5625,"share_pct":0.30000001192092896},{"period":"2024-10","brand_revenue":237.5,"category_revenue":3585775.0,"share_pct":0.0},{"period":"2024-11","brand_revenue":0.0,"category_revenue":3454855.3125,"share_pct":0.0},{"period":"2024-12","brand_revenue":0.0,"category_revenue":3226567.8125,"share_pct":0.0},{"period":"2025-01","brand_revenue":0.0,"category_revenue":2984938.125,"share_pct":0.0},{"period":"2025-02","brand_revenue":0.0,"category_revenue":2816220.0,"share_pct":0.0},{"period":"2025-03","brand_revenue":0.0,"category_revenue":2911379.6875,"share_pct":0.0},{"period":"2025-04","brand_revenue":0.0,"category_revenue":3118895.3125,"share_pct":0.0},{"period":"2025-05","brand_revenue":0.0,"category_revenue":2887345.0,"share_pct":0.0},{"period":"2025-06","brand_revenue":0.0,"category_revenue":2773698.125,"share_pct":0.0},{"period":"2025-07","brand_revenue":0.0,"category_revenue":2782763.125,"share_pct":0.0},{"period":"2025-08","brand_revenue":0.0,"category_revenue":2733122.8125,"share_pct":0.0},{"period":"2025-09","brand_revenue":0.0,"category_revenue":2603501.5625,"share_pct":0.0},{"period":"2025-10","brand_revenue":0.0,"category_revenue":2663705.0,"share_pct":0.0},{"period":"2025-11","brand_revenue":0.0,"category_revenue":2700189.0625,"share_pct":0.0},{"period":"2025-12","brand_revenue":0.0,"category_revenue":2515209.53125,"share_pct":0.0},{"period":"2026-01","brand_revenue":0.0,"category_revenue":2505261.875,"share_pct":0.0}]},"velocity_by_category":[{"category":"FLOWER","brand_units_per_day":4.34,"category_avg_units_per_day":55.54,"velocity_index":7.8,"brand_rev_per_unit":35.24,"category_rev_per_unit":22.97,"brands_in_category":64}],"store_gaps":[{"store":"Elevation Downtown","category":"FLOWER","category_revenue_at_store":324929.8828125,"opportunity":"Brand not carried"}],"product_mix":{"top":[{"product":"DURBAN POISON EIGHTH - TRAVIS X JAMES","units":1160,"revenue":53703.6767578125,"cost":29000.0,"profit":24703.67431640625,"stores":6,"transactions":880,"margin":46.0},{"product":"GUMMIEZ EIGHTH - TRAVIS X JAMES","units":610,"revenue":23661.4990234375,"cost":15250.0,"profit":8411.500244140625,"stores":6,"transactions":532,"margin":35.5},{"product":"MONKEY TAPE EIGHTH - TRAVIS X JAMES","units":518,"revenue":21812.7490234375,"cost":12950.0,"profit":8862.750244140625,"stores":6,"transactions":460,"margin":40.599998474121094},{"product":"WHITE TAHOE COOKIES EIGHTH - TRAVIS X JAMES","units":328,"revenue":15075.999755859375,"cost":8200.0,"profit":6875.999755859375,"stores":4,"transactions":266,"margin":45.599998474121094},{"product":"MTF EIGHTH - TRAVIS X JAMES","units":320,"revenue":14681.37451171875,"cost":8023.0999755859375,"profit":6658.275146484375,"stores":4,"transactions":282,"margin":45.400001525878906},{"product":"LAVENDER EIGHTH - TRAVIS X JAMES","units":246,"revenue":11506.600341796875,"cost":6150.0,"profit":5356.5997314453125,"stores":3,"transactions":216,"margin":46.599998474121094},{"product":"DOSIDOS EIGHTH - TRAVIS X JAMES","units":130,"revenue":5465.999755859375,"cost":3250.0,"profit":2215.9999084472656,"stores":1,"transactions":114,"margin":40.5}],"bottom":[],"expansion":[{"product":"WHITE TAHOE COOKIES EIGHTH - TRAVIS X JAMES","current_stores":4,"total_stores":6,"missing_stores":["Elevation Boulevard","Elevation Parkway"],"revenue":15075.999755859375},{"product":"MTF EIGHTH - TRAVIS X JAMES","current_stores":4,"total_stores":6,"missing_stores":["Elevation Oasis","Elevation Midtown"],"revenue":14681.37451171875},{"product":"LAVENDER EIGHTH - TRAVIS X JAMES","current_stores":3,"total_stores":6,"missing_stores":["Elevation Springs","Elevation Boulevard","Elevation Parkway"],"revenue":11506.600341796875}]},"pricing_consistency":[{"product":"WHITE TAHOE COOKIES EIGHTH - TRAVIS X JAMES","min_price":68.62857491629464,"max_price":108.31666056315103,"avg_price":91.79125689032936,"std_dev":7.230447057807535,"store_count":8,"price_range":39.68808564685639,"range_pct":43.2},{"product":"GUMMIEZ EIGHTH - TRAVIS X JAMES","min_price":67.55147148581112,"max_price":84.98999633789062,"avg_price":75.18105412142218,"std_dev":2.3801236377454664,"store_count":12,"price_range":17.438524852079496,"range_pct":23.2},{"product":"DURBAN POISON EIGHTH - TRAVIS X JAMES","min_price":84.94022438742897,"max_price":103.30833943684895,"avg_price":93.71047132772495,"std_dev":2.46566493352571,"store_count":12,"price_range":18.368115049419984,"range_pct":19.6},{"product":"MONKEY TAPE EIGHTH - TRAVIS X JAMES","min_price":72.8,"max_price":88.7868812435963,"avg_price":84.63438767118748,"std_dev":2.4074250313361176,"store_count":12,"price_range":15.986881243596303,"range_pct":18.9},{"product":"LAVENDER EIGHTH - TRAVIS X JAMES","min_price":84.20929664789243,"max_price":98.66999511718751,"avg_price":93.76087408336866,"std_dev":3.3091932826218633,"store_count":6,"price_range":14.460698469295075,"range_pct":15.4},{"product":"MTF EIGHTH - TRAVIS X JAMES","min_price":85.9675880714699,"max_price":96.40566268057194,"avg_price":90.71695132659356,"std_dev":1.7510417211324816,"store_count":8,"price_range":10.438074609102035,"range_pct":11.5}],"promotional_effectiveness":{"lift":{"fp_units_per_day":6.56,"disc_units_per_day":12.16,"lift_pct":85.2,"fp_avg_revenue_per_unit":108.475,"disc_avg_revenue_per_unit":79.57499999999999},"by_deal":[{"deal_name":"Industry - 30% Off","uses":235,"revenue":21002.625427246094,"discounts":9001.125111579895,"units":534.0,"cost":13357.700004577637,"margin":36.4,"discount_depth":60.0},{"deal_name":"Travis + James 30% Off!!","uses":112,"revenue":12374.000267982483,"discounts":5451.000075340271,"units":310.0,"cost":7750.0,"margin":37.4,"discount_depth":61.2},{"deal_name":"Stock & Save - 1/4 for $50","uses":71,"revenue":7035.0,"discounts":4955.0,"units":223.0,"cost":5575.0,"margin":20.8,"discount_depth":82.6},{"deal_name":"4/20 40% Off!!!!","uses":51,"revenue":3945.6750345230103,"discounts":2644.3249654769897,"units":128.0,"cost":3200.0,"margin":18.9,"discount_depth":80.2},{"deal_name":"Senior - 10% Off","uses":51,"revenue":7350.250186920166,"discounts":847.2499883174896,"units":153.0,"cost":3825.0,"margin":48.0,"discount_depth":20.6},{"deal_name":"Travis + James 1/4 for $80","uses":28,"revenue":6000.0,"discounts":900.0,"units":120.0,"cost":3000.0,"margin":50.0,"discount_depth":26.0},{"deal_name":"30% Off Special","uses":26,"revenue":2775.5000495910645,"discounts":1189.5000171661377,"units":70.0,"cost":1750.0,"margin":36.9,"discount_depth":60.0},{"deal_name":"Senior / Veterans - 20% Off","uses":26,"revenue":3161.9999504089355,"discounts":876.7499876022339,"units":74.0,"cost":1850.0,"margin":41.5,"discount_depth":43.4},{"deal_name":"Jackpot - Locals 30% Off","uses":21,"revenue":1926.750020980835,"discounts":825.7500052452087,"units":56.0,"cost":1400.0,"margin":27.3,"discount_depth":60.0},{"deal_name":"Veterans - 10% Off","uses":19,"revenue":2127.375068664551,"discounts":236.37499570846558,"units":42.0,"cost":1050.0,"margin":50.6,"discount_depth":20.0},{"deal_name":"LVAC - 25% Off","uses":3,"revenue":324.375,"discounts":108.125,"units":8.0,"cost":200.0,"margin":38.3,"discount_depth":50.0},{"deal_name":"Employee 30% - NOT FRIDAYS","uses":1,"revenue":80.50000190734863,"discounts":34.50000047683716,"units":2.0,"cost":50.0,"margin":37.9,"discount_depth":60.0}]},"growth_opportunities":[{"type":"distribution","title":"Expand to Elevation Downtown","detail":"Store has $129,972 in FLOWER \u2014 categories where TRAVIS X JAMES competes.","priority":"high"},{"type":"sku_expansion","title":"Add 'LAVENDER EIGHTH - TRAVIS X JAMES' to 3 more store(s)","detail":"Carried in 3 stores. Missing from: Elevation Springs, Elevation Boulevard, Elevation Parkway","priority":"medium"},{"type":"sku_expansion","title":"Add 'MTF EIGHTH - TRAVIS X JAMES' to 2 more store(s)","detail":"Carried in 4 stores. Missing from: Elevation Oasis, Elevation Midtown","priority":"medium"},{"type":"sku_expansion","title":"Add 'WHITE TAHOE COOKIES EIGHTH - TRAVIS X JAMES' to 2 more store(s)","detail":"Carried in 4 stores. Missing from: Elevation Boulevard, Elevation Parkway","priority":"medium"},{"type":"velocity","title":"Improve velocity in FLOWER","detail":"Velocity index 8 (below category average). 2.2 units/day vs 27.8 avg.","priority":"medium"}],"trend":[{"period":"2024-03","revenue":39069.49951171875,"cost":21200.0,"margin":45.7,"units":848,"transactions":630,"profit":17869.49951171875,"revenue_change_pct":null,"units_change_pct":null,"margin_change_pts":null},{"period":"2024-04","revenue":34431.59912109375,"cost":19773.1005859375,"margin":42.6,"units":790,"transactions":680,"profit":14658.499755859375,"revenue_change_pct":-11.9,"units_change_pct":-6.8,"margin_change_pts":-3.2},{"period":"2024-05","revenue":22303.125,"cost":12650.0,"margin":43.3,"units":506,"transactions":376,"profit":9653.125,"revenue_change_pct":-35.2,"units_change_pct":-35.9,"margin_change_pts":0.7},{"period":"2024-06","revenue":12897.5,"cost":7400.0,"margin":42.6,"units":296,"transactions":262,"profit":5497.5,"revenue_change_pct":-42.2,"units_change_pct":-41.5,"margin_change_pts":-0.7},{"period":"2024-07","revenue":13103.24951171875,"cost":6950.0,"margin":47.0,"units":278,"transactions":248,"profit":6153.2501220703125,"revenue_change_pct":1.6,"units_change_pct":-6.1,"margin_change_pts":4.3},{"period":"2024-08","revenue":14287.9248046875,"cost":7500.0,"margin":47.5,"units":300,"transactions":210,"profit":6787.9248046875,"revenue_change_pct":9.0,"units_change_pct":7.9,"margin_change_pts":0.5},{"period":"2024-09","revenue":9577.5,"cost":7150.0,"margin":25.3,"units":286,"transactions":196,"profit":2427.5,"revenue_change_pct":-33.0,"units_change_pct":-4.7,"margin_change_pts":-22.2},{"period":"2024-10","revenue":237.5,"cost":200.0,"margin":15.8,"units":8,"transactions":8,"profit":37.5,"revenue_change_pct":-97.5,"units_change_pct":-97.2,"margin_change_pts":-9.6}]}