{"brand":"TRAVIS X JAMES","date_range":"2024-01-01 00:00:00 to 2026-01-31 00:00:00","period_label":"All Time","summary":{"total_units":3312,"total_revenue":145907.900390625,"total_cost":82823.10546875,"total_discounts":36939.599609375,"total_profit":63084.7998046875,"overall_margin":43.20000076293945,"fp_margin":53.900001525878906,"disc_margin":37.099998474121094,"pct_full_price":36.400001525878906,"avg_discount_rate":20.200000762939453,"fp_revenue":53048.75,"disc_revenue":92859.16015625,"unique_customers":2176,"brand":"TRAVIS X JAMES","date_range":"2024-01-01 00:00:00 to 2026-01-31 00:00:00","months_count":16,"avg_monthly_cost":10352.9,"cost_per_unit":50.025000000000006,"primary_category":"FLOWER","primary_cat_margin":54.099998474121094,"category_rank":44,"category_total":64,"margin_vs_category":-10.899999618530273,"velocity_rank":45},"category_breakdown":[{"category_clean":"FLOWER","units":3312,"revenue":145907.900390625,"cost":82823.095703125,"profit":63084.7998046875,"discounts":36939.599609375,"margin":43.20000076293945,"category_avg_margin":54.099998474121094,"vs_category":-10.9,"rank":44.0,"total_brands":64.0}],"trend":[{"period":"2024-03","revenue":39069.49951171875,"cost":21200.0,"margin":45.7,"units":848,"transactions":630,"profit":17869.49951171875,"revenue_change_pct":null,"units_change_pct":null,"margin_change_pts":null},{"period":"2024-04","revenue":34431.59912109375,"cost":19773.1005859375,"margin":42.6,"units":790,"transactions":680,"profit":14658.499755859375,"revenue_change_pct":-11.9,"units_change_pct":-6.8,"margin_change_pts":-3.2},{"period":"2024-05","revenue":22303.125,"cost":12650.0,"margin":43.3,"units":506,"transactions":376,"profit":9653.125,"revenue_change_pct":-35.2,"units_change_pct":-35.9,"margin_change_pts":0.7},{"period":"2024-06","revenue":12897.5,"cost":7400.0,"margin":42.6,"units":296,"transactions":262,"profit":5497.5,"revenue_change_pct":-42.2,"units_change_pct":-41.5,"margin_change_pts":-0.7},{"period":"2024-07","revenue":13103.24951171875,"cost":6950.0,"margin":47.0,"units":278,"transactions":248,"profit":6153.2501220703125,"revenue_change_pct":1.6,"units_change_pct":-6.1,"margin_change_pts":4.3},{"period":"2024-08","revenue":14287.9248046875,"cost":7500.0,"margin":47.5,"units":300,"transactions":210,"profit":6787.9248046875,"revenue_change_pct":9.0,"units_change_pct":7.9,"margin_change_pts":0.5},{"period":"2024-09","revenue":9577.5,"cost":7150.0,"margin":25.3,"units":286,"transactions":196,"profit":2427.5,"revenue_change_pct":-33.0,"units_change_pct":-4.7,"margin_change_pts":-22.2},{"period":"2024-10","revenue":237.5,"cost":200.0,"margin":15.8,"units":8,"transactions":8,"profit":37.5,"revenue_change_pct":-97.5,"units_change_pct":-97.2,"margin_change_pts":-9.6}],"share_of_category":[{"category":"FLOWER","brand_revenue":145907.900390625,"category_revenue":77755450.0,"revenue_share_pct":0.20000000298023224,"brand_units":3312,"category_units":2708446,"units_share_pct":0.1}],"share_of_category_trend":{"FLOWER":[{"period":"2024-01","brand_revenue":0.0,"category_revenue":3552357.8125,"share_pct":0.0},{"period":"2024-02","brand_revenue":0.0,"category_revenue":3535245.625,"share_pct":0.0},{"period":"2024-03","brand_revenue":39069.49951171875,"category_revenue":3693805.625,"share_pct":1.100000023841858},{"period":"2024-04","brand_revenue":34431.59912109375,"category_revenue":3541899.6875,"share_pct":1.0},{"period":"2024-05","brand_revenue":22303.125,"category_revenue":3537479.375,"share_pct":0.6000000238418579},{"period":"2024-06","brand_revenue":12897.5,"category_revenue":3403269.6875,"share_pct":0.4000000059604645},{"period":"2024-07","brand_revenue":13103.24951171875,"category_revenue":3457705.9375,"share_pct":0.4000000059604645},{"period":"2024-08","brand_revenue":14287.9248046875,"category_revenue":3453819.375,"share_pct":0.4000000059604645},{"period":"2024-09","brand_revenue":9577.5,"category_revenue":3316441.5625,"share_pct":0.30000001192092896},{"period":"2024-10","brand_revenue":237.5,"category_revenue":3585775.0,"share_pct":0.0},{"period":"2024-11","brand_revenue":0.0,"category_revenue":3454855.3125,"share_pct":0.0},{"period":"2024-12","brand_revenue":0.0,"category_revenue":3226567.8125,"share_pct":0.0},{"period":"2025-01","brand_revenue":0.0,"category_revenue":2984938.125,"share_pct":0.0},{"period":"2025-02","brand_revenue":0.0,"category_revenue":2816220.0,"share_pct":0.0},{"period":"2025-03","brand_revenue":0.0,"category_revenue":2911379.6875,"share_pct":0.0},{"period":"2025-04","brand_revenue":0.0,"category_revenue":3118895.3125,"share_pct":0.0},{"period":"2025-05","brand_revenue":0.0,"category_revenue":2887345.0,"share_pct":0.0},{"period":"2025-06","brand_revenue":0.0,"category_revenue":2773698.125,"share_pct":0.0},{"period":"2025-07","brand_revenue":0.0,"category_revenue":2782763.125,"share_pct":0.0},{"period":"2025-08","brand_revenue":0.0,"category_revenue":2733122.8125,"share_pct":0.0},{"period":"2025-09","brand_revenue":0.0,"category_revenue":2603501.5625,"share_pct":0.0},{"period":"2025-10","brand_revenue":0.0,"category_revenue":2663705.0,"share_pct":0.0},{"period":"2025-11","brand_revenue":0.0,"category_revenue":2700189.0625,"share_pct":0.0},{"period":"2025-12","brand_revenue":0.0,"category_revenue":2515209.53125,"share_pct":0.0},{"period":"2026-01","brand_revenue":0.0,"category_revenue":2505261.875,"share_pct":0.0}]},"discount_depth":[{"tier":"0% (Full Price)","transactions":848,"pct_of_transactions":30.8,"revenue":53048.75,"avg_discount":0.0},{"tier":"1-10%","transactions":204,"pct_of_transactions":7.4,"revenue":14213.24951171875,"avg_discount":20.0},{"tier":"11-20%","transactions":184,"pct_of_transactions":6.7,"revenue":11591.873779296875,"avg_discount":33.0},{"tier":"21-30%","transactions":40,"pct_of_transactions":1.5,"revenue":2404.1749572753906,"avg_discount":51.0},{"tier":"31%+","transactions":398,"pct_of_transactions":14.5,"revenue":15232.4755859375,"avg_discount":84.19999694824219}],"velocity":{"units_per_day":15.12,"revenue_per_day":666.25,"avg_units_per_txn":2.54,"days_of_data":219,"total_units":3312,"total_transactions":2610},"velocity_by_category":[{"category":"FLOWER","brand_units_per_day":4.34,"category_avg_units_per_day":55.54,"velocity_index":7.8,"brand_rev_per_unit":35.24,"category_rev_per_unit":22.97,"brands_in_category":64}],"deals":[{"deal_name":"Industry - 30% Off","times_used":470,"units":534.0,"revenue":21002.625427246094,"discounts":9001.125111579895,"cost":13357.700004577637,"profit":7644.92488861084,"pre_discount_revenue":30003.75,"margin":36.4,"avg_discount":60.0},{"deal_name":"Travis + James 30% Off!!","times_used":224,"units":310.0,"revenue":12374.000267982483,"discounts":5451.000075340271,"cost":7750.0,"profit":4623.999927341938,"pre_discount_revenue":17825.0,"margin":37.4,"avg_discount":61.2},{"deal_name":"Stock & Save - 1/4 for $50","times_used":142,"units":223.0,"revenue":7035.0,"discounts":4955.0,"cost":5575.0,"profit":1460.0,"pre_discount_revenue":11990.0,"margin":20.8,"avg_discount":82.6},{"deal_name":"4/20 40% Off!!!!","times_used":102,"units":128.0,"revenue":3945.6750345230103,"discounts":2644.3249654769897,"cost":3200.0,"profit":745.6749917566776,"pre_discount_revenue":6590.0,"margin":18.9,"avg_discount":80.2},{"deal_name":"Senior - 10% Off","times_used":102,"units":153.0,"revenue":7350.250186920166,"discounts":847.2499883174896,"cost":3825.0,"profit":3525.2499437332153,"pre_discount_revenue":8197.5,"margin":48.0,"avg_discount":20.6},{"deal_name":"Travis + James 1/4 for $80","times_used":56,"units":120.0,"revenue":6000.0,"discounts":900.0,"cost":3000.0,"profit":3000.0,"pre_discount_revenue":6900.0,"margin":50.0,"avg_discount":26.0},{"deal_name":"30% Off Special","times_used":52,"units":70.0,"revenue":2775.5000495910645,"discounts":1189.5000171661377,"cost":1750.0,"profit":1025.4999828338623,"pre_discount_revenue":3965.0,"margin":36.9,"avg_discount":60.0},{"deal_name":"Senior / Veterans - 20% Off","times_used":52,"units":74.0,"revenue":3161.9999504089355,"discounts":876.7499876022339,"cost":1850.0,"profit":1311.9999504089355,"pre_discount_revenue":4038.75,"margin":41.5,"avg_discount":43.4},{"deal_name":"Jackpot - Locals 30% Off","times_used":42,"units":56.0,"revenue":1926.750020980835,"discounts":825.7500052452087,"cost":1400.0,"profit":526.7499947547913,"pre_discount_revenue":2752.5,"margin":27.3,"avg_discount":60.0},{"deal_name":"Veterans - 10% Off","times_used":38,"units":42.0,"revenue":2127.375068664551,"discounts":236.37499570846558,"cost":1050.0,"profit":1077.3749828338623,"pre_discount_revenue":2363.75,"margin":50.6,"avg_discount":20.0},{"deal_name":"LVAC - 25% Off","times_used":6,"units":8.0,"revenue":324.375,"discounts":108.125,"cost":200.0,"profit":124.375,"pre_discount_revenue":432.5,"margin":38.3,"avg_discount":50.0},{"deal_name":"Employee 30% - NOT FRIDAYS","times_used":2,"units":2.0,"revenue":80.50000190734863,"discounts":34.50000047683716,"cost":50.0,"profit":30.499999523162842,"pre_discount_revenue":115.0,"margin":37.9,"avg_discount":60.0}],"top_products":[{"product":"DURBAN POISON EIGHTH - TRAVIS X JAMES","units":1160,"revenue":53703.6767578125,"cost":29000.0,"profit":24703.67431640625,"transactions":880,"margin":46.0},{"product":"GUMMIEZ EIGHTH - TRAVIS X JAMES","units":610,"revenue":23661.4990234375,"cost":15250.0,"profit":8411.500244140625,"transactions":532,"margin":35.5},{"product":"MONKEY TAPE EIGHTH - TRAVIS X JAMES","units":518,"revenue":21812.7490234375,"cost":12950.0,"profit":8862.750244140625,"transactions":460,"margin":40.599998474121094},{"product":"WHITE TAHOE COOKIES EIGHTH - TRAVIS X JAMES","units":328,"revenue":15075.999755859375,"cost":8200.0,"profit":6875.999755859375,"transactions":266,"margin":45.599998474121094},{"product":"MTF EIGHTH - TRAVIS X JAMES","units":320,"revenue":14681.37451171875,"cost":8023.0999755859375,"profit":6658.275146484375,"transactions":282,"margin":45.400001525878906},{"product":"LAVENDER EIGHTH - TRAVIS X JAMES","units":246,"revenue":11506.600341796875,"cost":6150.0,"profit":5356.5997314453125,"transactions":216,"margin":46.599998474121094},{"product":"DOSIDOS EIGHTH - TRAVIS X JAMES","units":130,"revenue":5465.999755859375,"cost":3250.0,"profit":2215.9999084472656,"transactions":114,"margin":40.5}],"products_by_store":{"Elevation Springs":[{"product":"DURBAN POISON EIGHTH - TRAVIS X JAMES","units":200,"revenue":9530.750122070312,"cost":5000.0,"profit":4530.7501220703125,"transactions":160,"margin":47.5},{"product":"GUMMIEZ EIGHTH - TRAVIS X JAMES","units":200,"revenue":8499.000244140625,"cost":5000.0,"profit":3498.9999389648438,"transactions":168,"margin":41.20000076293945},{"product":"MONKEY TAPE EIGHTH - TRAVIS X JAMES","units":122,"revenue":5415.999755859375,"cost":3050.0,"profit":2366.0000610351562,"transactions":100,"margin":43.70000076293945},{"product":"MTF EIGHTH - TRAVIS X JAMES","units":106,"revenue":5109.5001220703125,"cost":2650.0,"profit":2459.499969482422,"transactions":94,"margin":48.099998474121094},{"product":"WHITE TAHOE COOKIES EIGHTH - TRAVIS X JAMES","units":98,"revenue":4238.000183105469,"cost":2450.0,"profit":1788.0000305175781,"transactions":76,"margin":42.20000076293945}],"Elevation Mesa":[{"product":"DURBAN POISON EIGHTH - TRAVIS X JAMES","units":200,"revenue":9249.749755859375,"cost":5000.0,"profit":4249.750061035156,"transactions":154,"margin":45.900001525878906},{"product":"DOSIDOS EIGHTH - TRAVIS X JAMES","units":130,"revenue":5465.999755859375,"cost":3250.0,"profit":2215.9999084472656,"transactions":114,"margin":40.5},{"product":"MTF EIGHTH - TRAVIS X JAMES","units":110,"revenue":5020.375061035156,"cost":2757.6998901367188,"profit":2262.675018310547,"transactions":84,"margin":45.099998474121094},{"product":"MONKEY TAPE EIGHTH - TRAVIS X JAMES","units":100,"revenue":4335.249938964844,"cost":2500.0,"profit":1835.2499389648438,"transactions":80,"margin":42.29999923706055},{"product":"LAVENDER EIGHTH - TRAVIS X JAMES","units":86,"revenue":3621.0000610351562,"cost":2150.0,"profit":1470.9999084472656,"transactions":80,"margin":40.599998474121094},{"product":"GUMMIEZ EIGHTH - TRAVIS X JAMES","units":102,"revenue":3605.8749389648438,"cost":2550.0,"profit":1055.875015258789,"transactions":100,"margin":29.299999237060547},{"product":"WHITE TAHOE COOKIES EIGHTH - TRAVIS X JAMES","units":70,"revenue":2401.999969482422,"cost":1750.0,"profit":651.9999694824219,"transactions":54,"margin":27.100000381469727}],"Elevation Oasis":[{"product":"DURBAN POISON EIGHTH - TRAVIS X JAMES","units":270,"revenue":12185.0,"cost":6750.0,"profit":5435.0,"transactions":176,"margin":44.599998474121094},{"product":"WHITE TAHOE COOKIES EIGHTH - TRAVIS X JAMES","units":100,"revenue":5186.500244140625,"cost":2500.0,"profit":2686.4999389648438,"transactions":80,"margin":51.79999923706055},{"product":"LAVENDER EIGHTH - TRAVIS X JAMES","units":100,"revenue":4933.500061035156,"cost":2500.0,"profit":2433.5000610351562,"transactions":78,"margin":49.29999923706055},{"product":"GUMMIEZ EIGHTH - TRAVIS X JAMES","units":98,"revenue":3755.625,"cost":2450.0,"profit":1305.625,"transactions":76,"margin":34.79999923706055},{"product":"MONKEY TAPE EIGHTH - TRAVIS X JAMES","units":100,"revenue":3640.0,"cost":2500.0,"profit":1140.0,"transactions":98,"margin":31.299999237060547}],"Elevation Midtown":[{"product":"DURBAN POISON EIGHTH - TRAVIS X JAMES","units":120,"revenue":6198.499755859375,"cost":3000.0,"profit":3198.5000610351562,"transactions":96,"margin":51.599998474121094},{"product":"MONKEY TAPE EIGHTH - TRAVIS X JAMES","units":100,"revenue":4206.000061035156,"cost":2500.0,"profit":1705.9999084472656,"transactions":86,"margin":40.599998474121094},{"product":"GUMMIEZ EIGHTH - TRAVIS X JAMES","units":88,"revenue":3318.4500122070312,"cost":2200.0,"profit":1118.4500122070312,"transactions":78,"margin":33.70000076293945},{"product":"WHITE TAHOE COOKIES EIGHTH - TRAVIS X JAMES","units":60,"revenue":3249.5001220703125,"cost":1500.0,"profit":1749.4999694824219,"transactions":56,"margin":53.79999923706055},{"product":"LAVENDER EIGHTH - TRAVIS X JAMES","units":60,"revenue":2952.0999145507812,"cost":1500.0,"profit":1452.0999145507812,"transactions":58,"margin":49.20000076293945}],"Elevation Boulevard":[{"product":"DURBAN POISON EIGHTH - TRAVIS X JAMES","units":220,"revenue":9343.42529296875,"cost":5500.0,"profit":3843.4249877929688,"transactions":166,"margin":41.099998474121094},{"product":"GUMMIEZ EIGHTH - TRAVIS X JAMES","units":88,"revenue":3334.1751098632812,"cost":2200.0,"profit":1134.1749572753906,"transactions":80,"margin":34.0},{"product":"MONKEY TAPE EIGHTH - TRAVIS X JAMES","units":60,"revenue":2646.0000610351562,"cost":1500.0,"profit":1145.999984741211,"transactions":60,"margin":43.29999923706055},{"product":"MTF EIGHTH - TRAVIS X JAMES","units":54,"revenue":2321.125030517578,"cost":1350.0,"profit":971.1250305175781,"transactions":54,"margin":41.79999923706055}],"Elevation Parkway":[{"product":"DURBAN POISON EIGHTH - TRAVIS X JAMES","units":150,"revenue":7196.25,"cost":3750.0,"profit":3446.25,"transactions":128,"margin":47.900001525878906},{"product":"MTF EIGHTH - TRAVIS X JAMES","units":50,"revenue":2230.3750610351562,"cost":1265.4000091552734,"profit":964.9749755859375,"transactions":50,"margin":43.29999923706055},{"product":"MONKEY TAPE EIGHTH - TRAVIS X JAMES","units":36,"revenue":1569.4999694824219,"cost":900.0,"profit":669.4999694824219,"transactions":36,"margin":42.70000076293945},{"product":"GUMMIEZ EIGHTH - TRAVIS X JAMES","units":34,"revenue":1148.375015258789,"cost":850.0,"profit":298.37499618530273,"transactions":30,"margin":26.0}]},"store_summary":[{"store_clean":"Elevation Mesa","units":798,"revenue":33700.25146484375,"cost":19957.7001953125,"profit":13742.550048828125,"discounts":11174.749755859375,"margin":40.79999923706055,"discount_rate":24.899999618530273},{"store_clean":"Elevation Springs","units":726,"revenue":32793.24951171875,"cost":18150.0,"profit":14643.24951171875,"discounts":8516.749877929688,"margin":44.70000076293945,"discount_rate":20.600000381469727},{"store_clean":"Elevation Oasis","units":668,"revenue":29700.625,"cost":16700.0,"profit":13000.625,"discounts":4141.875,"margin":43.79999923706055,"discount_rate":12.199999809265137},{"store_clean":"Elevation Midtown","units":428,"revenue":19924.55078125,"cost":10700.0,"profit":9224.550170898438,"discounts":3997.9501342773438,"margin":46.29999923706055,"discount_rate":16.700000762939453},{"store_clean":"Elevation Boulevard","units":422,"revenue":17644.725341796875,"cost":10550.0,"profit":7094.7247314453125,"discounts":6020.2752685546875,"margin":40.20000076293945,"discount_rate":25.399999618530273},{"store_clean":"Elevation Parkway","units":270,"revenue":12144.500732421875,"cost":6765.3997802734375,"profit":5379.0997314453125,"discounts":3087.9998779296875,"margin":44.29999923706055,"discount_rate":20.299999237060547}],"recommendations":[{"severity":"red","title":"FLOWER: BELOW CATEGORY AVERAGE","detail":"Margin (43.2%) is 11 pts below FLOWER average. Ranked #44 of 64. Strong case for cost negotiation.","action":"Request 5% cost reduction or evaluate alternative FLOWER brands."},{"severity":"yellow","title":"CATEGORY BENCHMARK GAP","detail":"Overall margin (43.2%) trails FLOWER average (54.1%) by 10.9 pts.","action":"Negotiate cost reduction or increase retail price."},{"severity":"info","title":"VOLUME LEVERAGE","detail":"$58,363 revenue provides negotiating leverage.","action":"Use volume as leverage in next vendor meeting."}],"comparison":null}