{"brand":"EXHALE","date_range":"2024-01-01 00:00:00 to 2026-01-31 00:00:00","period_label":"All Time","summary":{"total_units":1478,"total_revenue":35272.19970703125,"total_cost":14716.025390625,"total_discounts":5934.05029296875,"total_profit":20556.17431640625,"overall_margin":58.29999923706055,"fp_margin":64.0999984741211,"disc_margin":49.099998474121094,"pct_full_price":61.20000076293945,"avg_discount_rate":14.399999618530273,"fp_revenue":21599.375,"disc_revenue":13672.82470703125,"unique_customers":1280,"brand":"EXHALE","date_range":"2024-01-01 00:00:00 to 2026-01-31 00:00:00","months_count":24,"avg_monthly_cost":1226.3249999999998,"cost_per_unit":19.925,"primary_category":"ACCESSORY","primary_cat_margin":61.099998474121094,"category_rank":11,"category_total":136,"margin_vs_category":-2.799999952316284,"velocity_rank":10},"category_breakdown":[{"category_clean":"ACCESSORY","units":1202,"revenue":24236.4501953125,"cost":9237.525024414062,"profit":14998.924560546875,"discounts":3909.8001098632812,"margin":61.900001525878906,"category_avg_margin":61.099998474121094,"vs_category":0.8,"rank":11.0,"total_brands":136.0},{"category_clean":"PIPE","units":12,"revenue":463.75,"cost":153.125,"profit":310.625,"discounts":161.25,"margin":67.0,"category_avg_margin":58.70000076293945,"vs_category":8.3,"rank":1.0,"total_brands":3.0}],"trend":[{"period":"2025-02","revenue":550.0,"cost":240.3499984741211,"margin":56.3,"units":26,"transactions":24,"profit":309.6500015258789,"revenue_change_pct":null,"units_change_pct":null,"margin_change_pts":null},{"period":"2025-03","revenue":4021.4999389648438,"cost":1982.6249694824219,"margin":50.7,"units":144,"transactions":142,"profit":2038.8749694824219,"revenue_change_pct":631.2,"units_change_pct":453.8,"margin_change_pts":-5.6},{"period":"2025-04","revenue":3757.8250122070312,"cost":1872.9499816894531,"margin":50.2,"units":144,"transactions":142,"profit":1884.8750305175781,"revenue_change_pct":-6.6,"units_change_pct":0,"margin_change_pts":-0.5},{"period":"2025-05","revenue":6209.8748779296875,"cost":1960.2749633789062,"margin":68.4,"units":328,"transactions":316,"profit":4249.599914550781,"revenue_change_pct":65.3,"units_change_pct":127.8,"margin_change_pts":18.3},{"period":"2025-06","revenue":3176.4999389648438,"cost":993.7249755859375,"margin":68.7,"units":144,"transactions":138,"profit":2182.7749633789062,"revenue_change_pct":-48.8,"units_change_pct":-56.1,"margin_change_pts":0.3},{"period":"2025-07","revenue":3619.5001220703125,"cost":1716.875,"margin":52.6,"units":106,"transactions":100,"profit":1902.6249694824219,"revenue_change_pct":13.9,"units_change_pct":-26.4,"margin_change_pts":-16.2},{"period":"2025-08","revenue":3906.25,"cost":1589.375,"margin":59.3,"units":160,"transactions":146,"profit":2316.875,"revenue_change_pct":7.9,"units_change_pct":50.9,"margin_change_pts":6.7},{"period":"2025-09","revenue":2857.8750610351562,"cost":1154.2500305175781,"margin":59.6,"units":84,"transactions":82,"profit":1703.6250305175781,"revenue_change_pct":-26.8,"units_change_pct":-47.5,"margin_change_pts":0.3},{"period":"2025-10","revenue":2134.1250610351562,"cost":922.7749633789062,"margin":56.8,"units":118,"transactions":114,"profit":1211.3500213623047,"revenue_change_pct":-25.3,"units_change_pct":40.5,"margin_change_pts":-2.9},{"period":"2025-11","revenue":2136.25,"cost":1087.5250244140625,"margin":49.1,"units":106,"transactions":104,"profit":1048.7249755859375,"revenue_change_pct":0.1,"units_change_pct":-10.2,"margin_change_pts":-7.7},{"period":"2025-12","revenue":1872.5,"cost":779.0249633789062,"margin":58.4,"units":68,"transactions":68,"profit":1093.4750366210938,"revenue_change_pct":-12.3,"units_change_pct":-35.8,"margin_change_pts":9.3},{"period":"2026-01","revenue":1030.0,"cost":416.27498626708984,"margin":59.6,"units":50,"transactions":48,"profit":613.7250137329102,"revenue_change_pct":-45.0,"units_change_pct":-26.5,"margin_change_pts":1.2}],"share_of_category":[{"category":"ACCESSORY","brand_revenue":24236.4501953125,"category_revenue":4128754.0625,"revenue_share_pct":0.6000000238418579,"brand_units":1202,"category_units":2130096,"units_share_pct":0.1},{"category":"PIPE","brand_revenue":463.75,"category_revenue":1313.75,"revenue_share_pct":35.29999923706055,"brand_units":12,"category_units":22,"units_share_pct":54.5},{"category":0.0,"brand_revenue":0.0,"category_revenue":0.0,"revenue_share_pct":0.0,"brand_units":0,"category_units":0,"units_share_pct":0.0}],"share_of_category_trend":{"ACCESSORY":[{"period":"2024-01","brand_revenue":0.0,"category_revenue":153543.9453125,"share_pct":0.0},{"period":"2024-02","brand_revenue":0.0,"category_revenue":152399.47265625,"share_pct":0.0},{"period":"2024-03","brand_revenue":0.0,"category_revenue":154678.876953125,"share_pct":0.0},{"period":"2024-04","brand_revenue":0.0,"category_revenue":163353.65234375,"share_pct":0.0},{"period":"2024-05","brand_revenue":0.0,"category_revenue":179676.4453125,"share_pct":0.0},{"period":"2024-06","brand_revenue":0.0,"category_revenue":185008.828125,"share_pct":0.0},{"period":"2024-07","brand_revenue":0.0,"category_revenue":186675.46875,"share_pct":0.0},{"period":"2024-08","brand_revenue":0.0,"category_revenue":180226.328125,"share_pct":0.0},{"period":"2024-09","brand_revenue":0.0,"category_revenue":162386.298828125,"share_pct":0.0},{"period":"2024-10","brand_revenue":0.0,"category_revenue":166088.73046875,"share_pct":0.0},{"period":"2024-11","brand_revenue":0.0,"category_revenue":171706.09375,"share_pct":0.0},{"period":"2024-12","brand_revenue":0.0,"category_revenue":176502.03125,"share_pct":0.0},{"period":"2025-01","brand_revenue":0.0,"category_revenue":167261.34765625,"share_pct":0.0},{"period":"2025-02","brand_revenue":550.0,"category_revenue":155260.927734375,"share_pct":0.4000000059604645},{"period":"2025-03","brand_revenue":1203.0000305175781,"category_revenue":176420.390625,"share_pct":0.699999988079071},{"period":"2025-04","brand_revenue":1454.5750427246094,"category_revenue":182694.82421875,"share_pct":0.800000011920929},{"period":"2025-05","brand_revenue":4783.374938964844,"category_revenue":179904.4921875,"share_pct":2.700000047683716},{"period":"2025-06","brand_revenue":1826.9999694824219,"category_revenue":161148.75,"share_pct":1.100000023841858},{"period":"2025-07","brand_revenue":1665.7499694824219,"category_revenue":165549.8046875,"share_pct":1.0},{"period":"2025-08","brand_revenue":3730.7501220703125,"category_revenue":171752.05078125,"share_pct":2.200000047683716},{"period":"2025-09","brand_revenue":2691.6250610351562,"category_revenue":168198.9453125,"share_pct":1.600000023841858},{"period":"2025-10","brand_revenue":1291.6250610351562,"category_revenue":171844.55078125,"share_pct":0.800000011920929},{"period":"2025-11","brand_revenue":2136.25,"category_revenue":172839.74609375,"share_pct":1.2000000476837158},{"period":"2025-12","brand_revenue":1872.5,"category_revenue":141954.873046875,"share_pct":1.2999999523162842},{"period":"2026-01","brand_revenue":1030.0,"category_revenue":81677.1484375,"share_pct":1.2999999523162842}],"PIPE":[{"period":"2025-03","brand_revenue":0.0,"category_revenue":461.25,"share_pct":0.0},{"period":"2025-05","brand_revenue":131.25,"category_revenue":306.25,"share_pct":42.900001525878906},{"period":"2025-08","brand_revenue":0.0,"category_revenue":213.75,"share_pct":0.0},{"period":"2025-09","brand_revenue":87.5,"category_revenue":87.5,"share_pct":100.0},{"period":"2025-10","brand_revenue":245.0,"category_revenue":245.0,"share_pct":100.0}]},"discount_depth":[{"tier":"0% (Full Price)","transactions":802,"pct_of_transactions":55.5,"revenue":21599.375,"avg_discount":0.0},{"tier":"1-10%","transactions":182,"pct_of_transactions":12.6,"revenue":4007.3748779296875,"avg_discount":20.0},{"tier":"11-20%","transactions":78,"pct_of_transactions":5.4,"revenue":1651.3499450683594,"avg_discount":38.79999923706055},{"tier":"21-30%","transactions":56,"pct_of_transactions":3.9,"revenue":893.2500457763672,"avg_discount":57.79999923706055},{"tier":"31%+","transactions":128,"pct_of_transactions":8.9,"revenue":2621.6000366210938,"avg_discount":101.5999984741211}],"velocity":{"units_per_day":4.3,"revenue_per_day":102.82500267028809,"avg_units_per_txn":2.08,"days_of_data":343,"total_units":1478,"total_transactions":1424},"velocity_by_category":[{"category":"PIPE","brand_units_per_day":0.02,"category_avg_units_per_day":0.0,"velocity_index":163.6,"brand_rev_per_unit":30.92,"category_rev_per_unit":47.77,"brands_in_category":3},{"category":"ACCESSORY","brand_units_per_day":1.58,"category_avg_units_per_day":20.56,"velocity_index":7.7,"brand_rev_per_unit":16.13,"category_rev_per_unit":1.55,"brands_in_category":136},{"category":0.0,"brand_units_per_day":0.0,"category_avg_units_per_day":0,"velocity_index":0,"brand_rev_per_unit":0.0,"category_rev_per_unit":0.0,"brands_in_category":0}],"deals":[{"deal_name":"Senior - 10% Off","times_used":134,"units":140.0,"revenue":2756.4250046014786,"discounts":371.69999711215496,"cost":1099.3750018114224,"profit":1657.0499867200851,"pre_discount_revenue":3128.125,"margin":60.1,"avg_discount":23.8},{"deal_name":"Jackpot - Locals 30% Off","times_used":72,"units":76.0,"revenue":1428.1249976158142,"discounts":628.7500005960464,"cost":738.5500007867813,"profit":689.5749989151955,"pre_discount_revenue":2056.875,"margin":48.3,"avg_discount":61.2},{"deal_name":"Industry 30% Off","times_used":50,"units":54.0,"revenue":595.8499982953072,"discounts":255.3999999165535,"cost":244.97499957680702,"profit":350.87500259280205,"pre_discount_revenue":851.25,"margin":58.9,"avg_discount":60.0},{"deal_name":"Veterans - 10% Off","times_used":46,"units":50.0,"revenue":970.3000038862228,"discounts":107.82499946653843,"cost":380.3750002384186,"profit":589.9249982833862,"pre_discount_revenue":1078.125,"margin":60.8,"avg_discount":20.0},{"deal_name":"Senior / Veterans - 20% Off","times_used":34,"units":36.0,"revenue":504.12499845027924,"discounts":135.8749996125698,"cost":174.10000026226044,"profit":330.0249993801117,"pre_discount_revenue":640.0,"margin":65.5,"avg_discount":42.4},{"deal_name":"Industry - 30% Off","times_used":16,"units":16.0,"revenue":329.87500071525574,"discounts":141.37500047683716,"cost":155.32499998807907,"profit":174.54999923706055,"pre_discount_revenue":471.25,"margin":52.9,"avg_discount":60.0},{"deal_name":"Employee 30% - NOT FRIDAYS","times_used":10,"units":12.0,"revenue":178.00000071525574,"discounts":286.99999809265137,"cost":159.69999998807907,"profit":18.300000429153442,"pre_discount_revenue":465.0,"margin":10.3,"avg_discount":123.4}],"top_products":[{"product":"$50 PIPE","units":52,"revenue":2731.25,"cost":1300.0,"profit":1431.25,"transactions":52,"margin":52.400001525878906},{"product":"$13 GLASS PIPE - EXHALE","units":174,"revenue":2709.2498779296875,"cost":940.0,"profit":1769.2500305175781,"transactions":174,"margin":65.30000305175781},{"product":"LONG RED PIPE","units":104,"revenue":2560.8248901367188,"cost":892.5,"profit":1668.3250427246094,"transactions":102,"margin":65.0999984741211},{"product":"$35 PIPE","units":48,"revenue":1868.125,"cost":850.0,"profit":1018.125,"transactions":48,"margin":54.5},{"product":"$40 PIPE","units":42,"revenue":1850.0,"cost":945.0,"profit":905.0,"transactions":42,"margin":48.900001525878906},{"product":"PIPE KIT WITH GRINDER","units":114,"revenue":1763.75,"cost":543.75,"profit":1220.0,"transactions":112,"margin":69.19999694824219},{"product":"SILICONE PIPE","units":126,"revenue":1703.0000305175781,"cost":406.0000228881836,"profit":1296.9999694824219,"transactions":120,"margin":76.19999694824219},{"product":"GLYCERIN NECTAR COLLECTOR","units":24,"revenue":1400.0,"cost":450.0,"profit":950.0,"transactions":24,"margin":67.9000015258789},{"product":"TRAVEL KIT","units":58,"revenue":1301.4999389648438,"cost":430.0,"profit":871.5000152587891,"transactions":56,"margin":67.0},{"product":"CRYSTAL PIPE","units":38,"revenue":1083.75,"cost":633.75,"profit":450.0,"transactions":36,"margin":41.5},{"product":"BENT NECK BONG - EXHALE","units":16,"revenue":1068.75,"cost":475.0,"profit":593.75,"transactions":16,"margin":55.599998474121094},{"product":"FLAT MOUTH PIPE","units":38,"revenue":886.9999694824219,"cost":267.5,"profit":619.5000076293945,"transactions":38,"margin":69.80000305175781},{"product":"GLASS GANDALF PIPE","units":22,"revenue":820.0,"cost":290.625,"profit":529.375,"transactions":22,"margin":64.5999984741211},{"product":"ROACH CLIP","units":124,"revenue":757.8749847412109,"cost":195.02500534057617,"profit":562.8499984741211,"transactions":116,"margin":74.30000305175781},{"product":"SWIRLED STEM PIPE","units":42,"revenue":687.2499847412109,"cost":287.5,"profit":399.74998474121094,"transactions":40,"margin":58.20000076293945},{"product":"HANDBLOWN 1 OF 1 LV BUBBLE BONG - EXHALE","units":2,"revenue":625.0,"cost":375.0,"profit":250.0,"transactions":2,"margin":40.0},{"product":"TALL BEAKER - EXHALE","units":4,"revenue":618.75,"cost":400.0,"profit":218.75,"transactions":4,"margin":35.400001525878906},{"product":"HANDBLOWN PIPE - EXHALE","units":6,"revenue":547.5,"cost":225.02498626708984,"profit":322.47501373291016,"transactions":6,"margin":58.900001525878906},{"product":"$13 STRIPED GLASS PIPE - EXHALE","units":36,"revenue":539.5000076293945,"cost":225.0,"profit":314.50000762939453,"transactions":36,"margin":58.29999923706055},{"product":"$12 GLASS PIPE - EXHALE","units":38,"revenue":537.0000076293945,"cost":215.0,"profit":322.00000762939453,"transactions":38,"margin":60.0},{"product":"GOLD & ROSE GRAPHIC BEAKER - EXHALE","units":2,"revenue":525.0,"cost":250.0,"profit":275.0,"transactions":2,"margin":52.400001525878906},{"product":"MINI BENT NECK BONG - EXHALE","units":8,"revenue":496.25,"cost":250.0,"profit":246.25,"transactions":8,"margin":49.599998474121094},{"product":"SMALL GLASS BUBBLER","units":10,"revenue":487.5,"cost":187.5,"profit":300.0,"transactions":10,"margin":61.5},{"product":"$25 COLORFUL PIPE - EXHALE","units":16,"revenue":462.5,"cost":240.0,"profit":222.5,"transactions":16,"margin":48.099998474121094},{"product":"PIPE - EXHALE","units":26,"revenue":457.00000762939453,"cost":150.0,"profit":307.00000762939453,"transactions":26,"margin":67.19999694824219}],"products_by_store":{"Elevation Oasis":[{"product":"$13 GLASS PIPE - EXHALE","units":174,"revenue":2709.2498779296875,"cost":940.0,"profit":1769.2500305175781,"transactions":174,"margin":65.30000305175781},{"product":"$50 PIPE","units":50,"revenue":2706.25,"cost":1250.0,"profit":1456.25,"transactions":50,"margin":53.79999923706055},{"product":"LONG RED PIPE","units":104,"revenue":2560.8248901367188,"cost":892.5,"profit":1668.3250427246094,"transactions":102,"margin":65.0999984741211},{"product":"$35 PIPE","units":48,"revenue":1868.125,"cost":850.0,"profit":1018.125,"transactions":48,"margin":54.5},{"product":"$40 PIPE","units":42,"revenue":1850.0,"cost":945.0,"profit":905.0,"transactions":42,"margin":48.900001525878906},{"product":"SILICONE PIPE","units":126,"revenue":1703.0000305175781,"cost":406.0000228881836,"profit":1296.9999694824219,"transactions":120,"margin":76.19999694824219},{"product":"GLYCERIN NECTAR COLLECTOR","units":24,"revenue":1400.0,"cost":450.0,"profit":950.0,"transactions":24,"margin":67.9000015258789},{"product":"TRAVEL KIT","units":58,"revenue":1301.4999389648438,"cost":430.0,"profit":871.5000152587891,"transactions":56,"margin":67.0},{"product":"CRYSTAL PIPE","units":38,"revenue":1083.75,"cost":633.75,"profit":450.0,"transactions":36,"margin":41.5},{"product":"BENT NECK BONG - EXHALE","units":16,"revenue":1068.75,"cost":475.0,"profit":593.75,"transactions":16,"margin":55.599998474121094},{"product":"FLAT MOUTH PIPE","units":38,"revenue":886.9999694824219,"cost":267.5,"profit":619.5000076293945,"transactions":38,"margin":69.80000305175781},{"product":"GLASS GANDALF PIPE","units":22,"revenue":820.0,"cost":290.625,"profit":529.375,"transactions":22,"margin":64.5999984741211},{"product":"ROACH CLIP","units":124,"revenue":757.8749847412109,"cost":195.02500534057617,"profit":562.8499984741211,"transactions":116,"margin":74.30000305175781},{"product":"SWIRLED STEM PIPE","units":42,"revenue":687.2499847412109,"cost":287.5,"profit":399.74998474121094,"transactions":40,"margin":58.20000076293945},{"product":"HANDBLOWN 1 OF 1 LV BUBBLE BONG - EXHALE","units":2,"revenue":625.0,"cost":375.0,"profit":250.0,"transactions":2,"margin":40.0}],"Elevation Boulevard":[{"product":"PIPE KIT WITH GRINDER","units":112,"revenue":1728.75,"cost":536.25,"profit":1192.5,"transactions":110,"margin":69.0},{"product":"$50 PIPE","units":2,"revenue":25.0,"cost":50.0,"profit":-25.0,"transactions":2,"margin":-100.0}],"Elevation Parkway":[{"product":"SMALL SWIRL COLOR BONG","units":2,"revenue":52.5,"cost":23.75,"profit":28.75,"transactions":2,"margin":54.79999923706055}]},"store_summary":[{"store_clean":"Elevation Oasis","units":1362,"revenue":33465.94970703125,"cost":14106.025390625,"profit":19359.925537109375,"discounts":5645.2996826171875,"margin":57.79999923706055,"discount_rate":14.399999618530273},{"store_clean":"Elevation Boulevard","units":114,"revenue":1753.75,"cost":586.25,"profit":1167.5,"discounts":266.25,"margin":66.5999984741211,"discount_rate":13.199999809265137},{"store_clean":"Elevation Parkway","units":2,"revenue":52.5,"cost":23.75,"profit":28.75,"discounts":22.5,"margin":54.79999923706055,"discount_rate":30.0}],"recommendations":[{"severity":"info","title":"VOLUME LEVERAGE","detail":"$14,109 revenue provides negotiating leverage.","action":"Use volume as leverage in next vendor meeting."}],"comparison":null}