{"brand":"RANDY'S","date_range":"2024-01-01 00:00:00 to 2026-01-31 00:00:00","period_label":"All Time","summary":{"total_units":82,"total_revenue":295.49997329711914,"total_cost":109.67500686645508,"total_discounts":12.000000476837158,"total_profit":185.8249855041504,"overall_margin":62.900001525878906,"fp_margin":64.30000305175781,"disc_margin":55.400001525878906,"pct_full_price":83.80000305175781,"avg_discount_rate":3.9000000953674316,"fp_revenue":247.5,"disc_revenue":48.00000190734863,"brand":"RANDY'S","date_range":"2024-01-01 00:00:00 to 2026-01-31 00:00:00","primary_category":"ACCESSORY","store_coverage":"1/7","stores_present":["Elevation Midtown"],"stores_missing":["Elevation Springs","Elevation Mesa","Elevation Oasis","Elevation Downtown","Elevation Boulevard","Elevation Parkway"],"velocity_rank":43,"velocity_total":136},"distribution":[{"store":"Elevation Springs","carries_brand":false,"sku_count":0,"revenue":0.0,"units":0,"store_total_revenue":51138750.0,"brand_share_pct":0},{"store":"Elevation Mesa","carries_brand":false,"sku_count":0,"revenue":0.0,"units":0,"store_total_revenue":47532240.0,"brand_share_pct":0},{"store":"Elevation Oasis","carries_brand":false,"sku_count":0,"revenue":0.0,"units":0,"store_total_revenue":56050145.0,"brand_share_pct":0},{"store":"Elevation Downtown","carries_brand":false,"sku_count":0,"revenue":0.0,"units":0,"store_total_revenue":1945237.1875,"brand_share_pct":0},{"store":"Elevation Midtown","carries_brand":true,"sku_count":2,"revenue":295.49997329711914,"units":82,"store_total_revenue":30850185.0,"brand_share_pct":0.0},{"store":"Elevation Boulevard","carries_brand":false,"sku_count":0,"revenue":0.0,"units":0,"store_total_revenue":28757865.0,"brand_share_pct":0},{"store":"Elevation Parkway","carries_brand":false,"sku_count":0,"revenue":0.0,"units":0,"store_total_revenue":21987007.5,"brand_share_pct":0}],"share_of_category":[{"category":"ACCESSORY","brand_revenue":295.49997329711914,"category_revenue":4128754.0625,"revenue_share_pct":0.0,"brand_units":82,"category_units":2130096,"units_share_pct":0.0}],"share_of_category_trend":{"ACCESSORY":[{"period":"2024-01","brand_revenue":0.0,"category_revenue":153543.9453125,"share_pct":0.0},{"period":"2024-02","brand_revenue":0.0,"category_revenue":152399.47265625,"share_pct":0.0},{"period":"2024-03","brand_revenue":0.0,"category_revenue":154678.876953125,"share_pct":0.0},{"period":"2024-04","brand_revenue":0.0,"category_revenue":163353.65234375,"share_pct":0.0},{"period":"2024-05","brand_revenue":0.0,"category_revenue":179676.4453125,"share_pct":0.0},{"period":"2024-06","brand_revenue":0.0,"category_revenue":185008.828125,"share_pct":0.0},{"period":"2024-07","brand_revenue":7.5,"category_revenue":186675.46875,"share_pct":0.0},{"period":"2024-08","brand_revenue":12.749999761581421,"category_revenue":180226.328125,"share_pct":0.0},{"period":"2024-09","brand_revenue":29.249999523162842,"category_revenue":162386.298828125,"share_pct":0.0},{"period":"2024-10","brand_revenue":50.250000953674316,"category_revenue":166088.73046875,"share_pct":0.0},{"period":"2024-11","brand_revenue":6.000000238418579,"category_revenue":171706.09375,"share_pct":0.0},{"period":"2024-12","brand_revenue":52.5,"category_revenue":176502.03125,"share_pct":0.0},{"period":"2025-01","brand_revenue":13.500000238418579,"category_revenue":167261.34765625,"share_pct":0.0},{"period":"2025-02","brand_revenue":0.0,"category_revenue":155260.927734375,"share_pct":0.0},{"period":"2025-03","brand_revenue":7.5,"category_revenue":176420.390625,"share_pct":0.0},{"period":"2025-04","brand_revenue":22.5,"category_revenue":182694.82421875,"share_pct":0.0},{"period":"2025-05","brand_revenue":7.5,"category_revenue":179904.4921875,"share_pct":0.0},{"period":"2025-06","brand_revenue":0.0,"category_revenue":161148.75,"share_pct":0.0},{"period":"2025-07","brand_revenue":0.0,"category_revenue":165549.8046875,"share_pct":0.0},{"period":"2025-08","brand_revenue":0.0,"category_revenue":171752.05078125,"share_pct":0.0},{"period":"2025-09","brand_revenue":20.250000953674316,"category_revenue":168198.9453125,"share_pct":0.0},{"period":"2025-10","brand_revenue":7.5,"category_revenue":171844.55078125,"share_pct":0.0},{"period":"2025-11","brand_revenue":29.249999523162842,"category_revenue":172839.74609375,"share_pct":0.0},{"period":"2025-12","brand_revenue":14.249999523162842,"category_revenue":141954.873046875,"share_pct":0.0},{"period":"2026-01","brand_revenue":15.0,"category_revenue":81677.1484375,"share_pct":0.0}]},"velocity_by_category":[{"category":"ACCESSORY","brand_units_per_day":0.1,"category_avg_units_per_day":20.56,"velocity_index":0.5,"brand_rev_per_unit":2.88,"category_rev_per_unit":1.55,"brands_in_category":136}],"store_gaps":[{"store":"Elevation Oasis","category":"ACCESSORY","category_revenue_at_store":917304.21875,"opportunity":"Brand not carried"},{"store":"Elevation Springs","category":"ACCESSORY","category_revenue_at_store":898382.421875,"opportunity":"Brand not carried"},{"store":"Elevation Mesa","category":"ACCESSORY","category_revenue_at_store":552719.140625,"opportunity":"Brand not carried"},{"store":"Elevation Boulevard","category":"ACCESSORY","category_revenue_at_store":466482.890625,"opportunity":"Brand not carried"},{"store":"Elevation Parkway","category":"ACCESSORY","category_revenue_at_store":435759.453125,"opportunity":"Brand not carried"},{"store":"Elevation Downtown","category":"ACCESSORY","category_revenue_at_store":61539.7021484375,"opportunity":"Brand not carried"}],"product_mix":{"top":[{"product":"WIRED ROLLING PAPER","units":82,"revenue":295.49999237060547,"cost":109.67500686645508,"profit":185.82500457763672,"stores":1,"transactions":78,"margin":62.900001525878906}],"bottom":[],"expansion":[]},"pricing_consistency":[],"promotional_effectiveness":{"lift":{"fp_units_per_day":2.2,"disc_units_per_day":2.0,"lift_pct":-9.1,"fp_avg_revenue_per_unit":7.5,"disc_avg_revenue_per_unit":6.0},"by_deal":[{"deal_name":"Senior - 10% Off","uses":1,"revenue":6.7500001192092896,"discounts":0.7500000298023224,"units":2.0,"cost":2.6750001311302185,"margin":60.4,"discount_depth":20.0},{"deal_name":"Senior / Veterans - 20% Off","uses":1,"revenue":6.000000238418579,"discounts":1.5000000596046448,"units":2.0,"cost":2.6750001311302185,"margin":55.4,"discount_depth":40.0}]},"growth_opportunities":[{"type":"distribution","title":"Expand to Elevation Springs","detail":"Store has $359,353 in ACCESSORY \u2014 categories where RANDY'S competes.","priority":"high"},{"type":"distribution","title":"Expand to Elevation Mesa","detail":"Store has $221,088 in ACCESSORY \u2014 categories where RANDY'S competes.","priority":"high"},{"type":"distribution","title":"Expand to Elevation Oasis","detail":"Store has $366,922 in ACCESSORY \u2014 categories where RANDY'S competes.","priority":"high"},{"type":"distribution","title":"Expand to Elevation Downtown","detail":"Store has $24,616 in ACCESSORY \u2014 categories where RANDY'S competes.","priority":"high"},{"type":"distribution","title":"Expand to Elevation Boulevard","detail":"Store has $186,593 in ACCESSORY \u2014 categories where RANDY'S competes.","priority":"high"},{"type":"distribution","title":"Expand to Elevation Parkway","detail":"Store has $174,304 in ACCESSORY \u2014 categories where RANDY'S competes.","priority":"high"},{"type":"velocity","title":"Improve velocity in ACCESSORY","detail":"Velocity index 0 (below category average). 0.1 units/day vs 10.3 avg.","priority":"medium"}],"trend":[{"period":"2024-07","revenue":7.5,"cost":2.6750001311302185,"margin":64.3,"units":2,"transactions":2,"profit":4.8249998688697815,"revenue_change_pct":null,"units_change_pct":null,"margin_change_pts":null},{"period":"2024-08","revenue":12.749999761581421,"cost":5.350000262260437,"margin":58.0,"units":4,"transactions":4,"profit":7.400000095367432,"revenue_change_pct":70.0,"units_change_pct":100.0,"margin_change_pts":-6.3},{"period":"2024-09","revenue":29.249999523162842,"cost":10.700000524520874,"margin":63.4,"units":8,"transactions":8,"profit":18.550000190734863,"revenue_change_pct":129.4,"units_change_pct":100.0,"margin_change_pts":5.4},{"period":"2024-10","revenue":50.250000953674316,"cost":18.725000619888306,"margin":62.7,"units":14,"transactions":12,"profit":31.524999141693115,"revenue_change_pct":71.8,"units_change_pct":75.0,"margin_change_pts":-0.7},{"period":"2024-11","revenue":6.000000238418579,"cost":2.6750001311302185,"margin":55.4,"units":2,"transactions":2,"profit":3.3250001072883606,"revenue_change_pct":-88.1,"units_change_pct":-85.7,"margin_change_pts":-7.3},{"period":"2024-12","revenue":52.5,"cost":18.725000619888306,"margin":64.3,"units":14,"transactions":12,"profit":33.7749981880188,"revenue_change_pct":775.0,"units_change_pct":600.0,"margin_change_pts":8.9},{"period":"2025-01","revenue":13.500000238418579,"cost":5.350000262260437,"margin":60.4,"units":4,"transactions":4,"profit":8.149999976158142,"revenue_change_pct":-74.3,"units_change_pct":-71.4,"margin_change_pts":-4.0},{"period":"2025-03","revenue":7.5,"cost":2.6750001311302185,"margin":64.3,"units":2,"transactions":2,"profit":4.8249998688697815,"revenue_change_pct":-44.4,"units_change_pct":-50.0,"margin_change_pts":4.0},{"period":"2025-04","revenue":22.5,"cost":8.025000095367432,"margin":64.3,"units":6,"transactions":6,"profit":14.474999904632568,"revenue_change_pct":200.0,"units_change_pct":200.0,"margin_change_pts":0.0},{"period":"2025-05","revenue":7.5,"cost":2.6750001311302185,"margin":64.3,"units":2,"transactions":2,"profit":4.8249998688697815,"revenue_change_pct":-66.7,"units_change_pct":-66.7,"margin_change_pts":-0.0},{"period":"2025-09","revenue":20.250000953674316,"cost":8.025000095367432,"margin":60.4,"units":6,"transactions":6,"profit":12.22499966621399,"revenue_change_pct":170.0,"units_change_pct":200.0,"margin_change_pts":-4.0},{"period":"2025-10","revenue":7.5,"cost":2.6750001311302185,"margin":64.3,"units":2,"transactions":2,"profit":4.8249998688697815,"revenue_change_pct":-63.0,"units_change_pct":-66.7,"margin_change_pts":4.0},{"period":"2025-11","revenue":29.249999523162842,"cost":10.700000524520874,"margin":63.4,"units":8,"transactions":8,"profit":18.550000190734863,"revenue_change_pct":290.0,"units_change_pct":300.0,"margin_change_pts":-0.9},{"period":"2025-12","revenue":14.249999523162842,"cost":5.350000262260437,"margin":62.5,"units":4,"transactions":4,"profit":8.899999856948853,"revenue_change_pct":-51.3,"units_change_pct":-50.0,"margin_change_pts":-1.0},{"period":"2026-01","revenue":15.0,"cost":5.350000262260437,"margin":64.3,"units":4,"transactions":4,"profit":9.649999737739563,"revenue_change_pct":5.3,"units_change_pct":0,"margin_change_pts":1.9}]}