{"brand":"ELITE","date_range":"2024-01-01 00:00:00 to 2026-01-31 00:00:00","period_label":"All Time","summary":{"total_units":56,"total_revenue":634.4999694824219,"total_cost":347.57495880126953,"total_discounts":107.99999237060547,"total_profit":286.92501068115234,"overall_margin":45.20000076293945,"fp_margin":53.70000076293945,"disc_margin":28.399999618530273,"pct_full_price":66.5999984741211,"avg_discount_rate":14.5,"fp_revenue":422.5,"disc_revenue":212.00000762939453,"unique_customers":42,"brand":"ELITE","date_range":"2024-01-01 00:00:00 to 2026-01-31 00:00:00","months_count":12,"avg_monthly_cost":57.925000000000004,"cost_per_unit":12.424999999999999,"primary_category":"ACCESSORY","primary_cat_margin":61.099998474121094,"category_rank":62,"category_total":136,"margin_vs_category":-15.899999618530273,"velocity_rank":51},"category_breakdown":[{"category_clean":"ACCESSORY","units":56,"revenue":634.5000076293945,"cost":347.5749969482422,"profit":286.924991607666,"discounts":108.00000190734863,"margin":45.20000076293945,"category_avg_margin":61.099998474121094,"vs_category":-15.9,"rank":62.0,"total_brands":136.0}],"trend":[{"period":"2025-02","revenue":299.75000381469727,"cost":195.65000534057617,"margin":34.7,"units":28,"transactions":14,"profit":104.0999984741211,"revenue_change_pct":null,"units_change_pct":null,"margin_change_pts":null},{"period":"2025-03","revenue":27.5,"cost":13.975000381469727,"margin":49.2,"units":2,"transactions":2,"profit":13.524999618530273,"revenue_change_pct":-90.8,"units_change_pct":-92.9,"margin_change_pts":14.5},{"period":"2025-04","revenue":52.249999046325684,"cost":27.950000762939453,"margin":46.5,"units":4,"transactions":4,"profit":24.29999828338623,"revenue_change_pct":90.0,"units_change_pct":100.0,"margin_change_pts":-2.7},{"period":"2025-06","revenue":50.0,"cost":20.0,"margin":60.0,"units":4,"transactions":4,"profit":30.0,"revenue_change_pct":-4.3,"units_change_pct":0,"margin_change_pts":13.5},{"period":"2025-07","revenue":182.5,"cost":80.0,"margin":56.2,"units":16,"transactions":16,"profit":102.5,"revenue_change_pct":265.0,"units_change_pct":300.0,"margin_change_pts":-3.8},{"period":"2025-10","revenue":22.5,"cost":10.0,"margin":55.6,"units":2,"transactions":2,"profit":12.5,"revenue_change_pct":-87.7,"units_change_pct":-87.5,"margin_change_pts":-0.6}],"share_of_category":[{"category":"ACCESSORY","brand_revenue":634.4999694824219,"category_revenue":4128754.0625,"revenue_share_pct":0.0,"brand_units":56,"category_units":2130096,"units_share_pct":0.0}],"share_of_category_trend":{"ACCESSORY":[{"period":"2024-01","brand_revenue":0.0,"category_revenue":153543.9453125,"share_pct":0.0},{"period":"2024-02","brand_revenue":0.0,"category_revenue":152399.47265625,"share_pct":0.0},{"period":"2024-03","brand_revenue":0.0,"category_revenue":154678.876953125,"share_pct":0.0},{"period":"2024-04","brand_revenue":0.0,"category_revenue":163353.65234375,"share_pct":0.0},{"period":"2024-05","brand_revenue":0.0,"category_revenue":179676.4453125,"share_pct":0.0},{"period":"2024-06","brand_revenue":0.0,"category_revenue":185008.828125,"share_pct":0.0},{"period":"2024-07","brand_revenue":0.0,"category_revenue":186675.46875,"share_pct":0.0},{"period":"2024-08","brand_revenue":0.0,"category_revenue":180226.328125,"share_pct":0.0},{"period":"2024-09","brand_revenue":0.0,"category_revenue":162386.298828125,"share_pct":0.0},{"period":"2024-10","brand_revenue":0.0,"category_revenue":166088.73046875,"share_pct":0.0},{"period":"2024-11","brand_revenue":0.0,"category_revenue":171706.09375,"share_pct":0.0},{"period":"2024-12","brand_revenue":0.0,"category_revenue":176502.03125,"share_pct":0.0},{"period":"2025-01","brand_revenue":0.0,"category_revenue":167261.34765625,"share_pct":0.0},{"period":"2025-02","brand_revenue":299.75000381469727,"category_revenue":155260.927734375,"share_pct":0.20000000298023224},{"period":"2025-03","brand_revenue":27.5,"category_revenue":176420.390625,"share_pct":0.0},{"period":"2025-04","brand_revenue":52.249999046325684,"category_revenue":182694.82421875,"share_pct":0.0},{"period":"2025-05","brand_revenue":0.0,"category_revenue":179904.4921875,"share_pct":0.0},{"period":"2025-06","brand_revenue":50.0,"category_revenue":161148.75,"share_pct":0.0},{"period":"2025-07","brand_revenue":182.5,"category_revenue":165549.8046875,"share_pct":0.10000000149011612},{"period":"2025-08","brand_revenue":0.0,"category_revenue":171752.05078125,"share_pct":0.0},{"period":"2025-09","brand_revenue":0.0,"category_revenue":168198.9453125,"share_pct":0.0},{"period":"2025-10","brand_revenue":22.5,"category_revenue":171844.55078125,"share_pct":0.0},{"period":"2025-11","brand_revenue":0.0,"category_revenue":172839.74609375,"share_pct":0.0},{"period":"2025-12","brand_revenue":0.0,"category_revenue":141954.873046875,"share_pct":0.0},{"period":"2026-01","brand_revenue":0.0,"category_revenue":81677.1484375,"share_pct":0.0}]},"discount_depth":[{"tier":"0% (Full Price)","transactions":26,"pct_of_transactions":61.9,"revenue":422.5,"avg_discount":0.0},{"tier":"1-10%","transactions":6,"pct_of_transactions":14.3,"revenue":69.74999904632568,"avg_discount":20.0},{"tier":"11-20%","transactions":0,"pct_of_transactions":0.0,"revenue":0.0,"avg_discount":0},{"tier":"21-30%","transactions":4,"pct_of_transactions":9.5,"revenue":38.499999046325684,"avg_discount":60.0},{"tier":"31%+","transactions":2,"pct_of_transactions":4.8,"revenue":68.75,"avg_discount":100.0}],"velocity":{"units_per_day":0.22,"revenue_per_day":2.4250000715255737,"avg_units_per_txn":2.66,"days_of_data":263,"total_units":56,"total_transactions":42},"velocity_by_category":[{"category":"ACCESSORY","brand_units_per_day":0.08,"category_avg_units_per_day":20.56,"velocity_index":0.4,"brand_rev_per_unit":9.06,"category_rev_per_unit":1.55,"brands_in_category":136}],"deals":[{"deal_name":"Jackpot - Locals 30% Off","times_used":8,"units":8.0,"revenue":73.49999904632568,"discounts":31.49999976158142,"cost":47.95000076293945,"profit":25.549999475479126,"pre_discount_revenue":105.0,"margin":34.8,"avg_discount":60.0},{"deal_name":"Senior - 10% Off","times_used":6,"units":6.0,"revenue":69.74999904632568,"discounts":7.750000059604645,"cost":33.97500038146973,"profit":35.77499985694885,"pre_discount_revenue":77.5,"margin":51.3,"avg_discount":20.0}],"top_products":[{"product":"METAL KEYCHAIN PIPE / WHISTLE - ELITE","units":56,"revenue":634.5000076293945,"cost":347.5749969482422,"profit":286.924991607666,"transactions":42,"margin":45.20000076293945}],"products_by_store":{"Elevation Oasis":[{"product":"METAL KEYCHAIN PIPE / WHISTLE - ELITE","units":56,"revenue":634.5000076293945,"cost":347.5749969482422,"profit":286.924991607666,"transactions":42,"margin":45.20000076293945}]},"store_summary":[{"store_clean":"Elevation Oasis","units":56,"revenue":634.5000076293945,"cost":347.5749969482422,"profit":286.924991607666,"discounts":108.00000190734863,"margin":45.20000076293945,"discount_rate":14.5}],"recommendations":[{"severity":"red","title":"ACCESSORY: BELOW CATEGORY AVERAGE","detail":"Margin (45.2%) is 16 pts below ACCESSORY average. Ranked #62 of 136. Strong case for cost negotiation.","action":"Request 8% cost reduction or evaluate alternative ACCESSORY brands."},{"severity":"yellow","title":"CATEGORY BENCHMARK GAP","detail":"Overall margin (45.2%) trails ACCESSORY average (61.1%) by 15.9 pts.","action":"Negotiate cost reduction or increase retail price."},{"severity":"red","title":"LOW DISCOUNTED MARGIN","detail":"Margin drops to 28.4% when discounted.","action":"Cap discount depth at 20% or negotiate lower wholesale cost."}],"comparison":null}