{"brand":"LADY HORNET","date_range":"2024-01-01 00:00:00 to 2026-01-31 00:00:00","period_label":"All Time","summary":{"total_units":12,"total_revenue":65.0,"total_cost":23.350000381469727,"total_discounts":25.0,"total_profit":41.64999961853027,"overall_margin":64.0999984741211,"fp_margin":93.30000305175781,"disc_margin":55.29999923706055,"pct_full_price":23.100000381469727,"avg_discount_rate":27.799999237060547,"fp_revenue":15.0,"disc_revenue":50.0,"unique_customers":12,"brand":"LADY HORNET","date_range":"2024-01-01 00:00:00 to 2026-01-31 00:00:00","months_count":8,"avg_monthly_cost":5.85,"cost_per_unit":3.9000000000000004,"primary_category":"ACCESSORY","primary_cat_margin":61.099998474121094,"category_rank":134,"category_total":136,"margin_vs_category":3.0,"velocity_rank":104},"category_breakdown":[{"category_clean":"ACCESSORY","units":8,"revenue":15.0,"cost":1.0000000149011612,"profit":13.999999761581421,"discounts":0.0,"margin":93.30000305175781,"category_avg_margin":61.099998474121094,"vs_category":32.2,"rank":134.0,"total_brands":136.0}],"trend":[{"period":"2025-04","revenue":50.0,"cost":22.349998950958252,"margin":55.3,"units":4,"transactions":4,"profit":27.650001049041748,"revenue_change_pct":null,"units_change_pct":null,"margin_change_pts":null},{"period":"2025-05","revenue":7.5,"cost":0.5000000074505806,"margin":93.3,"units":4,"transactions":4,"profit":6.9999998807907104,"revenue_change_pct":-85.0,"units_change_pct":0,"margin_change_pts":38.0},{"period":"2025-10","revenue":3.75,"cost":0.2500000037252903,"margin":93.3,"units":2,"transactions":2,"profit":3.4999999403953552,"revenue_change_pct":-50.0,"units_change_pct":-50.0,"margin_change_pts":0.0},{"period":"2025-12","revenue":3.75,"cost":0.2500000037252903,"margin":93.3,"units":2,"transactions":2,"profit":3.4999999403953552,"revenue_change_pct":0,"units_change_pct":0,"margin_change_pts":0.0}],"share_of_category":[{"category":"ACCESSORY","brand_revenue":15.0,"category_revenue":4128754.0625,"revenue_share_pct":0.0,"brand_units":8,"category_units":2130096,"units_share_pct":0.0},{"category":0.0,"brand_revenue":0.0,"category_revenue":0.0,"revenue_share_pct":0.0,"brand_units":0,"category_units":0,"units_share_pct":0.0}],"share_of_category_trend":{"ACCESSORY":[{"period":"2024-01","brand_revenue":0.0,"category_revenue":153543.9453125,"share_pct":0.0},{"period":"2024-02","brand_revenue":0.0,"category_revenue":152399.47265625,"share_pct":0.0},{"period":"2024-03","brand_revenue":0.0,"category_revenue":154678.876953125,"share_pct":0.0},{"period":"2024-04","brand_revenue":0.0,"category_revenue":163353.65234375,"share_pct":0.0},{"period":"2024-05","brand_revenue":0.0,"category_revenue":179676.4453125,"share_pct":0.0},{"period":"2024-06","brand_revenue":0.0,"category_revenue":185008.828125,"share_pct":0.0},{"period":"2024-07","brand_revenue":0.0,"category_revenue":186675.46875,"share_pct":0.0},{"period":"2024-08","brand_revenue":0.0,"category_revenue":180226.328125,"share_pct":0.0},{"period":"2024-09","brand_revenue":0.0,"category_revenue":162386.298828125,"share_pct":0.0},{"period":"2024-10","brand_revenue":0.0,"category_revenue":166088.73046875,"share_pct":0.0},{"period":"2024-11","brand_revenue":0.0,"category_revenue":171706.09375,"share_pct":0.0},{"period":"2024-12","brand_revenue":0.0,"category_revenue":176502.03125,"share_pct":0.0},{"period":"2025-01","brand_revenue":0.0,"category_revenue":167261.34765625,"share_pct":0.0},{"period":"2025-02","brand_revenue":0.0,"category_revenue":155260.927734375,"share_pct":0.0},{"period":"2025-03","brand_revenue":0.0,"category_revenue":176420.390625,"share_pct":0.0},{"period":"2025-04","brand_revenue":0.0,"category_revenue":182694.82421875,"share_pct":0.0},{"period":"2025-05","brand_revenue":7.5,"category_revenue":179904.4921875,"share_pct":0.0},{"period":"2025-06","brand_revenue":0.0,"category_revenue":161148.75,"share_pct":0.0},{"period":"2025-07","brand_revenue":0.0,"category_revenue":165549.8046875,"share_pct":0.0},{"period":"2025-08","brand_revenue":0.0,"category_revenue":171752.05078125,"share_pct":0.0},{"period":"2025-09","brand_revenue":0.0,"category_revenue":168198.9453125,"share_pct":0.0},{"period":"2025-10","brand_revenue":3.75,"category_revenue":171844.55078125,"share_pct":0.0},{"period":"2025-11","brand_revenue":0.0,"category_revenue":172839.74609375,"share_pct":0.0},{"period":"2025-12","brand_revenue":3.75,"category_revenue":141954.873046875,"share_pct":0.0},{"period":"2026-01","brand_revenue":0.0,"category_revenue":81677.1484375,"share_pct":0.0}]},"discount_depth":[{"tier":"0% (Full Price)","transactions":8,"pct_of_transactions":66.7,"revenue":15.0,"avg_discount":0.0},{"tier":"1-10%","transactions":0,"pct_of_transactions":0.0,"revenue":0.0,"avg_discount":0},{"tier":"11-20%","transactions":0,"pct_of_transactions":0.0,"revenue":0.0,"avg_discount":0},{"tier":"21-30%","transactions":0,"pct_of_transactions":0.0,"revenue":0.0,"avg_discount":0},{"tier":"31%+","transactions":4,"pct_of_transactions":33.3,"revenue":50.0,"avg_discount":66.5999984741211}],"velocity":{"units_per_day":0.04,"revenue_per_day":0.2500000037252903,"avg_units_per_txn":2.0,"days_of_data":256,"total_units":12,"total_transactions":12},"velocity_by_category":[{"category":"ACCESSORY","brand_units_per_day":0.02,"category_avg_units_per_day":20.56,"velocity_index":0.1,"brand_rev_per_unit":1.5,"category_rev_per_unit":1.55,"brands_in_category":136},{"category":0.0,"brand_units_per_day":0.0,"category_avg_units_per_day":0,"velocity_index":0,"brand_rev_per_unit":0.0,"category_rev_per_unit":0.0,"brands_in_category":0}],"deals":[],"top_products":[{"product":"ROLLING KIT - TRAY & PAPERS","units":4,"revenue":50.0,"cost":22.349998950958252,"profit":27.650001049041748,"transactions":4,"margin":55.29999923706055},{"product":"PREMIUM ORGANIC PAPER TIPS","units":8,"revenue":15.0,"cost":1.0000000149011612,"profit":13.999999761581421,"transactions":8,"margin":93.30000305175781}],"products_by_store":{"Elevation Oasis":[{"product":"ROLLING KIT - TRAY & PAPERS","units":4,"revenue":50.0,"cost":22.349998950958252,"profit":27.650001049041748,"transactions":4,"margin":55.29999923706055},{"product":"PREMIUM ORGANIC PAPER TIPS","units":8,"revenue":15.0,"cost":1.0000000149011612,"profit":13.999999761581421,"transactions":8,"margin":93.30000305175781}]},"store_summary":[{"store_clean":"Elevation Oasis","units":12,"revenue":65.0,"cost":23.350000381469727,"profit":41.64999961853027,"discounts":25.0,"margin":64.0999984741211,"discount_rate":27.799999237060547}],"recommendations":[{"severity":"red","title":"HIGH PROMOTION DEPENDENCY","detail":"Only 23% sells at full price. Heavy discounting required.","action":"Test reducing deal frequency \u2014 track velocity without promos."}],"comparison":null}