{"brand":"NAKED CITY","date_range":"2024-01-01 00:00:00 to 2026-01-31 00:00:00","period_label":"All Time","summary":{"total_units":99,"total_revenue":704.3999633789062,"total_cost":255.25,"total_discounts":87.5999984741211,"total_profit":449.1499938964844,"overall_margin":63.79999923706055,"fp_margin":67.5,"disc_margin":57.20000076293945,"pct_full_price":63.599998474121094,"avg_discount_rate":11.100000381469727,"fp_revenue":448.0,"disc_revenue":256.3999938964844,"brand":"NAKED CITY","date_range":"2024-01-01 00:00:00 to 2026-01-31 00:00:00","primary_category":"PRE ROLL","store_coverage":"2/7","stores_present":["Thrive Reno","Thrive Sammy"],"stores_missing":["Thrive Cactus","Thrive Cheyenne","Thrive Jackpot","Thrive Main Street","Thrive Sahara"],"velocity_rank":36,"velocity_total":46},"distribution":[{"store":"Thrive Cactus","carries_brand":false,"sku_count":0,"revenue":0,"units":0,"store_total_revenue":20455500.0,"brand_share_pct":0},{"store":"Thrive Cheyenne","carries_brand":false,"sku_count":0,"revenue":0,"units":0,"store_total_revenue":19012896.0,"brand_share_pct":0},{"store":"Thrive Jackpot","carries_brand":false,"sku_count":0,"revenue":0,"units":0,"store_total_revenue":22420058.0,"brand_share_pct":0},{"store":"Thrive Main Street","carries_brand":false,"sku_count":0,"revenue":0,"units":0,"store_total_revenue":778094.875,"brand_share_pct":0},{"store":"Thrive Reno","carries_brand":true,"sku_count":2,"revenue":638.0,"units":88,"store_total_revenue":12340074.0,"brand_share_pct":0.0},{"store":"Thrive Sahara","carries_brand":false,"sku_count":0,"revenue":0,"units":0,"store_total_revenue":11503146.0,"brand_share_pct":0},{"store":"Thrive Sammy","carries_brand":true,"sku_count":1,"revenue":66.4000015258789,"units":11,"store_total_revenue":8794803.0,"brand_share_pct":0.0}],"share_of_category":[{"category":"PRE ROLL","brand_revenue":704.3999633789062,"category_revenue":5603916.5,"revenue_share_pct":0.0,"brand_units":99,"category_units":742868,"units_share_pct":0.0}],"share_of_category_trend":{"PRE ROLL":[{"period":"2024-01","brand_revenue":704.4000244140625,"category_revenue":203335.40625,"share_pct":0.30000001192092896},{"period":"2024-02","brand_revenue":0.0,"category_revenue":195757.46875,"share_pct":0.0},{"period":"2024-03","brand_revenue":0.0,"category_revenue":208020.953125,"share_pct":0.0},{"period":"2024-04","brand_revenue":0.0,"category_revenue":196520.265625,"share_pct":0.0},{"period":"2024-05","brand_revenue":0.0,"category_revenue":216881.15625,"share_pct":0.0},{"period":"2024-06","brand_revenue":0.0,"category_revenue":202915.546875,"share_pct":0.0},{"period":"2024-07","brand_revenue":0.0,"category_revenue":209700.390625,"share_pct":0.0},{"period":"2024-08","brand_revenue":0.0,"category_revenue":245007.484375,"share_pct":0.0},{"period":"2024-09","brand_revenue":0.0,"category_revenue":234617.203125,"share_pct":0.0},{"period":"2024-10","brand_revenue":0.0,"category_revenue":256579.671875,"share_pct":0.0},{"period":"2024-11","brand_revenue":0.0,"category_revenue":231946.6875,"share_pct":0.0},{"period":"2024-12","brand_revenue":0.0,"category_revenue":233199.828125,"share_pct":0.0},{"period":"2025-01","brand_revenue":0.0,"category_revenue":217638.125,"share_pct":0.0},{"period":"2025-02","brand_revenue":0.0,"category_revenue":200350.234375,"share_pct":0.0},{"period":"2025-03","brand_revenue":0.0,"category_revenue":220568.828125,"share_pct":0.0},{"period":"2025-04","brand_revenue":0.0,"category_revenue":227275.75,"share_pct":0.0},{"period":"2025-05","brand_revenue":0.0,"category_revenue":226206.75,"share_pct":0.0},{"period":"2025-06","brand_revenue":0.0,"category_revenue":224202.6875,"share_pct":0.0},{"period":"2025-07","brand_revenue":0.0,"category_revenue":240366.4375,"share_pct":0.0},{"period":"2025-08","brand_revenue":0.0,"category_revenue":248099.0,"share_pct":0.0},{"period":"2025-09","brand_revenue":0.0,"category_revenue":243588.4375,"share_pct":0.0},{"period":"2025-10","brand_revenue":0.0,"category_revenue":258117.265625,"share_pct":0.0},{"period":"2025-11","brand_revenue":0.0,"category_revenue":232445.390625,"share_pct":0.0},{"period":"2025-12","brand_revenue":0.0,"category_revenue":221235.421875,"share_pct":0.0},{"period":"2026-01","brand_revenue":0.0,"category_revenue":209340.375,"share_pct":0.0}]},"velocity_by_category":[{"category":"PRE ROLL","brand_units_per_day":0.13,"category_avg_units_per_day":21.19,"velocity_index":0.6,"brand_rev_per_unit":7.12,"category_rev_per_unit":7.54,"brands_in_category":46}],"store_gaps":[{"store":"Thrive Cactus","category":"PRE ROLL","category_revenue_at_store":1403010.375,"opportunity":"Brand not carried"},{"store":"Thrive Cheyenne","category":"PRE ROLL","category_revenue_at_store":1383445.0,"opportunity":"Brand not carried"},{"store":"Thrive Sahara","category":"PRE ROLL","category_revenue_at_store":1001630.125,"opportunity":"Brand not carried"},{"store":"Thrive Jackpot","category":"PRE ROLL","category_revenue_at_store":584348.5,"opportunity":"Brand not carried"},{"store":"Thrive Main Street","category":"PRE ROLL","category_revenue_at_store":78455.640625,"opportunity":"Brand not carried"}],"product_mix":{"top":[{"product":"MAC PRE ROLL 1G - NAKED CITY","units":68,"revenue":475.6000061035156,"cost":170.0,"profit":305.6000061035156,"stores":2,"transactions":56,"margin":64.30000305175781},{"product":"DAILY GRAPE PRE ROLL 1G - NAKED CITY","units":31,"revenue":228.8000030517578,"cost":85.25,"profit":143.5500030517578,"stores":1,"transactions":27,"margin":62.70000076293945}],"bottom":[],"expansion":[]},"pricing_consistency":[{"product":"MAC PRE ROLL 1G - NAKED CITY","min_price":6.0363637750799,"max_price":7.178947582579496,"avg_price":6.607655678829698,"std_dev":0.8079287583569084,"store_count":2,"price_range":1.1425838074995953,"range_pct":17.3}],"promotional_effectiveness":{"lift":{"fp_units_per_day":2.55,"disc_units_per_day":2.87,"lift_pct":12.6,"fp_avg_revenue_per_unit":8.0,"disc_avg_revenue_per_unit":5.96},"by_deal":[{"deal_name":"Senior - 10% Off","uses":7,"revenue":57.599998474121094,"discounts":6.400000095367432,"units":8.0,"cost":20.25,"margin":64.8,"discount_depth":10.0},{"deal_name":"5 FOR $30 Mix N Match Pre Rolls","uses":4,"revenue":54.0,"discounts":18.0,"units":9.0,"cost":23.5,"margin":56.5,"discount_depth":25.0},{"deal_name":"Industry - 30% Off","uses":3,"revenue":16.799999713897705,"discounts":7.200000286102295,"units":3.0,"cost":7.5,"margin":55.4,"discount_depth":30.0},{"deal_name":"30% Off Special","uses":2,"revenue":22.399999141693115,"discounts":9.599999904632568,"units":4.0,"cost":10.0,"margin":55.4,"discount_depth":30.0}]},"growth_opportunities":[{"type":"distribution","title":"Expand to Thrive Cactus","detail":"Store has $1,403,010 in PRE ROLL \u2014 categories where NAKED CITY competes.","priority":"high"},{"type":"distribution","title":"Expand to Thrive Cheyenne","detail":"Store has $1,383,445 in PRE ROLL \u2014 categories where NAKED CITY competes.","priority":"high"},{"type":"distribution","title":"Expand to Thrive Jackpot","detail":"Store has $584,348 in PRE ROLL \u2014 categories where NAKED CITY competes.","priority":"high"},{"type":"distribution","title":"Expand to Thrive Main Street","detail":"Store has $78,456 in PRE ROLL \u2014 categories where NAKED CITY competes.","priority":"high"},{"type":"distribution","title":"Expand to Thrive Sahara","detail":"Store has $1,001,630 in PRE ROLL \u2014 categories where NAKED CITY competes.","priority":"high"},{"type":"velocity","title":"Improve velocity in PRE ROLL","detail":"Velocity index 1 (below category average). 0.1 units/day vs 21.2 avg.","priority":"medium"}],"trend":[{"period":"2024-01","revenue":704.4000244140625,"cost":255.25,"margin":63.8,"units":99,"transactions":74,"profit":449.1499938964844,"revenue_change_pct":null,"units_change_pct":null,"margin_change_pts":null}]}