{"brand":"NAKED CITY","date_range":"2024-01-01 00:00:00 to 2026-01-31 00:00:00","period_label":"All Time","summary":{"total_units":198,"total_revenue":1760.9999084472656,"total_cost":638.125,"total_discounts":218.99999618530273,"total_profit":1122.874984741211,"overall_margin":63.79999923706055,"fp_margin":67.5,"disc_margin":57.20000076293945,"pct_full_price":63.599998474121094,"avg_discount_rate":11.100000381469727,"fp_revenue":1120.0,"disc_revenue":640.9999847412109,"unique_customers":128,"brand":"NAKED CITY","date_range":"2024-01-01 00:00:00 to 2026-01-31 00:00:00","months_count":2,"avg_monthly_cost":638.125,"cost_per_unit":6.45,"primary_category":"PRE ROLL","primary_cat_margin":48.29999923706055,"category_rank":37,"category_total":46,"margin_vs_category":15.5,"velocity_rank":36},"category_breakdown":[{"category_clean":"PRE ROLL","units":198,"revenue":1761.0000610351562,"cost":638.125,"profit":1122.874984741211,"discounts":218.99999618530273,"margin":63.79999923706055,"category_avg_margin":48.29999923706055,"vs_category":15.5,"rank":37.0,"total_brands":46.0}],"trend":[{"period":"2024-01","revenue":1761.0000610351562,"cost":638.125,"margin":63.8,"units":198,"transactions":148,"profit":1122.874984741211,"revenue_change_pct":null,"units_change_pct":null,"margin_change_pts":null}],"share_of_category":[{"category":"PRE ROLL","brand_revenue":1760.9999084472656,"category_revenue":14009791.25,"revenue_share_pct":0.0,"brand_units":198,"category_units":1485736,"units_share_pct":0.0}],"share_of_category_trend":{"PRE ROLL":[{"period":"2024-01","brand_revenue":1761.0000610351562,"category_revenue":508338.515625,"share_pct":0.30000001192092896},{"period":"2024-02","brand_revenue":0.0,"category_revenue":489393.671875,"share_pct":0.0},{"period":"2024-03","brand_revenue":0.0,"category_revenue":520052.3828125,"share_pct":0.0},{"period":"2024-04","brand_revenue":0.0,"category_revenue":491300.6640625,"share_pct":0.0},{"period":"2024-05","brand_revenue":0.0,"category_revenue":542202.890625,"share_pct":0.0},{"period":"2024-06","brand_revenue":0.0,"category_revenue":507288.8671875,"share_pct":0.0},{"period":"2024-07","brand_revenue":0.0,"category_revenue":524250.9765625,"share_pct":0.0},{"period":"2024-08","brand_revenue":0.0,"category_revenue":612518.7109375,"share_pct":0.0},{"period":"2024-09","brand_revenue":0.0,"category_revenue":586543.0078125,"share_pct":0.0},{"period":"2024-10","brand_revenue":0.0,"category_revenue":641449.1796875,"share_pct":0.0},{"period":"2024-11","brand_revenue":0.0,"category_revenue":579866.71875,"share_pct":0.0},{"period":"2024-12","brand_revenue":0.0,"category_revenue":582999.5703125,"share_pct":0.0},{"period":"2025-01","brand_revenue":0.0,"category_revenue":544095.3125,"share_pct":0.0},{"period":"2025-02","brand_revenue":0.0,"category_revenue":500875.5859375,"share_pct":0.0},{"period":"2025-03","brand_revenue":0.0,"category_revenue":551422.0703125,"share_pct":0.0},{"period":"2025-04","brand_revenue":0.0,"category_revenue":568189.375,"share_pct":0.0},{"period":"2025-05","brand_revenue":0.0,"category_revenue":565516.875,"share_pct":0.0},{"period":"2025-06","brand_revenue":0.0,"category_revenue":560506.71875,"share_pct":0.0},{"period":"2025-07","brand_revenue":0.0,"category_revenue":600916.09375,"share_pct":0.0},{"period":"2025-08","brand_revenue":0.0,"category_revenue":620247.5,"share_pct":0.0},{"period":"2025-09","brand_revenue":0.0,"category_revenue":608971.09375,"share_pct":0.0},{"period":"2025-10","brand_revenue":0.0,"category_revenue":645293.1640625,"share_pct":0.0},{"period":"2025-11","brand_revenue":0.0,"category_revenue":581113.4765625,"share_pct":0.0},{"period":"2025-12","brand_revenue":0.0,"category_revenue":553088.5546875,"share_pct":0.0},{"period":"2026-01","brand_revenue":0.0,"category_revenue":523350.9375,"share_pct":0.0}]},"discount_depth":[{"tier":"0% (Full Price)","transactions":100,"pct_of_transactions":60.2,"revenue":1120.0,"avg_discount":0.0},{"tier":"1-10%","transactions":18,"pct_of_transactions":10.8,"revenue":161.9999885559082,"avg_discount":20.0},{"tier":"11-20%","transactions":2,"pct_of_transactions":1.2,"revenue":16.00000023841858,"avg_discount":40.0},{"tier":"21-30%","transactions":26,"pct_of_transactions":15.7,"revenue":335.0,"avg_discount":51.599998474121094},{"tier":"31%+","transactions":6,"pct_of_transactions":3.6,"revenue":30.0,"avg_discount":100.0}],"velocity":{"units_per_day":8.24,"revenue_per_day":73.37500095367432,"avg_units_per_txn":2.68,"days_of_data":24,"total_units":198,"total_transactions":148},"velocity_by_category":[{"category":"PRE ROLL","brand_units_per_day":0.26,"category_avg_units_per_day":42.38,"velocity_index":0.6,"brand_rev_per_unit":7.12,"category_rev_per_unit":7.54,"brands_in_category":46}],"deals":[{"deal_name":"Senior - 10% Off","times_used":14,"units":16.0,"revenue":143.99999618530273,"discounts":16.00000023841858,"cost":50.625,"profit":93.37499618530273,"pre_discount_revenue":160.0,"margin":64.8,"avg_discount":20.0},{"deal_name":"5 FOR $30 Mix N Match Pre Rolls","times_used":8,"units":18.0,"revenue":135.0,"discounts":45.0,"cost":58.75,"profit":76.25,"pre_discount_revenue":180.0,"margin":56.5,"avg_discount":50.0},{"deal_name":"Industry - 30% Off","times_used":6,"units":6.0,"revenue":41.99999928474426,"discounts":18.000000715255737,"cost":18.75,"profit":23.249999284744263,"pre_discount_revenue":60.0,"margin":55.4,"avg_discount":60.0},{"deal_name":"30% Off Special","times_used":4,"units":8.0,"revenue":55.99999785423279,"discounts":23.99999976158142,"cost":25.0,"profit":31.00000023841858,"pre_discount_revenue":80.0,"margin":55.4,"avg_discount":60.0}],"top_products":[{"product":"MAC PRE ROLL 1G - NAKED CITY","units":136,"revenue":1189.000015258789,"cost":425.0,"profit":764.0000152587891,"transactions":112,"margin":64.30000305175781},{"product":"DAILY GRAPE PRE ROLL 1G - NAKED CITY","units":62,"revenue":572.0000076293945,"cost":213.125,"profit":358.87500762939453,"transactions":54,"margin":62.70000076293945}],"products_by_store":{"Elevation Midtown":[{"product":"MAC PRE ROLL 1G - NAKED CITY","units":114,"revenue":1023.0000305175781,"cost":356.25,"profit":666.7500305175781,"transactions":104,"margin":65.19999694824219},{"product":"DAILY GRAPE PRE ROLL 1G - NAKED CITY","units":62,"revenue":572.0000076293945,"cost":213.125,"profit":358.87500762939453,"transactions":54,"margin":62.70000076293945}],"Elevation Parkway":[{"product":"MAC PRE ROLL 1G - NAKED CITY","units":22,"revenue":166.00000381469727,"cost":68.75,"profit":97.25000381469727,"transactions":8,"margin":58.599998474121094}]},"store_summary":[{"store_clean":"Elevation Midtown","units":176,"revenue":1595.0,"cost":569.375,"profit":1025.625,"discounts":165.0,"margin":64.30000305175781,"discount_rate":9.399999618530273},{"store_clean":"Elevation Parkway","units":22,"revenue":166.00000381469727,"cost":68.75,"profit":97.25000381469727,"discounts":53.999996185302734,"margin":58.599998474121094,"discount_rate":24.5}],"recommendations":[],"comparison":null}