{"brand":"HIPPEAZE","date_range":"2024-01-01 00:00:00 to 2026-01-31 00:00:00","period_label":"All Time","summary":{"total_units":1100,"total_revenue":30493.75,"total_cost":10356.25,"total_discounts":3881.25,"total_profit":20137.5,"overall_margin":66.0,"fp_margin":69.80000305175781,"disc_margin":59.900001525878906,"pct_full_price":61.900001525878906,"avg_discount_rate":11.300000190734863,"fp_revenue":18875.0,"disc_revenue":11618.75,"brand":"HIPPEAZE","date_range":"2024-01-01 00:00:00 to 2026-01-31 00:00:00","primary_category":"TOPICAL","store_coverage":"7/7","stores_present":["Elevation Springs","Elevation Mesa","Elevation Oasis","Elevation Downtown","Elevation Midtown","Elevation Boulevard","Elevation Parkway"],"stores_missing":[],"velocity_rank":3,"velocity_total":7},"distribution":[{"store":"Elevation Springs","carries_brand":true,"sku_count":2,"revenue":2771.875,"units":98,"store_total_revenue":51138750.0,"brand_share_pct":0.0},{"store":"Elevation Mesa","carries_brand":true,"sku_count":2,"revenue":2412.5,"units":102,"store_total_revenue":47532240.0,"brand_share_pct":0.0},{"store":"Elevation Oasis","carries_brand":true,"sku_count":2,"revenue":16615.625,"units":584,"store_total_revenue":56050145.0,"brand_share_pct":0.0},{"store":"Elevation Downtown","carries_brand":true,"sku_count":2,"revenue":968.75,"units":38,"store_total_revenue":1945237.1875,"brand_share_pct":0.0},{"store":"Elevation Midtown","carries_brand":true,"sku_count":2,"revenue":2081.25,"units":70,"store_total_revenue":30850185.0,"brand_share_pct":0.0},{"store":"Elevation Boulevard","carries_brand":true,"sku_count":2,"revenue":1834.375,"units":70,"store_total_revenue":28757865.0,"brand_share_pct":0.0},{"store":"Elevation Parkway","carries_brand":true,"sku_count":2,"revenue":3809.375,"units":138,"store_total_revenue":21987007.5,"brand_share_pct":0.0}],"share_of_category":[{"category":"TOPICAL","brand_revenue":30493.75,"category_revenue":961288.59375,"revenue_share_pct":3.200000047683716,"brand_units":1100,"category_units":20876,"units_share_pct":5.3}],"share_of_category_trend":{"TOPICAL":[{"period":"2024-01","brand_revenue":0.0,"category_revenue":36155.625,"share_pct":0.0},{"period":"2024-02","brand_revenue":0.0,"category_revenue":40546.25,"share_pct":0.0},{"period":"2024-03","brand_revenue":0.0,"category_revenue":40492.37548828125,"share_pct":0.0},{"period":"2024-04","brand_revenue":0.0,"category_revenue":47283.251953125,"share_pct":0.0},{"period":"2024-05","brand_revenue":0.0,"category_revenue":44135.2490234375,"share_pct":0.0},{"period":"2024-06","brand_revenue":0.0,"category_revenue":45135.80078125,"share_pct":0.0},{"period":"2024-07","brand_revenue":0.0,"category_revenue":37561.875,"share_pct":0.0},{"period":"2024-08","brand_revenue":0.0,"category_revenue":44962.8759765625,"share_pct":0.0},{"period":"2024-09","brand_revenue":0.0,"category_revenue":40434.65087890625,"share_pct":0.0},{"period":"2024-10","brand_revenue":0.0,"category_revenue":43945.849609375,"share_pct":0.0},{"period":"2024-11","brand_revenue":0.0,"category_revenue":35443.1494140625,"share_pct":0.0},{"period":"2024-12","brand_revenue":0.0,"category_revenue":54908.6767578125,"share_pct":0.0},{"period":"2025-01","brand_revenue":0.0,"category_revenue":41293.9990234375,"share_pct":0.0},{"period":"2025-02","brand_revenue":0.0,"category_revenue":34815.0244140625,"share_pct":0.0},{"period":"2025-03","brand_revenue":0.0,"category_revenue":45425.673828125,"share_pct":0.0},{"period":"2025-04","brand_revenue":0.0,"category_revenue":49624.19921875,"share_pct":0.0},{"period":"2025-05","brand_revenue":0.0,"category_revenue":46769.27734375,"share_pct":0.0},{"period":"2025-06","brand_revenue":0.0,"category_revenue":36023.3740234375,"share_pct":0.0},{"period":"2025-07","brand_revenue":643.75,"category_revenue":34410.0,"share_pct":1.899999976158142},{"period":"2025-08","brand_revenue":4293.75,"category_revenue":23680.0,"share_pct":18.100000381469727},{"period":"2025-09","brand_revenue":7653.125,"category_revenue":23843.57421875,"share_pct":32.099998474121094},{"period":"2025-10","brand_revenue":5100.0,"category_revenue":30430.07568359375,"share_pct":16.799999237060547},{"period":"2025-11","brand_revenue":5043.75,"category_revenue":32425.30029296875,"share_pct":15.600000381469727},{"period":"2025-12","brand_revenue":3968.75,"category_revenue":27391.6748046875,"share_pct":14.5},{"period":"2026-01","brand_revenue":3790.625,"category_revenue":24150.74951171875,"share_pct":15.699999809265137}]},"velocity_by_category":[{"category":"TOPICAL","brand_units_per_day":1.44,"category_avg_units_per_day":3.92,"velocity_index":36.9,"brand_rev_per_unit":22.18,"category_rev_per_unit":36.84,"brands_in_category":7}],"store_gaps":[],"product_mix":{"top":[{"product":"PAIN BALM 2OZ - HIPPEAZE","units":1100,"revenue":30493.75,"cost":10356.25,"profit":20137.5,"stores":7,"transactions":894,"margin":66.0}],"bottom":[],"expansion":[]},"pricing_consistency":[{"product":"PAIN BALM 2OZ - HIPPEAZE","min_price":47.30392156862745,"max_price":59.46428571428571,"avg_price":54.120828557244295,"std_dev":1.654764706822167,"store_count":14,"price_range":12.16036414565826,"range_pct":22.5}],"promotional_effectiveness":{"lift":{"fp_units_per_day":4.96,"disc_units_per_day":4.32,"lift_pct":-12.9,"fp_avg_revenue_per_unit":62.5,"disc_avg_revenue_per_unit":46.849999999999994},"by_deal":[{"deal_name":"Senior - 10% Off","uses":57,"revenue":4275.0,"discounts":475.0,"units":152.0,"cost":1425.0,"margin":66.7,"discount_depth":20.0},{"deal_name":"Industry 30% Off","uses":26,"revenue":1443.75,"discounts":618.75,"units":66.0,"cost":618.75,"margin":57.1,"discount_depth":60.0},{"deal_name":"Jackpot - Locals 30% Off","uses":22,"revenue":1181.25,"discounts":506.25,"units":54.0,"cost":506.25,"margin":57.1,"discount_depth":60.0},{"deal_name":"50% Off - G2B","uses":18,"revenue":1125.0,"discounts":1125.0,"units":72.0,"cost":675.0,"margin":40.0,"discount_depth":100.0},{"deal_name":"Senior / Veterans - 20% Off","uses":12,"revenue":750.0,"discounts":187.5,"units":30.0,"cost":281.25,"margin":62.5,"discount_depth":40.0},{"deal_name":"Employee 30% - NOT FRIDAYS","uses":9,"revenue":437.5,"discounts":187.5,"units":20.0,"cost":187.5,"margin":57.1,"discount_depth":60.0},{"deal_name":"Employee - 40% OFF","uses":8,"revenue":375.0,"discounts":250.0,"units":20.0,"cost":187.5,"margin":50.0,"discount_depth":80.0},{"deal_name":"Veterans - 10% Off","uses":3,"revenue":168.75,"discounts":18.75,"units":6.0,"cost":56.25,"margin":66.7,"discount_depth":20.0},{"deal_name":"LVAC - 25% Off","uses":1,"revenue":46.875,"discounts":15.625,"units":2.0,"cost":18.75,"margin":60.0,"discount_depth":50.0}]},"growth_opportunities":[{"type":"velocity","title":"Improve velocity in TOPICAL","detail":"Velocity index 37 (below category average). 0.7 units/day vs 2.0 avg.","priority":"medium"}],"trend":[{"period":"2025-07","revenue":643.75,"cost":225.0,"margin":65.0,"units":24,"transactions":22,"profit":418.75,"revenue_change_pct":null,"units_change_pct":null,"margin_change_pts":null},{"period":"2025-08","revenue":4293.75,"cost":1400.0,"margin":67.4,"units":146,"transactions":114,"profit":2893.75,"revenue_change_pct":567.0,"units_change_pct":508.3,"margin_change_pts":2.3},{"period":"2025-09","revenue":7653.125,"cost":2506.25,"margin":67.3,"units":266,"transactions":220,"profit":5146.875,"revenue_change_pct":78.2,"units_change_pct":82.2,"margin_change_pts":-0.1},{"period":"2025-10","revenue":5100.0,"cost":1687.5,"margin":66.9,"units":180,"transactions":162,"profit":3412.5,"revenue_change_pct":-33.4,"units_change_pct":-32.3,"margin_change_pts":-0.3},{"period":"2025-11","revenue":5043.75,"cost":1987.5,"margin":60.6,"units":212,"transactions":150,"profit":3056.25,"revenue_change_pct":-1.1,"units_change_pct":17.8,"margin_change_pts":-6.3},{"period":"2025-12","revenue":3968.75,"cost":1312.5,"margin":66.9,"units":140,"transactions":122,"profit":2656.25,"revenue_change_pct":-21.3,"units_change_pct":-34.0,"margin_change_pts":6.3},{"period":"2026-01","revenue":3790.625,"cost":1237.5,"margin":67.4,"units":132,"transactions":104,"profit":2553.125,"revenue_change_pct":-4.5,"units_change_pct":-5.7,"margin_change_pts":0.4}]}