{"brand":"REINA","date_range":"2024-01-01 00:00:00 to 2026-01-31 00:00:00","period_label":"All Time","summary":{"total_units":25072,"total_revenue":669450.46875,"total_cost":330742.6953125,"total_discounts":173667.67578125,"total_profit":338707.734375,"overall_margin":50.599998474121094,"fp_margin":60.20000076293945,"disc_margin":43.29999923706055,"pct_full_price":43.099998474121094,"avg_discount_rate":20.600000381469727,"fp_revenue":288551.875,"disc_revenue":380898.5546875,"brand":"REINA","date_range":"2024-01-01 00:00:00 to 2026-01-31 00:00:00","primary_category":"FLOWER","store_coverage":"6/7","stores_present":["Elevation Springs","Elevation Mesa","Elevation Oasis","Elevation Midtown","Elevation Boulevard","Elevation Parkway"],"stores_missing":["Elevation Downtown"],"velocity_rank":35,"velocity_total":64},"distribution":[{"store":"Elevation Springs","carries_brand":true,"sku_count":86,"revenue":160681.572265625,"units":6994,"store_total_revenue":51138750.0,"brand_share_pct":0.30000001192092896},{"store":"Elevation Mesa","carries_brand":true,"sku_count":94,"revenue":177587.7734375,"units":8098,"store_total_revenue":47532240.0,"brand_share_pct":0.4000000059604645},{"store":"Elevation Oasis","carries_brand":true,"sku_count":86,"revenue":203963.59375,"units":4424,"store_total_revenue":56050145.0,"brand_share_pct":0.4000000059604645},{"store":"Elevation Downtown","carries_brand":false,"sku_count":0,"revenue":0.0,"units":0,"store_total_revenue":1945237.1875,"brand_share_pct":0},{"store":"Elevation Midtown","carries_brand":true,"sku_count":54,"revenue":66930.0732421875,"units":2814,"store_total_revenue":30850185.0,"brand_share_pct":0.20000000298023224},{"store":"Elevation Boulevard","carries_brand":true,"sku_count":16,"revenue":14212.82470703125,"units":462,"store_total_revenue":28757865.0,"brand_share_pct":0.0},{"store":"Elevation Parkway","carries_brand":true,"sku_count":54,"revenue":46074.599609375,"units":2280,"store_total_revenue":21987007.5,"brand_share_pct":0.20000000298023224}],"share_of_category":[{"category":"FLOWER","brand_revenue":485046.25,"category_revenue":77755450.0,"revenue_share_pct":0.6000000238418579,"brand_units":9872,"category_units":2708446,"units_share_pct":0.4},{"category":"PRE ROLL","brand_revenue":128988.41796875,"category_revenue":14009791.25,"revenue_share_pct":0.8999999761581421,"brand_units":13784,"category_units":1485736,"units_share_pct":0.9},{"category":"PRE ROLL PACK","brand_revenue":53420.751953125,"category_revenue":3903863.75,"revenue_share_pct":1.399999976158142,"brand_units":1396,"category_units":123714,"units_share_pct":1.1},{"category":0.0,"brand_revenue":0.0,"category_revenue":0.0,"revenue_share_pct":0.0,"brand_units":0,"category_units":0,"units_share_pct":0.0}],"share_of_category_trend":{"FLOWER":[{"period":"2024-01","brand_revenue":18962.275390625,"category_revenue":3552357.8125,"share_pct":0.5},{"period":"2024-02","brand_revenue":11967.774658203125,"category_revenue":3535245.625,"share_pct":0.30000001192092896},{"period":"2024-03","brand_revenue":19657.874755859375,"category_revenue":3693805.625,"share_pct":0.5},{"period":"2024-04","brand_revenue":2970.0,"category_revenue":3541899.6875,"share_pct":0.10000000149011612},{"period":"2024-05","brand_revenue":0.0,"category_revenue":3537479.375,"share_pct":0.0},{"period":"2024-06","brand_revenue":0.0,"category_revenue":3403269.6875,"share_pct":0.0},{"period":"2024-07","brand_revenue":0.0,"category_revenue":3457705.9375,"share_pct":0.0},{"period":"2024-08","brand_revenue":0.0,"category_revenue":3453819.375,"share_pct":0.0},{"period":"2024-09","brand_revenue":37261.25,"category_revenue":3316441.5625,"share_pct":1.100000023841858},{"period":"2024-10","brand_revenue":53880.673828125,"category_revenue":3585775.0,"share_pct":1.5},{"period":"2024-11","brand_revenue":83619.775390625,"category_revenue":3454855.3125,"share_pct":2.4000000953674316},{"period":"2024-12","brand_revenue":34242.2998046875,"category_revenue":3226567.8125,"share_pct":1.100000023841858},{"period":"2025-01","brand_revenue":66681.875,"category_revenue":2984938.125,"share_pct":2.200000047683716},{"period":"2025-02","brand_revenue":39203.1494140625,"category_revenue":2816220.0,"share_pct":1.399999976158142},{"period":"2025-03","brand_revenue":34440.849609375,"category_revenue":2911379.6875,"share_pct":1.2000000476837158},{"period":"2025-04","brand_revenue":30331.201171875,"category_revenue":3118895.3125,"share_pct":1.0},{"period":"2025-05","brand_revenue":14829.5751953125,"category_revenue":2887345.0,"share_pct":0.5},{"period":"2025-06","brand_revenue":21706.4501953125,"category_revenue":2773698.125,"share_pct":0.800000011920929},{"period":"2025-07","brand_revenue":10443.125,"category_revenue":2782763.125,"share_pct":0.4000000059604645},{"period":"2025-08","brand_revenue":2678.125,"category_revenue":2733122.8125,"share_pct":0.10000000149011612},{"period":"2025-09","brand_revenue":2065.0,"category_revenue":2603501.5625,"share_pct":0.10000000149011612},{"period":"2025-10","brand_revenue":61.25,"category_revenue":2663705.0,"share_pct":0.0},{"period":"2025-11","brand_revenue":43.75,"category_revenue":2700189.0625,"share_pct":0.0},{"period":"2025-12","brand_revenue":0.0,"category_revenue":2515209.53125,"share_pct":0.0},{"period":"2026-01","brand_revenue":0.0,"category_revenue":2505261.875,"share_pct":0.0}],"PRE ROLL":[{"period":"2024-01","brand_revenue":0.0,"category_revenue":508338.515625,"share_pct":0.0},{"period":"2024-02","brand_revenue":0.0,"category_revenue":489393.671875,"share_pct":0.0},{"period":"2024-03","brand_revenue":0.0,"category_revenue":520052.3828125,"share_pct":0.0},{"period":"2024-04","brand_revenue":0.0,"category_revenue":491300.6640625,"share_pct":0.0},{"period":"2024-05","brand_revenue":0.0,"category_revenue":542202.890625,"share_pct":0.0},{"period":"2024-06","brand_revenue":0.0,"category_revenue":507288.8671875,"share_pct":0.0},{"period":"2024-07","brand_revenue":0.0,"category_revenue":524250.9765625,"share_pct":0.0},{"period":"2024-08","brand_revenue":0.0,"category_revenue":612518.7109375,"share_pct":0.0},{"period":"2024-09","brand_revenue":5687.5,"category_revenue":586543.0078125,"share_pct":1.0},{"period":"2024-10","brand_revenue":20477.099609375,"category_revenue":641449.1796875,"share_pct":3.200000047683716},{"period":"2024-11","brand_revenue":13277.5,"category_revenue":579866.71875,"share_pct":2.299999952316284},{"period":"2024-12","brand_revenue":15678.050537109375,"category_revenue":582999.5703125,"share_pct":2.700000047683716},{"period":"2025-01","brand_revenue":14165.0,"category_revenue":544095.3125,"share_pct":2.5999999046325684},{"period":"2025-02","brand_revenue":11495.250244140625,"category_revenue":500875.5859375,"share_pct":2.299999952316284},{"period":"2025-03","brand_revenue":2857.5,"category_revenue":551422.0703125,"share_pct":0.5},{"period":"2025-04","brand_revenue":21680.70068359375,"category_revenue":568189.375,"share_pct":3.799999952316284},{"period":"2025-05","brand_revenue":4446.25,"category_revenue":565516.875,"share_pct":0.800000011920929},{"period":"2025-06","brand_revenue":18291.075439453125,"category_revenue":560506.71875,"share_pct":3.299999952316284},{"period":"2025-07","brand_revenue":212.5,"category_revenue":600916.09375,"share_pct":0.0},{"period":"2025-08","brand_revenue":487.5,"category_revenue":620247.5,"share_pct":0.10000000149011612},{"period":"2025-09","brand_revenue":182.5,"category_revenue":608971.09375,"share_pct":0.0},{"period":"2025-10","brand_revenue":50.0,"category_revenue":645293.1640625,"share_pct":0.0},{"period":"2025-11","brand_revenue":0.0,"category_revenue":581113.4765625,"share_pct":0.0},{"period":"2025-12","brand_revenue":0.0,"category_revenue":553088.5546875,"share_pct":0.0},{"period":"2026-01","brand_revenue":0.0,"category_revenue":523350.9375,"share_pct":0.0}],"PRE ROLL PACK":[{"period":"2024-01","brand_revenue":28883.1005859375,"category_revenue":169271.89453125,"share_pct":17.100000381469727},{"period":"2024-02","brand_revenue":11803.299560546875,"category_revenue":174199.375,"share_pct":6.800000190734863},{"period":"2024-03","brand_revenue":12086.8505859375,"category_revenue":187083.0078125,"share_pct":6.5},{"period":"2024-04","brand_revenue":647.5,"category_revenue":179617.6171875,"share_pct":0.4000000059604645},{"period":"2024-05","brand_revenue":0.0,"category_revenue":198875.703125,"share_pct":0.0},{"period":"2024-06","brand_revenue":0.0,"category_revenue":182181.42578125,"share_pct":0.0},{"period":"2024-07","brand_revenue":0.0,"category_revenue":189754.43359375,"share_pct":0.0},{"period":"2024-08","brand_revenue":0.0,"category_revenue":163466.5234375,"share_pct":0.0},{"period":"2024-09","brand_revenue":0.0,"category_revenue":145157.197265625,"share_pct":0.0},{"period":"2024-10","brand_revenue":0.0,"category_revenue":143902.822265625,"share_pct":0.0},{"period":"2024-11","brand_revenue":0.0,"category_revenue":169051.3671875,"share_pct":0.0},{"period":"2024-12","brand_revenue":0.0,"category_revenue":186738.92578125,"share_pct":0.0},{"period":"2025-01","brand_revenue":0.0,"category_revenue":222888.57421875,"share_pct":0.0},{"period":"2025-02","brand_revenue":0.0,"category_revenue":186213.06640625,"share_pct":0.0},{"period":"2025-03","brand_revenue":0.0,"category_revenue":195415.56640625,"share_pct":0.0},{"period":"2025-04","brand_revenue":0.0,"category_revenue":188683.2421875,"share_pct":0.0},{"period":"2025-05","brand_revenue":0.0,"category_revenue":231505.29296875,"share_pct":0.0},{"period":"2025-06","brand_revenue":0.0,"category_revenue":169830.2734375,"share_pct":0.0},{"period":"2025-07","brand_revenue":0.0,"category_revenue":130345.849609375,"share_pct":0.0},{"period":"2025-08","brand_revenue":0.0,"category_revenue":108797.099609375,"share_pct":0.0},{"period":"2025-09","brand_revenue":0.0,"category_revenue":99689.677734375,"share_pct":0.0},{"period":"2025-10","brand_revenue":0.0,"category_revenue":67141.8505859375,"share_pct":0.0},{"period":"2025-11","brand_revenue":0.0,"category_revenue":80167.7978515625,"share_pct":0.0},{"period":"2025-12","brand_revenue":0.0,"category_revenue":71818.3740234375,"share_pct":0.0},{"period":"2026-01","brand_revenue":0.0,"category_revenue":62066.826171875,"share_pct":0.0}]},"velocity_by_category":[{"category":"PRE ROLL","brand_units_per_day":18.08,"category_avg_units_per_day":42.38,"velocity_index":42.7,"brand_rev_per_unit":7.49,"category_rev_per_unit":7.54,"brands_in_category":46},{"category":"FLOWER","brand_units_per_day":12.96,"category_avg_units_per_day":55.54,"velocity_index":23.3,"brand_rev_per_unit":39.31,"category_rev_per_unit":22.97,"brands_in_category":64},{"category":"PRE ROLL PACK","brand_units_per_day":1.84,"category_avg_units_per_day":11.6,"velocity_index":15.8,"brand_rev_per_unit":30.61,"category_rev_per_unit":25.24,"brands_in_category":14},{"category":0.0,"brand_units_per_day":0.0,"category_avg_units_per_day":0,"velocity_index":0,"brand_rev_per_unit":0.0,"category_rev_per_unit":0.0,"brands_in_category":0}],"store_gaps":[{"store":"Elevation Boulevard","category":"PRE ROLL","category_revenue_at_store":2504075.3125,"opportunity":"Category not carried at this store"},{"store":"Elevation Downtown","category":"FLOWER","category_revenue_at_store":324929.8828125,"opportunity":"Brand not carried"},{"store":"Elevation Downtown","category":"PRE ROLL","category_revenue_at_store":196139.1015625,"opportunity":"Brand not carried"},{"store":"Elevation Downtown","category":"PRE ROLL PACK","category_revenue_at_store":74783.623046875,"opportunity":"Brand not carried"}],"product_mix":{"top":[{"product":"FRITTER MINTS EIGHTH - REINA","units":1758,"revenue":62164.55078125,"cost":30765.0,"profit":31399.55078125,"stores":6,"transactions":1426,"margin":50.5},{"product":"DIVORCE CAKE HALF OUNCE - REINA","units":360,"revenue":39534.69970703125,"cost":20250.0,"profit":19284.69970703125,"stores":3,"transactions":334,"margin":48.79999923706055},{"product":"WHITE TRUFFLE EIGHTH - REINA","units":878,"revenue":30022.5244140625,"cost":17407.474365234375,"profit":12615.050048828125,"stores":5,"transactions":730,"margin":42.0},{"product":"DIVORCE CAKE PRE ROLL - REINA","units":2750,"revenue":26271.14990234375,"cost":10312.5,"profit":15958.64990234375,"stores":5,"transactions":2100,"margin":60.70000076293945},{"product":"BABY YODA EIGHTH - REINA","units":600,"revenue":22566.923828125,"cost":10500.0,"profit":12066.925048828125,"stores":6,"transactions":530,"margin":53.5},{"product":"CANDY CHROME EIGHTH - REINA","units":666,"revenue":22476.79931640625,"cost":13661.324462890625,"profit":8815.474853515625,"stores":5,"transactions":470,"margin":39.20000076293945},{"product":"CANDY CHROME 5 PK PRE ROLL - REINA","units":558,"revenue":21129.375,"cost":10462.5,"profit":10666.875,"stores":6,"transactions":506,"margin":50.5},{"product":"FRITTER MINTS PRE ROLL - REINA","units":1918,"revenue":18768.125,"cost":7192.5,"profit":11575.625,"stores":5,"transactions":1550,"margin":61.70000076293945},{"product":"BABY YODA HALF OUNCE - REINA","units":150,"revenue":17482.5,"cost":8437.5,"profit":9045.0,"stores":3,"transactions":134,"margin":51.70000076293945},{"product":"GAS FACE EIGHTH - REINA","units":602,"revenue":17100.400390625,"cost":10541.025390625,"profit":6559.375,"stores":4,"transactions":444,"margin":38.400001525878906},{"product":"GARLIC COOKIES HALF OUNCE - REINA","units":150,"revenue":16996.875,"cost":8437.5,"profit":8559.375,"stores":3,"transactions":142,"margin":50.400001525878906},{"product":"WEDDING CAKE EIGHTH - REINA","units":548,"revenue":16928.75,"cost":9590.0,"profit":7338.75,"stores":3,"transactions":372,"margin":43.400001525878906},{"product":"WHITE TRUFFLE 5 PK PRE ROLL - REINA","units":446,"revenue":16878.24951171875,"cost":8362.5,"profit":8515.750122070312,"stores":5,"transactions":400,"margin":50.5},{"product":"WHITE TRUFFLE HALF OUNCE - REINA","units":150,"revenue":16773.75,"cost":8437.5,"profit":8336.25,"stores":3,"transactions":138,"margin":49.70000076293945},{"product":"LEMON GOULIE HALF OUNCE - REINA","units":150,"revenue":16576.875,"cost":8437.5,"profit":8139.375,"stores":3,"transactions":142,"margin":49.099998474121094},{"product":"PINK POODY HALF OUNCE - REINA","units":148,"revenue":16005.625,"cost":8325.0,"profit":7680.625,"stores":3,"transactions":144,"margin":48.0},{"product":"STRAWBERRY FIELDS EIGHTH - REINA","units":392,"revenue":14690.8251953125,"cost":6860.0,"profit":7830.8251953125,"stores":4,"transactions":316,"margin":53.29999923706055},{"product":"GARLIC COOKIES 5 PK PRE ROLL - REINA","units":356,"revenue":13951.875,"cost":6675.0,"profit":7276.875,"stores":5,"transactions":328,"margin":52.20000076293945},{"product":"SLURRICANE EIGHTH - REINA","units":372,"revenue":13889.849853515625,"cost":7028.1500244140625,"profit":6861.6998291015625,"stores":5,"transactions":318,"margin":49.400001525878906},{"product":"LEMON GOULIE EIGHTH - REINA","units":380,"revenue":13796.875,"cost":6662.0501708984375,"profit":7134.8248291015625,"stores":4,"transactions":334,"margin":51.70000076293945}],"bottom":[{"product":"WHITE TRUFFLE PRE ROLL - REINA","units":300,"revenue":3127.5,"cost":1125.0,"profit":2002.5,"stores":3,"transactions":240,"margin":64.0},{"product":"WEDDING CAKE PRE ROLL - REINA","units":280,"revenue":3036.25,"cost":1050.0,"profit":1986.25,"stores":2,"transactions":230,"margin":65.4000015258789},{"product":"GELATO POP PRE ROLL - REINA","units":318,"revenue":2676.0000610351562,"cost":1192.5,"profit":1483.5000610351562,"stores":3,"transactions":264,"margin":55.400001525878906},{"product":"PINK POODY PRE ROLL - REINA","units":248,"revenue":2240.0,"cost":930.0,"profit":1310.0,"stores":2,"transactions":198,"margin":58.5},{"product":"SOUR APPLE X SUNSET SHERBERT EIGHTH - REINA","units":48,"revenue":1890.0,"cost":984.5999908447266,"profit":905.4000091552734,"stores":1,"transactions":42,"margin":47.900001525878906},{"product":"CANDY CHROME PRE ROLL - REINA","units":158,"revenue":1685.0,"cost":592.5,"profit":1092.5,"stores":1,"transactions":142,"margin":64.80000305175781},{"product":"ICE CREAM SUNDAY PRE ROLL - REINA","units":150,"revenue":1636.25,"cost":562.5,"profit":1073.75,"stores":1,"transactions":138,"margin":65.5999984741211},{"product":"HOT MONTS 5 PK PRE ROLL - REINA","units":32,"revenue":1338.75,"cost":600.0,"profit":738.75,"stores":1,"transactions":32,"margin":55.20000076293945},{"product":"MOLOTOV COCKTAIL PRE ROLL - REINA","units":46,"revenue":360.0,"cost":172.5,"profit":187.5,"stores":1,"transactions":40,"margin":52.099998474121094},{"product":"ICE CREAM SUNDAY 5 PK PRE ROLL - REINA","units":4,"revenue":122.5,"cost":75.0,"profit":47.5,"stores":2,"transactions":4,"margin":38.79999923706055}],"expansion":[{"product":"DIVORCE CAKE HALF OUNCE - REINA","current_stores":3,"total_stores":6,"missing_stores":["Elevation Midtown","Elevation Boulevard","Elevation Parkway"],"revenue":39534.69970703125},{"product":"WHITE TRUFFLE EIGHTH - REINA","current_stores":5,"total_stores":6,"missing_stores":["Elevation Parkway"],"revenue":30022.5244140625},{"product":"DIVORCE CAKE PRE ROLL - REINA","current_stores":5,"total_stores":6,"missing_stores":["Elevation Boulevard"],"revenue":26271.14990234375},{"product":"CANDY CHROME EIGHTH - REINA","current_stores":5,"total_stores":6,"missing_stores":["Elevation Parkway"],"revenue":22476.79931640625},{"product":"FRITTER MINTS PRE ROLL - REINA","current_stores":5,"total_stores":6,"missing_stores":["Elevation Boulevard"],"revenue":18768.125},{"product":"BABY YODA HALF OUNCE - REINA","current_stores":3,"total_stores":6,"missing_stores":["Elevation Midtown","Elevation Boulevard","Elevation Parkway"],"revenue":17482.5},{"product":"GAS FACE EIGHTH - REINA","current_stores":4,"total_stores":6,"missing_stores":["Elevation Midtown","Elevation Boulevard"],"revenue":17100.400390625},{"product":"GARLIC COOKIES HALF OUNCE - REINA","current_stores":3,"total_stores":6,"missing_stores":["Elevation Midtown","Elevation Boulevard","Elevation Parkway"],"revenue":16996.875},{"product":"WEDDING CAKE EIGHTH - REINA","current_stores":3,"total_stores":6,"missing_stores":["Elevation Midtown","Elevation Boulevard","Elevation Parkway"],"revenue":16928.75},{"product":"WHITE TRUFFLE 5 PK PRE ROLL - REINA","current_stores":5,"total_stores":6,"missing_stores":["Elevation Midtown"],"revenue":16878.24951171875}]},"pricing_consistency":[{"product":"GAS FACE HALF OUNCE - REINA","min_price":134.75,"max_price":230.34375,"avg_price":182.546875,"std_dev":27.037995545620618,"store_count":4,"price_range":95.59375000000001,"range_pct":52.4},{"product":"WHITE TRUFFLE EIGHTH - REINA","min_price":50.21523475646973,"max_price":82.80821917808218,"avg_price":69.09438128258492,"std_dev":5.335789888778724,"store_count":10,"price_range":32.59298442161246,"range_pct":47.2},{"product":"CANDY CHROME EIGHTH - REINA","min_price":60.496926229508205,"max_price":91.89655172413794,"avg_price":71.19548162753833,"std_dev":4.978066480807999,"store_count":10,"price_range":31.399625494629735,"range_pct":44.1},{"product":"GAS FACE EIGHTH - REINA","min_price":52.15,"max_price":73.575,"avg_price":59.717154886346115,"std_dev":3.7909437023554293,"store_count":8,"price_range":21.425,"range_pct":35.9},{"product":"SLURRICANE EIGHTH - REINA","min_price":56.275694105360245,"max_price":81.55,"avg_price":74.32361594799973,"std_dev":4.193258091054264,"store_count":10,"price_range":25.274305894639753,"range_pct":34.0},{"product":"SLURRICANE PRE ROLL - REINA","min_price":15.392156862745098,"max_price":20.441176470588232,"avg_price":16.969422166065506,"std_dev":0.936353041912301,"store_count":8,"price_range":5.049019607843135,"range_pct":29.8},{"product":"GELATO POP PRE ROLL - REINA","min_price":15.75,"max_price":20.51470588235294,"avg_price":17.38156855963414,"std_dev":1.0856619804735448,"store_count":6,"price_range":4.76470588235294,"range_pct":27.4},{"product":"HOT MONTS PRE ROLL - REINA","min_price":16.238266302614797,"max_price":20.734375,"avg_price":18.08167155176831,"std_dev":0.7148391972167998,"store_count":10,"price_range":4.496108697385202,"range_pct":24.9},{"product":"BABY YODA EIGHTH - REINA","min_price":63.9,"max_price":80.85900065104167,"avg_price":72.86929290129973,"std_dev":2.3723738332859075,"store_count":12,"price_range":16.959000651041663,"range_pct":23.3},{"product":"BANANAS FOSTER PRE ROLL - REINA","min_price":15.47999979654948,"max_price":19.428571428571427,"avg_price":17.216998489181716,"std_dev":0.8066444093964763,"store_count":6,"price_range":3.948571632021949,"range_pct":22.9},{"product":"LEMON GOULIE HALF OUNCE - REINA","min_price":193.725,"max_price":243.6,"avg_price":221.02500000000003,"std_dev":10.108397499109342,"store_count":6,"price_range":49.87500000000001,"range_pct":22.6},{"product":"FRITTER MINTS EIGHTH - REINA","min_price":61.25,"max_price":76.25,"avg_price":68.35331243280949,"std_dev":2.495906456628663,"store_count":12,"price_range":15.0,"range_pct":21.9},{"product":"LEMON GOULIE EIGHTH - REINA","min_price":65.84134615384615,"max_price":81.59375,"avg_price":73.06554487179487,"std_dev":3.333098878588967,"store_count":8,"price_range":15.752403846153857,"range_pct":21.6},{"product":"STRAWBERRY FIELDS EIGHTH - REINA","min_price":64.68300170898438,"max_price":80.28333333333335,"avg_price":73.07473593449248,"std_dev":3.0150451375884004,"store_count":8,"price_range":15.600331624348964,"range_pct":21.3},{"product":"DIVORCE CAKE HALF OUNCE - REINA","min_price":192.89772727272725,"max_price":238.26749674479169,"avg_price":214.97174133917298,"std_dev":9.0838184430289,"store_count":6,"price_range":45.369769472064405,"range_pct":21.1},{"product":"BUBBLE BERRY COOKIES PRE ROLL - REINA","min_price":19.346026490066226,"max_price":23.799999999999997,"avg_price":21.69315009532026,"std_dev":0.8089342053525299,"store_count":8,"price_range":4.453973509933773,"range_pct":20.5},{"product":"PINK POODY HALF OUNCE - REINA","min_price":190.02604166666669,"max_price":233.1,"avg_price":215.94201388888888,"std_dev":9.13339553215337,"store_count":6,"price_range":43.07395833333331,"range_pct":19.9},{"product":"GHOST TRAIN HAZE PRE ROLL - REINA","min_price":15.4,"max_price":18.6,"avg_price":16.585,"std_dev":0.5053513629149525,"store_count":10,"price_range":3.2000000000000006,"range_pct":19.3},{"product":"CANDY CHROME 5 PK PRE ROLL - REINA","min_price":72.71875,"max_price":87.5,"avg_price":77.92339662028371,"std_dev":2.4234877032157986,"store_count":12,"price_range":14.781250000000004,"range_pct":19.0},{"product":"WEDDING CAKE EIGHTH - REINA","min_price":56.14,"max_price":67.80833333333334,"avg_price":63.05316066066066,"std_dev":2.450475376302967,"store_count":6,"price_range":11.668333333333338,"range_pct":18.5},{"product":"GELATO POP EIGHTH - REINA","min_price":66.39999999999999,"max_price":79.5,"avg_price":72.3025462962963,"std_dev":2.7055554858417623,"store_count":8,"price_range":13.100000000000005,"range_pct":18.1},{"product":"LEMON GOULIE PRE ROLL - REINA","min_price":19.5,"max_price":23.032786885245898,"avg_price":20.705373406193075,"std_dev":0.8064119282816873,"store_count":6,"price_range":3.5327868852459,"range_pct":17.1},{"product":"HOT MONTS EIGHTH - REINA","min_price":67.69999999999999,"max_price":80.075,"avg_price":73.39166666666667,"std_dev":2.4987263422258423,"store_count":6,"price_range":12.375000000000007,"range_pct":16.9},{"product":"GHOST TRAIN HAZE HALF OUNCE - REINA","min_price":199.5,"max_price":234.0,"avg_price":216.31500244140625,"std_dev":6.906578529233679,"store_count":6,"price_range":34.49999999999999,"range_pct":15.9},{"product":"FRITTER MINTS HALF OUNCE - REINA","min_price":145.6875,"max_price":170.10000000000002,"avg_price":157.89375,"std_dev":6.904897718286639,"store_count":4,"price_range":24.41250000000002,"range_pct":15.5},{"product":"STRAWBERRY FIELDS PRE ROLL - REINA","min_price":17.3,"max_price":20.208333333333336,"avg_price":18.949415091878794,"std_dev":0.48295042424314566,"store_count":10,"price_range":2.908333333333335,"range_pct":15.3},{"product":"GRAPES & CREAM PRE ROLL - REINA","min_price":21.150000000000002,"max_price":24.4,"avg_price":22.335,"std_dev":0.4946513923967051,"store_count":10,"price_range":3.2499999999999973,"range_pct":14.6},{"product":"BUBBLE GUM RUNTZ PRE ROLL - REINA","min_price":20.4875,"max_price":23.700000000000003,"avg_price":22.281218434343437,"std_dev":0.6666501265357122,"store_count":8,"price_range":3.2125000000000004,"range_pct":14.4},{"product":"WHITE TRUFFLE 5 PK PRE ROLL - REINA","min_price":69.78064752394152,"max_price":80.54807692307692,"avg_price":75.08595113995986,"std_dev":1.9721109920240698,"store_count":10,"price_range":10.767429399135393,"range_pct":14.3},{"product":"DIVORCE CAKE PRE ROLL - REINA","min_price":18.553650442477874,"max_price":21.206896551724135,"avg_price":19.448262554278713,"std_dev":0.43569829930640014,"store_count":10,"price_range":2.653246109246261,"range_pct":13.6}],"promotional_effectiveness":{"lift":{"fp_units_per_day":18.62,"disc_units_per_day":38.54,"lift_pct":107.1,"fp_avg_revenue_per_unit":75.075,"disc_avg_revenue_per_unit":43.825},"by_deal":[{"deal_name":"Industry - 30% Off","uses":1663,"revenue":94485.52500247955,"discounts":40741.34999752045,"units":4162.0,"cost":52708.49998474121,"margin":44.2,"discount_depth":60.2},{"deal_name":"Stock & Save - PR - 5 for $30","uses":1238,"revenue":42147.875000834465,"discounts":27982.12499856949,"units":5620.0,"cost":21075.0,"margin":50.0,"discount_depth":79.8},{"deal_name":"GW - 50% Off Flower","uses":321,"revenue":30806.25,"discounts":30806.25,"units":1044.0,"cost":25322.5,"margin":17.8,"discount_depth":100.0},{"deal_name":"Senior - 10% Off","uses":294,"revenue":37276.52500152588,"discounts":4237.224999666214,"units":874.0,"cost":16832.299995422363,"margin":54.8,"discount_depth":20.4},{"deal_name":"30% Off Special","uses":265,"revenue":20268.75,"discounts":8718.75,"units":650.0,"cost":11784.524984359741,"margin":41.9,"discount_depth":60.2},{"deal_name":"Veterans - 10% Off","uses":167,"revenue":14046.175003051758,"discounts":1560.6999999284744,"units":412.0,"cost":6171.149997711182,"margin":56.1,"discount_depth":20.0},{"deal_name":"Jackpot - Locals 30% Off","uses":140,"revenue":14784.000000953674,"discounts":6336.000000238419,"units":342.0,"cost":8730.0,"margin":40.9,"discount_depth":60.0},{"deal_name":"Senior / Veterans - 20% Off","uses":126,"revenue":13790.0,"discounts":3460.0,"units":366.0,"cost":6978.649997711182,"margin":49.4,"discount_depth":40.2},{"deal_name":"VVG / Reina ; 2 for $45","uses":113,"revenue":12947.924995422363,"discounts":8601.450004577637,"units":462.0,"cost":9409.799919128418,"margin":27.3,"discount_depth":79.8},{"deal_name":"Reina 1/4s for $60","uses":112,"revenue":17637.5,"discounts":3012.5,"units":470.0,"cost":8225.0,"margin":53.4,"discount_depth":29.2},{"deal_name":"Industry 30% Off","uses":74,"revenue":5327.000000476837,"discounts":2408.0000001192093,"units":194.0,"cost":3092.5,"margin":41.9,"discount_depth":62.2},{"deal_name":"Reina","uses":50,"revenue":1937.5,"discounts":1108.3333333333333,"units":62.0,"cost":1245.6666564941406,"margin":35.7,"discount_depth":72.8},{"deal_name":"$50 1/4 - Matrix","uses":41,"revenue":1666.666666666667,"discounts":1000.0,"units":53.33333333333333,"cost":1093.999989827474,"margin":34.4,"discount_depth":75.0},{"deal_name":"Real McCoy","uses":41,"revenue":1666.666666666667,"discounts":1000.0,"units":53.33333333333333,"cost":1093.999989827474,"margin":34.4,"discount_depth":75.0},{"deal_name":"Employee 30% - NOT FRIDAYS","uses":40,"revenue":3104.500000476837,"discounts":1330.5000001192093,"units":86.0,"cost":1807.5,"margin":41.8,"discount_depth":60.0},{"deal_name":"LVAC - 25% Off","uses":36,"revenue":1565.625,"discounts":521.875,"units":104.0,"cost":737.5,"margin":52.9,"discount_depth":50.0},{"deal_name":"Employee - 40% OFF","uses":22,"revenue":2190.0,"discounts":1460.0,"units":48.0,"cost":1527.5,"margin":30.3,"discount_depth":80.0},{"deal_name":"REINA - $45 QUARTER","uses":20,"revenue":2475.0,"discounts":1925.0,"units":88.0,"cost":1805.099983215332,"margin":27.1,"discount_depth":87.6},{"deal_name":"Lit4Less - PR - 5 for $30","uses":17,"revenue":315.0,"discounts":210.0,"units":42.0,"cost":157.5,"margin":50.0,"discount_depth":80.0},{"deal_name":"REINA / GKUA / Lil Kim 1/4 for $60","uses":12,"revenue":2025.0,"discounts":675.0,"units":54.0,"cost":1107.6749897003174,"margin":45.3,"discount_depth":50.0}]},"growth_opportunities":[{"type":"distribution","title":"Expand to Elevation Downtown","detail":"Store has $238,341 in FLOWER, PRE ROLL, PRE ROLL PACK \u2014 categories where REINA competes.","priority":"high"},{"type":"sku_expansion","title":"Add 'BABY YODA HALF OUNCE - REINA' to 3 more store(s)","detail":"Carried in 3 stores. Missing from: Elevation Midtown, Elevation Boulevard, Elevation Parkway","priority":"medium"},{"type":"sku_expansion","title":"Add 'BABY YODA PRE ROLL - REINA' to 1 more store(s)","detail":"Carried in 5 stores. Missing from: Elevation Boulevard","priority":"medium"},{"type":"sku_expansion","title":"Add 'BANANAS FOSTER EIGHTH - REINA' to 3 more store(s)","detail":"Carried in 3 stores. Missing from: Elevation Midtown, Elevation Boulevard, Elevation Parkway","priority":"medium"},{"type":"sku_expansion","title":"Add 'BANANAS FOSTER PRE ROLL - REINA' to 3 more store(s)","detail":"Carried in 3 stores. Missing from: Elevation Oasis, Elevation Midtown, Elevation Boulevard","priority":"medium"},{"type":"sku_expansion","title":"Add 'BUBBLE BERRY COOKIES EIGHTH - REINA' to 3 more store(s)","detail":"Carried in 3 stores. Missing from: Elevation Springs, Elevation Oasis, Elevation Boulevard","priority":"medium"},{"type":"velocity","title":"Improve velocity in PRE ROLL","detail":"Velocity index 43 (below category average). 9.0 units/day vs 21.2 avg.","priority":"medium"},{"type":"velocity","title":"Improve velocity in FLOWER","detail":"Velocity index 23 (below category average). 6.5 units/day vs 27.8 avg.","priority":"medium"},{"type":"velocity","title":"Improve velocity in PRE ROLL PACK","detail":"Velocity index 16 (below category average). 0.9 units/day vs 5.8 avg.","priority":"medium"},{"type":"velocity","title":"Improve velocity in nan","detail":"Velocity index 0 (below category average). 0.0 units/day vs 0.0 avg.","priority":"medium"}],"trend":[{"period":"2024-01","revenue":47845.3759765625,"cost":23105.625,"margin":51.7,"units":1190,"transactions":986,"profit":24739.7509765625,"revenue_change_pct":null,"units_change_pct":null,"margin_change_pts":null},{"period":"2024-02","revenue":23771.07421875,"cost":13029.375,"margin":45.2,"units":662,"transactions":520,"profit":10741.700439453125,"revenue_change_pct":-50.3,"units_change_pct":-44.4,"margin_change_pts":-6.5},{"period":"2024-03","revenue":31744.72412109375,"cost":19893.375244140625,"margin":37.3,"units":998,"transactions":698,"profit":11851.35009765625,"revenue_change_pct":33.5,"units_change_pct":50.8,"margin_change_pts":-7.9},{"period":"2024-04","revenue":3617.5,"cost":2474.324951171875,"margin":31.6,"units":122,"transactions":66,"profit":1143.175048828125,"revenue_change_pct":-88.6,"units_change_pct":-87.8,"margin_change_pts":-5.7},{"period":"2024-09","revenue":42948.75,"cost":19877.5,"margin":53.7,"units":1220,"transactions":1062,"profit":23071.25,"revenue_change_pct":1087.2,"units_change_pct":900.0,"margin_change_pts":22.1},{"period":"2024-10","revenue":74357.7734375,"cost":32732.5,"margin":56.0,"units":2688,"transactions":2138,"profit":41625.2734375,"revenue_change_pct":73.1,"units_change_pct":120.3,"margin_change_pts":2.3},{"period":"2024-11","revenue":96897.275390625,"cost":55407.5,"margin":42.8,"units":3150,"transactions":2278,"profit":41489.775390625,"revenue_change_pct":30.3,"units_change_pct":17.2,"margin_change_pts":-13.2},{"period":"2024-12","revenue":49920.3515625,"cost":21030.0,"margin":57.9,"units":2352,"transactions":1748,"profit":28890.34912109375,"revenue_change_pct":-48.5,"units_change_pct":-25.3,"margin_change_pts":15.1},{"period":"2025-01","revenue":80846.875,"cost":37727.5,"margin":53.3,"units":2554,"transactions":1942,"profit":43119.375,"revenue_change_pct":62.0,"units_change_pct":8.6,"margin_change_pts":-4.5},{"period":"2025-02","revenue":50698.3984375,"cost":24110.0,"margin":52.4,"units":1980,"transactions":1250,"profit":26588.40087890625,"revenue_change_pct":-37.3,"units_change_pct":-22.5,"margin_change_pts":-0.9},{"period":"2025-03","revenue":37298.349609375,"cost":17882.5,"margin":52.1,"units":946,"transactions":732,"profit":19415.849609375,"revenue_change_pct":-26.4,"units_change_pct":-52.2,"margin_change_pts":-0.4},{"period":"2025-04","revenue":54006.8994140625,"cost":26325.0,"margin":51.3,"units":3224,"transactions":1732,"profit":27681.8994140625,"revenue_change_pct":44.8,"units_change_pct":240.8,"margin_change_pts":-0.8},{"period":"2025-05","revenue":19275.8251953125,"cost":9635.0,"margin":50.0,"units":932,"transactions":520,"profit":9640.8251953125,"revenue_change_pct":-64.3,"units_change_pct":-71.1,"margin_change_pts":-1.2},{"period":"2025-06","revenue":39997.5244140625,"cost":19217.5,"margin":52.0,"units":2608,"transactions":1392,"profit":20780.0244140625,"revenue_change_pct":107.5,"units_change_pct":179.8,"margin_change_pts":1.9},{"period":"2025-07","revenue":10655.625,"cost":5207.5,"margin":51.1,"units":238,"transactions":190,"profit":5448.125,"revenue_change_pct":-73.4,"units_change_pct":-90.9,"margin_change_pts":-0.8},{"period":"2025-08","revenue":3165.625,"cost":1665.0,"margin":47.4,"units":136,"transactions":120,"profit":1500.625,"revenue_change_pct":-70.3,"units_change_pct":-42.9,"margin_change_pts":-3.7},{"period":"2025-09","revenue":2247.5,"cost":1337.5,"margin":40.5,"units":64,"transactions":60,"profit":910.0,"revenue_change_pct":-29.0,"units_change_pct":-52.9,"margin_change_pts":-6.9},{"period":"2025-10","revenue":111.25,"cost":50.0,"margin":55.1,"units":6,"transactions":6,"profit":61.25,"revenue_change_pct":-95.1,"units_change_pct":-90.6,"margin_change_pts":14.6},{"period":"2025-11","revenue":43.75,"cost":35.0,"margin":20.0,"units":2,"transactions":2,"profit":8.75,"revenue_change_pct":-60.7,"units_change_pct":-66.7,"margin_change_pts":-35.1}]}