{"brand":"REINA","date_range":"2024-01-01 00:00:00 to 2026-01-31 00:00:00","period_label":"All Time","summary":{"total_units":25072,"total_revenue":669450.46875,"total_cost":330742.6953125,"total_discounts":173667.67578125,"total_profit":338707.734375,"overall_margin":50.599998474121094,"fp_margin":60.20000076293945,"disc_margin":43.29999923706055,"pct_full_price":43.099998474121094,"avg_discount_rate":20.600000381469727,"fp_revenue":288551.875,"disc_revenue":380898.5546875,"unique_customers":12102,"brand":"REINA","date_range":"2024-01-01 00:00:00 to 2026-01-31 00:00:00","months_count":38,"avg_monthly_cost":17407.5,"cost_per_unit":26.375,"primary_category":"FLOWER","primary_cat_margin":54.099998474121094,"category_rank":31,"category_total":64,"margin_vs_category":-3.5,"velocity_rank":35},"category_breakdown":[{"category_clean":"FLOWER","units":9872,"revenue":485046.2890625,"cost":251752.6953125,"profit":233293.57421875,"discounts":122219.345703125,"margin":48.099998474121094,"category_avg_margin":54.099998474121094,"vs_category":-6.0,"rank":31.0,"total_brands":64.0},{"category_clean":"PRE ROLL","units":13784,"revenue":128988.427734375,"cost":51690.0,"profit":77298.4228515625,"discounts":43164.0771484375,"margin":59.900001525878906,"category_avg_margin":48.29999923706055,"vs_category":11.6,"rank":19.0,"total_brands":46.0},{"category_clean":"PRE ROLL PACK","units":1396,"revenue":53420.751953125,"cost":26175.0,"profit":27245.74951171875,"discounts":7654.2498779296875,"margin":51.0,"category_avg_margin":54.5,"vs_category":-3.5,"rank":11.0,"total_brands":14.0}],"trend":[{"period":"2024-01","revenue":47845.3759765625,"cost":23105.625,"margin":51.7,"units":1190,"transactions":986,"profit":24739.7509765625,"revenue_change_pct":null,"units_change_pct":null,"margin_change_pts":null},{"period":"2024-02","revenue":23771.07421875,"cost":13029.375,"margin":45.2,"units":662,"transactions":520,"profit":10741.700439453125,"revenue_change_pct":-50.3,"units_change_pct":-44.4,"margin_change_pts":-6.5},{"period":"2024-03","revenue":31744.72412109375,"cost":19893.375244140625,"margin":37.3,"units":998,"transactions":698,"profit":11851.35009765625,"revenue_change_pct":33.5,"units_change_pct":50.8,"margin_change_pts":-7.9},{"period":"2024-04","revenue":3617.5,"cost":2474.324951171875,"margin":31.6,"units":122,"transactions":66,"profit":1143.175048828125,"revenue_change_pct":-88.6,"units_change_pct":-87.8,"margin_change_pts":-5.7},{"period":"2024-09","revenue":42948.75,"cost":19877.5,"margin":53.7,"units":1220,"transactions":1062,"profit":23071.25,"revenue_change_pct":1087.2,"units_change_pct":900.0,"margin_change_pts":22.1},{"period":"2024-10","revenue":74357.7734375,"cost":32732.5,"margin":56.0,"units":2688,"transactions":2138,"profit":41625.2734375,"revenue_change_pct":73.1,"units_change_pct":120.3,"margin_change_pts":2.3},{"period":"2024-11","revenue":96897.275390625,"cost":55407.5,"margin":42.8,"units":3150,"transactions":2278,"profit":41489.775390625,"revenue_change_pct":30.3,"units_change_pct":17.2,"margin_change_pts":-13.2},{"period":"2024-12","revenue":49920.3515625,"cost":21030.0,"margin":57.9,"units":2352,"transactions":1748,"profit":28890.34912109375,"revenue_change_pct":-48.5,"units_change_pct":-25.3,"margin_change_pts":15.1},{"period":"2025-01","revenue":80846.875,"cost":37727.5,"margin":53.3,"units":2554,"transactions":1942,"profit":43119.375,"revenue_change_pct":62.0,"units_change_pct":8.6,"margin_change_pts":-4.5},{"period":"2025-02","revenue":50698.3984375,"cost":24110.0,"margin":52.4,"units":1980,"transactions":1250,"profit":26588.40087890625,"revenue_change_pct":-37.3,"units_change_pct":-22.5,"margin_change_pts":-0.9},{"period":"2025-03","revenue":37298.349609375,"cost":17882.5,"margin":52.1,"units":946,"transactions":732,"profit":19415.849609375,"revenue_change_pct":-26.4,"units_change_pct":-52.2,"margin_change_pts":-0.4},{"period":"2025-04","revenue":54006.8994140625,"cost":26325.0,"margin":51.3,"units":3224,"transactions":1732,"profit":27681.8994140625,"revenue_change_pct":44.8,"units_change_pct":240.8,"margin_change_pts":-0.8},{"period":"2025-05","revenue":19275.8251953125,"cost":9635.0,"margin":50.0,"units":932,"transactions":520,"profit":9640.8251953125,"revenue_change_pct":-64.3,"units_change_pct":-71.1,"margin_change_pts":-1.2},{"period":"2025-06","revenue":39997.5244140625,"cost":19217.5,"margin":52.0,"units":2608,"transactions":1392,"profit":20780.0244140625,"revenue_change_pct":107.5,"units_change_pct":179.8,"margin_change_pts":1.9},{"period":"2025-07","revenue":10655.625,"cost":5207.5,"margin":51.1,"units":238,"transactions":190,"profit":5448.125,"revenue_change_pct":-73.4,"units_change_pct":-90.9,"margin_change_pts":-0.8},{"period":"2025-08","revenue":3165.625,"cost":1665.0,"margin":47.4,"units":136,"transactions":120,"profit":1500.625,"revenue_change_pct":-70.3,"units_change_pct":-42.9,"margin_change_pts":-3.7},{"period":"2025-09","revenue":2247.5,"cost":1337.5,"margin":40.5,"units":64,"transactions":60,"profit":910.0,"revenue_change_pct":-29.0,"units_change_pct":-52.9,"margin_change_pts":-6.9},{"period":"2025-10","revenue":111.25,"cost":50.0,"margin":55.1,"units":6,"transactions":6,"profit":61.25,"revenue_change_pct":-95.1,"units_change_pct":-90.6,"margin_change_pts":14.6},{"period":"2025-11","revenue":43.75,"cost":35.0,"margin":20.0,"units":2,"transactions":2,"profit":8.75,"revenue_change_pct":-60.7,"units_change_pct":-66.7,"margin_change_pts":-35.1}],"share_of_category":[{"category":"FLOWER","brand_revenue":485046.25,"category_revenue":77755450.0,"revenue_share_pct":0.6000000238418579,"brand_units":9872,"category_units":2708446,"units_share_pct":0.4},{"category":"PRE ROLL","brand_revenue":128988.41796875,"category_revenue":14009791.25,"revenue_share_pct":0.8999999761581421,"brand_units":13784,"category_units":1485736,"units_share_pct":0.9},{"category":"PRE ROLL PACK","brand_revenue":53420.751953125,"category_revenue":3903863.75,"revenue_share_pct":1.399999976158142,"brand_units":1396,"category_units":123714,"units_share_pct":1.1},{"category":0.0,"brand_revenue":0.0,"category_revenue":0.0,"revenue_share_pct":0.0,"brand_units":0,"category_units":0,"units_share_pct":0.0}],"share_of_category_trend":{"FLOWER":[{"period":"2024-01","brand_revenue":18962.275390625,"category_revenue":3552357.8125,"share_pct":0.5},{"period":"2024-02","brand_revenue":11967.774658203125,"category_revenue":3535245.625,"share_pct":0.30000001192092896},{"period":"2024-03","brand_revenue":19657.874755859375,"category_revenue":3693805.625,"share_pct":0.5},{"period":"2024-04","brand_revenue":2970.0,"category_revenue":3541899.6875,"share_pct":0.10000000149011612},{"period":"2024-05","brand_revenue":0.0,"category_revenue":3537479.375,"share_pct":0.0},{"period":"2024-06","brand_revenue":0.0,"category_revenue":3403269.6875,"share_pct":0.0},{"period":"2024-07","brand_revenue":0.0,"category_revenue":3457705.9375,"share_pct":0.0},{"period":"2024-08","brand_revenue":0.0,"category_revenue":3453819.375,"share_pct":0.0},{"period":"2024-09","brand_revenue":37261.25,"category_revenue":3316441.5625,"share_pct":1.100000023841858},{"period":"2024-10","brand_revenue":53880.673828125,"category_revenue":3585775.0,"share_pct":1.5},{"period":"2024-11","brand_revenue":83619.775390625,"category_revenue":3454855.3125,"share_pct":2.4000000953674316},{"period":"2024-12","brand_revenue":34242.2998046875,"category_revenue":3226567.8125,"share_pct":1.100000023841858},{"period":"2025-01","brand_revenue":66681.875,"category_revenue":2984938.125,"share_pct":2.200000047683716},{"period":"2025-02","brand_revenue":39203.1494140625,"category_revenue":2816220.0,"share_pct":1.399999976158142},{"period":"2025-03","brand_revenue":34440.849609375,"category_revenue":2911379.6875,"share_pct":1.2000000476837158},{"period":"2025-04","brand_revenue":30331.201171875,"category_revenue":3118895.3125,"share_pct":1.0},{"period":"2025-05","brand_revenue":14829.5751953125,"category_revenue":2887345.0,"share_pct":0.5},{"period":"2025-06","brand_revenue":21706.4501953125,"category_revenue":2773698.125,"share_pct":0.800000011920929},{"period":"2025-07","brand_revenue":10443.125,"category_revenue":2782763.125,"share_pct":0.4000000059604645},{"period":"2025-08","brand_revenue":2678.125,"category_revenue":2733122.8125,"share_pct":0.10000000149011612},{"period":"2025-09","brand_revenue":2065.0,"category_revenue":2603501.5625,"share_pct":0.10000000149011612},{"period":"2025-10","brand_revenue":61.25,"category_revenue":2663705.0,"share_pct":0.0},{"period":"2025-11","brand_revenue":43.75,"category_revenue":2700189.0625,"share_pct":0.0},{"period":"2025-12","brand_revenue":0.0,"category_revenue":2515209.53125,"share_pct":0.0},{"period":"2026-01","brand_revenue":0.0,"category_revenue":2505261.875,"share_pct":0.0}],"PRE ROLL":[{"period":"2024-01","brand_revenue":0.0,"category_revenue":508338.515625,"share_pct":0.0},{"period":"2024-02","brand_revenue":0.0,"category_revenue":489393.671875,"share_pct":0.0},{"period":"2024-03","brand_revenue":0.0,"category_revenue":520052.3828125,"share_pct":0.0},{"period":"2024-04","brand_revenue":0.0,"category_revenue":491300.6640625,"share_pct":0.0},{"period":"2024-05","brand_revenue":0.0,"category_revenue":542202.890625,"share_pct":0.0},{"period":"2024-06","brand_revenue":0.0,"category_revenue":507288.8671875,"share_pct":0.0},{"period":"2024-07","brand_revenue":0.0,"category_revenue":524250.9765625,"share_pct":0.0},{"period":"2024-08","brand_revenue":0.0,"category_revenue":612518.7109375,"share_pct":0.0},{"period":"2024-09","brand_revenue":5687.5,"category_revenue":586543.0078125,"share_pct":1.0},{"period":"2024-10","brand_revenue":20477.099609375,"category_revenue":641449.1796875,"share_pct":3.200000047683716},{"period":"2024-11","brand_revenue":13277.5,"category_revenue":579866.71875,"share_pct":2.299999952316284},{"period":"2024-12","brand_revenue":15678.050537109375,"category_revenue":582999.5703125,"share_pct":2.700000047683716},{"period":"2025-01","brand_revenue":14165.0,"category_revenue":544095.3125,"share_pct":2.5999999046325684},{"period":"2025-02","brand_revenue":11495.250244140625,"category_revenue":500875.5859375,"share_pct":2.299999952316284},{"period":"2025-03","brand_revenue":2857.5,"category_revenue":551422.0703125,"share_pct":0.5},{"period":"2025-04","brand_revenue":21680.70068359375,"category_revenue":568189.375,"share_pct":3.799999952316284},{"period":"2025-05","brand_revenue":4446.25,"category_revenue":565516.875,"share_pct":0.800000011920929},{"period":"2025-06","brand_revenue":18291.075439453125,"category_revenue":560506.71875,"share_pct":3.299999952316284},{"period":"2025-07","brand_revenue":212.5,"category_revenue":600916.09375,"share_pct":0.0},{"period":"2025-08","brand_revenue":487.5,"category_revenue":620247.5,"share_pct":0.10000000149011612},{"period":"2025-09","brand_revenue":182.5,"category_revenue":608971.09375,"share_pct":0.0},{"period":"2025-10","brand_revenue":50.0,"category_revenue":645293.1640625,"share_pct":0.0},{"period":"2025-11","brand_revenue":0.0,"category_revenue":581113.4765625,"share_pct":0.0},{"period":"2025-12","brand_revenue":0.0,"category_revenue":553088.5546875,"share_pct":0.0},{"period":"2026-01","brand_revenue":0.0,"category_revenue":523350.9375,"share_pct":0.0}],"PRE ROLL PACK":[{"period":"2024-01","brand_revenue":28883.1005859375,"category_revenue":169271.89453125,"share_pct":17.100000381469727},{"period":"2024-02","brand_revenue":11803.299560546875,"category_revenue":174199.375,"share_pct":6.800000190734863},{"period":"2024-03","brand_revenue":12086.8505859375,"category_revenue":187083.0078125,"share_pct":6.5},{"period":"2024-04","brand_revenue":647.5,"category_revenue":179617.6171875,"share_pct":0.4000000059604645},{"period":"2024-05","brand_revenue":0.0,"category_revenue":198875.703125,"share_pct":0.0},{"period":"2024-06","brand_revenue":0.0,"category_revenue":182181.42578125,"share_pct":0.0},{"period":"2024-07","brand_revenue":0.0,"category_revenue":189754.43359375,"share_pct":0.0},{"period":"2024-08","brand_revenue":0.0,"category_revenue":163466.5234375,"share_pct":0.0},{"period":"2024-09","brand_revenue":0.0,"category_revenue":145157.197265625,"share_pct":0.0},{"period":"2024-10","brand_revenue":0.0,"category_revenue":143902.822265625,"share_pct":0.0},{"period":"2024-11","brand_revenue":0.0,"category_revenue":169051.3671875,"share_pct":0.0},{"period":"2024-12","brand_revenue":0.0,"category_revenue":186738.92578125,"share_pct":0.0},{"period":"2025-01","brand_revenue":0.0,"category_revenue":222888.57421875,"share_pct":0.0},{"period":"2025-02","brand_revenue":0.0,"category_revenue":186213.06640625,"share_pct":0.0},{"period":"2025-03","brand_revenue":0.0,"category_revenue":195415.56640625,"share_pct":0.0},{"period":"2025-04","brand_revenue":0.0,"category_revenue":188683.2421875,"share_pct":0.0},{"period":"2025-05","brand_revenue":0.0,"category_revenue":231505.29296875,"share_pct":0.0},{"period":"2025-06","brand_revenue":0.0,"category_revenue":169830.2734375,"share_pct":0.0},{"period":"2025-07","brand_revenue":0.0,"category_revenue":130345.849609375,"share_pct":0.0},{"period":"2025-08","brand_revenue":0.0,"category_revenue":108797.099609375,"share_pct":0.0},{"period":"2025-09","brand_revenue":0.0,"category_revenue":99689.677734375,"share_pct":0.0},{"period":"2025-10","brand_revenue":0.0,"category_revenue":67141.8505859375,"share_pct":0.0},{"period":"2025-11","brand_revenue":0.0,"category_revenue":80167.7978515625,"share_pct":0.0},{"period":"2025-12","brand_revenue":0.0,"category_revenue":71818.3740234375,"share_pct":0.0},{"period":"2026-01","brand_revenue":0.0,"category_revenue":62066.826171875,"share_pct":0.0}]},"discount_depth":[{"tier":"0% (Full Price)","transactions":6808,"pct_of_transactions":33.4,"revenue":288551.875,"avg_discount":0.0},{"tier":"1-10%","transactions":1224,"pct_of_transactions":6.0,"revenue":61812.998046875,"avg_discount":20.0},{"tier":"11-20%","transactions":840,"pct_of_transactions":4.1,"revenue":38675.3759765625,"avg_discount":34.599998474121094},{"tier":"21-30%","transactions":326,"pct_of_transactions":1.6,"revenue":10720.30029296875,"avg_discount":50.79999923706055},{"tier":"31%+","transactions":5750,"pct_of_transactions":28.2,"revenue":106369.39453125,"avg_discount":84.0}],"velocity":{"units_per_day":36.88,"revenue_per_day":984.4750213623047,"avg_units_per_txn":2.88,"days_of_data":680,"total_units":25072,"total_transactions":17442},"velocity_by_category":[{"category":"PRE ROLL","brand_units_per_day":18.08,"category_avg_units_per_day":42.38,"velocity_index":42.7,"brand_rev_per_unit":7.49,"category_rev_per_unit":7.54,"brands_in_category":46},{"category":"FLOWER","brand_units_per_day":12.96,"category_avg_units_per_day":55.54,"velocity_index":23.3,"brand_rev_per_unit":39.31,"category_rev_per_unit":22.97,"brands_in_category":64},{"category":"PRE ROLL PACK","brand_units_per_day":1.84,"category_avg_units_per_day":11.6,"velocity_index":15.8,"brand_rev_per_unit":30.61,"category_rev_per_unit":25.24,"brands_in_category":14},{"category":0.0,"brand_units_per_day":0.0,"category_avg_units_per_day":0,"velocity_index":0,"brand_rev_per_unit":0.0,"category_rev_per_unit":0.0,"brands_in_category":0}],"deals":[{"deal_name":"Industry - 30% Off","times_used":3326,"units":4162.0,"revenue":94485.52500247955,"discounts":40741.34999752045,"cost":52708.49998474121,"profit":41777.02501833439,"pre_discount_revenue":135226.875,"margin":44.2,"avg_discount":60.2},{"deal_name":"Stock & Save - PR - 5 for $30","times_used":2476,"units":5620.0,"revenue":42147.875000834465,"discounts":27982.12499856949,"cost":21075.0,"profit":21072.874999940395,"pre_discount_revenue":70130.0,"margin":50.0,"avg_discount":79.8},{"deal_name":"GW - 50% Off Flower","times_used":642,"units":1044.0,"revenue":30806.25,"discounts":30806.25,"cost":25322.5,"profit":5483.75,"pre_discount_revenue":61612.5,"margin":17.8,"avg_discount":100.0},{"deal_name":"Senior - 10% Off","times_used":588,"units":874.0,"revenue":37276.52500152588,"discounts":4237.224999666214,"cost":16832.299995422363,"profit":20444.224996566772,"pre_discount_revenue":41513.75,"margin":54.8,"avg_discount":20.4},{"deal_name":"30% Off Special","times_used":530,"units":650.0,"revenue":20268.75,"discounts":8718.75,"cost":11784.524984359741,"profit":8484.225015640259,"pre_discount_revenue":28987.5,"margin":41.9,"avg_discount":60.2},{"deal_name":"Veterans - 10% Off","times_used":334,"units":412.0,"revenue":14046.175003051758,"discounts":1560.6999999284744,"cost":6171.149997711182,"profit":7875.025000572205,"pre_discount_revenue":15606.875,"margin":56.1,"avg_discount":20.0},{"deal_name":"Jackpot - Locals 30% Off","times_used":280,"units":342.0,"revenue":14784.000000953674,"discounts":6336.000000238419,"cost":8730.0,"profit":6053.999999761581,"pre_discount_revenue":21120.0,"margin":40.9,"avg_discount":60.0},{"deal_name":"Senior / Veterans - 20% Off","times_used":252,"units":366.0,"revenue":13790.0,"discounts":3460.0,"cost":6978.649997711182,"profit":6811.350002288818,"pre_discount_revenue":17250.0,"margin":49.4,"avg_discount":40.2},{"deal_name":"VVG / Reina ; 2 for $45","times_used":226,"units":462.0,"revenue":12947.924995422363,"discounts":8601.450004577637,"cost":9409.799919128418,"profit":3538.125079870224,"pre_discount_revenue":21549.375,"margin":27.3,"avg_discount":79.8},{"deal_name":"Reina 1/4s for $60","times_used":224,"units":470.0,"revenue":17637.5,"discounts":3012.5,"cost":8225.0,"profit":9412.5,"pre_discount_revenue":20650.0,"margin":53.4,"avg_discount":29.2},{"deal_name":"Industry 30% Off","times_used":148,"units":194.0,"revenue":5327.000000476837,"discounts":2408.0000001192093,"cost":3092.5,"profit":2234.4999998807907,"pre_discount_revenue":7735.0,"margin":41.9,"avg_discount":62.2},{"deal_name":"Reina","times_used":100,"units":62.0,"revenue":1937.5,"discounts":1108.3333333333333,"cost":1245.6666564941406,"profit":691.8333435058594,"pre_discount_revenue":3045.833333333334,"margin":35.7,"avg_discount":72.8},{"deal_name":"$50 1/4 - Matrix","times_used":82,"units":53.33333333333333,"revenue":1666.666666666667,"discounts":1000.0,"cost":1093.999989827474,"profit":572.6666768391926,"pre_discount_revenue":2666.666666666667,"margin":34.4,"avg_discount":75.0},{"deal_name":"Real McCoy","times_used":82,"units":53.33333333333333,"revenue":1666.666666666667,"discounts":1000.0,"cost":1093.999989827474,"profit":572.6666768391926,"pre_discount_revenue":2666.666666666667,"margin":34.4,"avg_discount":75.0},{"deal_name":"Employee 30% - NOT FRIDAYS","times_used":80,"units":86.0,"revenue":3104.500000476837,"discounts":1330.5000001192093,"cost":1807.5,"profit":1296.9999998807907,"pre_discount_revenue":4435.0,"margin":41.8,"avg_discount":60.0},{"deal_name":"LVAC - 25% Off","times_used":72,"units":104.0,"revenue":1565.625,"discounts":521.875,"cost":737.5,"profit":828.125,"pre_discount_revenue":2087.5,"margin":52.9,"avg_discount":50.0},{"deal_name":"Employee - 40% OFF","times_used":44,"units":48.0,"revenue":2190.0,"discounts":1460.0,"cost":1527.5,"profit":662.5,"pre_discount_revenue":3650.0,"margin":30.3,"avg_discount":80.0},{"deal_name":"REINA - $45 QUARTER","times_used":40,"units":88.0,"revenue":2475.0,"discounts":1925.0,"cost":1805.099983215332,"profit":669.900016784668,"pre_discount_revenue":4400.0,"margin":27.1,"avg_discount":87.6},{"deal_name":"Lit4Less - PR - 5 for $30","times_used":34,"units":42.0,"revenue":315.0,"discounts":210.0,"cost":157.5,"profit":157.5,"pre_discount_revenue":525.0,"margin":50.0,"avg_discount":80.0},{"deal_name":"REINA / GKUA / Lil Kim 1/4 for $60","times_used":24,"units":54.0,"revenue":2025.0,"discounts":675.0,"cost":1107.6749897003174,"profit":917.3250102996826,"pre_discount_revenue":2700.0,"margin":45.3,"avg_discount":50.0},{"deal_name":"25-30% Off","times_used":20,"units":20.0,"revenue":630.0,"discounts":245.0,"cost":375.0,"profit":255.0,"pre_discount_revenue":875.0,"margin":40.5,"avg_discount":56.0},{"deal_name":"$50 1/4 -","times_used":18,"units":8.666666666666666,"revenue":270.83333333333337,"discounts":108.33333333333334,"cost":151.66666666666669,"profit":119.16666666666666,"pre_discount_revenue":379.16666666666663,"margin":44.0,"avg_discount":57.2},{"deal_name":"RNBW","times_used":18,"units":8.666666666666666,"revenue":270.83333333333337,"discounts":108.33333333333334,"cost":151.66666666666669,"profit":119.16666666666666,"pre_discount_revenue":379.16666666666663,"margin":44.0,"avg_discount":57.2},{"deal_name":"$50 Quarter Special","times_used":4,"units":4.0,"revenue":125.0,"discounts":75.0,"cost":82.04999923706055,"profit":42.95000076293945,"pre_discount_revenue":200.0,"margin":34.4,"avg_discount":75.0},{"deal_name":"Senior Sunday - RENO ONLY - 20% Off","times_used":2,"units":2.0,"revenue":70.0,"discounts":17.5,"cost":35.0,"profit":35.0,"pre_discount_revenue":87.5,"margin":50.0,"avg_discount":40.0},{"deal_name":"Veterans Day - 30% Off For Veterans!","times_used":2,"units":2.0,"revenue":183.75,"discounts":78.75,"cost":112.5,"profit":71.25,"pre_discount_revenue":262.5,"margin":38.8,"avg_discount":60.0}],"top_products":[{"product":"FRITTER MINTS EIGHTH - REINA","units":1758,"revenue":62164.55078125,"cost":30765.0,"profit":31399.55078125,"transactions":1426,"margin":50.5},{"product":"DIVORCE CAKE HALF OUNCE - REINA","units":360,"revenue":39534.69970703125,"cost":20250.0,"profit":19284.69970703125,"transactions":334,"margin":48.79999923706055},{"product":"WHITE TRUFFLE EIGHTH - REINA","units":878,"revenue":30022.5244140625,"cost":17407.474365234375,"profit":12615.050048828125,"transactions":730,"margin":42.0},{"product":"DIVORCE CAKE PRE ROLL - REINA","units":2750,"revenue":26271.14990234375,"cost":10312.5,"profit":15958.64990234375,"transactions":2100,"margin":60.70000076293945},{"product":"BABY YODA EIGHTH - REINA","units":600,"revenue":22566.923828125,"cost":10500.0,"profit":12066.925048828125,"transactions":530,"margin":53.5},{"product":"CANDY CHROME EIGHTH - REINA","units":666,"revenue":22476.79931640625,"cost":13661.324462890625,"profit":8815.474853515625,"transactions":470,"margin":39.20000076293945},{"product":"CANDY CHROME 5 PK PRE ROLL - REINA","units":558,"revenue":21129.375,"cost":10462.5,"profit":10666.875,"transactions":506,"margin":50.5},{"product":"FRITTER MINTS PRE ROLL - REINA","units":1918,"revenue":18768.125,"cost":7192.5,"profit":11575.625,"transactions":1550,"margin":61.70000076293945},{"product":"BABY YODA HALF OUNCE - REINA","units":150,"revenue":17482.5,"cost":8437.5,"profit":9045.0,"transactions":134,"margin":51.70000076293945},{"product":"GAS FACE EIGHTH - REINA","units":602,"revenue":17100.400390625,"cost":10541.025390625,"profit":6559.375,"transactions":444,"margin":38.400001525878906},{"product":"GARLIC COOKIES HALF OUNCE - REINA","units":150,"revenue":16996.875,"cost":8437.5,"profit":8559.375,"transactions":142,"margin":50.400001525878906},{"product":"WEDDING CAKE EIGHTH - REINA","units":548,"revenue":16928.75,"cost":9590.0,"profit":7338.75,"transactions":372,"margin":43.400001525878906},{"product":"WHITE TRUFFLE 5 PK PRE ROLL - REINA","units":446,"revenue":16878.24951171875,"cost":8362.5,"profit":8515.750122070312,"transactions":400,"margin":50.5},{"product":"WHITE TRUFFLE HALF OUNCE - REINA","units":150,"revenue":16773.75,"cost":8437.5,"profit":8336.25,"transactions":138,"margin":49.70000076293945},{"product":"LEMON GOULIE HALF OUNCE - REINA","units":150,"revenue":16576.875,"cost":8437.5,"profit":8139.375,"transactions":142,"margin":49.099998474121094},{"product":"PINK POODY HALF OUNCE - REINA","units":148,"revenue":16005.625,"cost":8325.0,"profit":7680.625,"transactions":144,"margin":48.0},{"product":"STRAWBERRY FIELDS EIGHTH - REINA","units":392,"revenue":14690.8251953125,"cost":6860.0,"profit":7830.8251953125,"transactions":316,"margin":53.29999923706055},{"product":"GARLIC COOKIES 5 PK PRE ROLL - REINA","units":356,"revenue":13951.875,"cost":6675.0,"profit":7276.875,"transactions":328,"margin":52.20000076293945},{"product":"SLURRICANE EIGHTH - REINA","units":372,"revenue":13889.849853515625,"cost":7028.1500244140625,"profit":6861.6998291015625,"transactions":318,"margin":49.400001525878906},{"product":"LEMON GOULIE EIGHTH - REINA","units":380,"revenue":13796.875,"cost":6662.0501708984375,"profit":7134.8248291015625,"transactions":334,"margin":51.70000076293945},{"product":"BUBBLE BERRY COOKIES EIGHTH - REINA","units":400,"revenue":13302.5,"cost":7000.0,"profit":6302.5,"transactions":316,"margin":47.400001525878906},{"product":"HOT MONTS PRE ROLL - REINA","units":1400,"revenue":12825.450439453125,"cost":5250.0,"profit":7575.4498291015625,"transactions":1042,"margin":59.099998474121094},{"product":"GRAPES & CREAM HALF OUNCE - REINA","units":100,"revenue":11786.25,"cost":5625.0,"profit":6161.25,"transactions":92,"margin":52.29999923706055},{"product":"MAC HALF OUNCE - REINA","units":100,"revenue":11130.0,"cost":5625.0,"profit":5505.0,"transactions":84,"margin":49.5},{"product":"GHOST TRAIN HAZE HALF OUNCE - REINA","units":100,"revenue":11076.6748046875,"cost":5625.0,"profit":5451.6748046875,"transactions":96,"margin":49.20000076293945}],"products_by_store":{"Elevation Springs":[{"product":"FRITTER MINTS EIGHTH - REINA","units":426,"revenue":14375.999755859375,"cost":7455.0,"profit":6920.999755859375,"transactions":374,"margin":48.099998474121094},{"product":"DIVORCE CAKE HALF OUNCE - REINA","units":110,"revenue":10609.375,"cost":6187.5,"profit":4421.875,"transactions":96,"margin":41.70000076293945},{"product":"DIVORCE CAKE PRE ROLL - REINA","units":904,"revenue":8386.25,"cost":3390.0,"profit":4996.25,"transactions":674,"margin":59.599998474121094},{"product":"CANDY CHROME EIGHTH - REINA","units":244,"revenue":7380.625,"cost":5005.050048828125,"profit":2375.5751037597656,"transactions":148,"margin":32.20000076293945},{"product":"LEMON GOULIE HALF OUNCE - REINA","units":50,"revenue":5643.75,"cost":2812.5,"profit":2831.25,"transactions":46,"margin":50.20000076293945},{"product":"PINK POODY HALF OUNCE - REINA","units":50,"revenue":5617.5,"cost":2812.5,"profit":2805.0,"transactions":48,"margin":49.900001525878906},{"product":"GARLIC COOKIES HALF OUNCE - REINA","units":50,"revenue":5604.375,"cost":2812.5,"profit":2791.875,"transactions":50,"margin":49.79999923706055},{"product":"BABY YODA EIGHTH - REINA","units":148,"revenue":5576.25,"cost":2590.0,"profit":2986.25,"transactions":140,"margin":53.599998474121094},{"product":"FRITTER MINTS PRE ROLL - REINA","units":588,"revenue":5571.25,"cost":2205.0,"profit":3366.25,"transactions":472,"margin":60.400001525878906},{"product":"BABY YODA HALF OUNCE - REINA","units":50,"revenue":5486.25,"cost":2812.5,"profit":2673.75,"transactions":44,"margin":48.70000076293945},{"product":"WHITE TRUFFLE HALF OUNCE - REINA","units":50,"revenue":5407.5,"cost":2812.5,"profit":2595.0,"transactions":46,"margin":48.0},{"product":"MAC HALF OUNCE - REINA","units":50,"revenue":5276.25,"cost":2812.5,"profit":2463.75,"transactions":44,"margin":46.70000076293945},{"product":"WEDDING CAKE EIGHTH - REINA","units":150,"revenue":5085.625,"cost":2625.0,"profit":2460.625,"transactions":118,"margin":48.400001525878906},{"product":"HOT MONTS PRE ROLL - REINA","units":496,"revenue":4625.0,"cost":1860.0,"profit":2765.0,"transactions":356,"margin":59.79999923706055},{"product":"CANDY CHROME 5 PK PRE ROLL - REINA","units":122,"revenue":4477.5,"cost":2287.5,"profit":2190.0,"transactions":104,"margin":48.900001525878906}],"Elevation Mesa":[{"product":"FRITTER MINTS EIGHTH - REINA","units":448,"revenue":15320.4248046875,"cost":7840.0,"profit":7480.4248046875,"transactions":380,"margin":48.79999923706055},{"product":"WHITE TRUFFLE EIGHTH - REINA","units":286,"revenue":10023.75,"cost":5565.32470703125,"profit":4458.424987792969,"transactions":244,"margin":44.5},{"product":"DIVORCE CAKE PRE ROLL - REINA","units":1050,"revenue":9846.6748046875,"cost":3937.5,"profit":5909.1748046875,"transactions":794,"margin":60.0},{"product":"DIVORCE CAKE HALF OUNCE - REINA","units":70,"revenue":7481.25,"cost":3937.5,"profit":3543.75,"transactions":66,"margin":47.400001525878906},{"product":"FRITTER MINTS PRE ROLL - REINA","units":640,"revenue":6161.25,"cost":2400.0,"profit":3761.25,"transactions":518,"margin":61.0},{"product":"CANDY CHROME 5 PK PRE ROLL - REINA","units":160,"revenue":5817.5,"cost":3000.0,"profit":2817.5,"transactions":148,"margin":48.400001525878906},{"product":"BABY YODA HALF OUNCE - REINA","units":50,"revenue":5748.75,"cost":2812.5,"profit":2936.25,"transactions":48,"margin":51.099998474121094},{"product":"GRAPES & CREAM HALF OUNCE - REINA","units":50,"revenue":5670.0,"cost":2812.5,"profit":2857.5,"transactions":48,"margin":50.400001525878906},{"product":"GARLIC COOKIES HALF OUNCE - REINA","units":50,"revenue":5643.75,"cost":2812.5,"profit":2831.25,"transactions":48,"margin":50.20000076293945},{"product":"WHITE TRUFFLE HALF OUNCE - REINA","units":50,"revenue":5407.5,"cost":2812.5,"profit":2595.0,"transactions":48,"margin":48.0},{"product":"BUBBLE BERRY COOKIES HALF OUNCE - REINA","units":50,"revenue":5184.375,"cost":2812.5,"profit":2371.875,"transactions":46,"margin":45.79999923706055},{"product":"CANDY CHROME EIGHTH - REINA","units":142,"revenue":5122.5,"cost":2912.7749633789062,"profit":2209.7250366210938,"transactions":104,"margin":43.099998474121094},{"product":"LEMON GOULIE HALF OUNCE - REINA","units":50,"revenue":4843.125,"cost":2812.5,"profit":2030.625,"transactions":46,"margin":41.900001525878906},{"product":"WEDDING CAKE EIGHTH - REINA","units":148,"revenue":4825.625,"cost":2590.0,"profit":2235.625,"transactions":126,"margin":46.29999923706055},{"product":"PINK POODY HALF OUNCE - REINA","units":48,"revenue":4560.625,"cost":2700.0,"profit":1860.625,"transactions":48,"margin":40.79999923706055}],"Elevation Oasis":[{"product":"FRITTER MINTS EIGHTH - REINA","units":650,"revenue":24288.75,"cost":11375.0,"profit":12913.75,"transactions":472,"margin":53.20000076293945},{"product":"DIVORCE CAKE HALF OUNCE - REINA","units":180,"revenue":21444.07470703125,"cost":10125.0,"profit":11319.07470703125,"transactions":172,"margin":52.79999923706055},{"product":"STRAWBERRY FIELDS HALF OUNCE - REINA","units":60,"revenue":7087.5,"cost":3375.0,"profit":3712.5,"transactions":48,"margin":52.400001525878906},{"product":"GAS FACE EIGHTH - REINA","units":250,"revenue":7017.5,"cost":4375.0,"profit":2642.5,"transactions":148,"margin":37.70000076293945},{"product":"WEDDING CAKE EIGHTH - REINA","units":250,"revenue":7017.5,"cost":4375.0,"profit":2642.5,"transactions":128,"margin":37.70000076293945},{"product":"GELATO POP HALF OUNCE - REINA","units":60,"revenue":6969.375,"cost":3375.0,"profit":3594.375,"transactions":58,"margin":51.599998474121094},{"product":"BABY YODA HALF OUNCE - REINA","units":50,"revenue":6247.5,"cost":2812.5,"profit":3435.0,"transactions":42,"margin":55.0},{"product":"GRAPES & CREAM HALF OUNCE - REINA","units":50,"revenue":6116.25,"cost":2812.5,"profit":3303.75,"transactions":44,"margin":54.0},{"product":"LAVA CAKE HALF OUNCE - REINA","units":50,"revenue":6104.2498779296875,"cost":2812.5,"profit":3291.7498779296875,"transactions":48,"margin":53.900001525878906},{"product":"LEMON GOULIE HALF OUNCE - REINA","units":50,"revenue":6090.0,"cost":2812.5,"profit":3277.5,"transactions":50,"margin":53.79999923706055},{"product":"BABY YODA EIGHTH - REINA","units":150,"revenue":6064.425048828125,"cost":2625.0,"profit":3439.425048828125,"transactions":120,"margin":56.70000076293945},{"product":"WHITE TRUFFLE EIGHTH - REINA","units":146,"revenue":6045.0,"cost":2693.5751342773438,"profit":3351.4248657226562,"transactions":120,"margin":55.400001525878906},{"product":"STRAWBERRY FIELDS EIGHTH - REINA","units":150,"revenue":6021.25,"cost":2625.0,"profit":3396.25,"transactions":108,"margin":56.400001525878906},{"product":"WHITE TRUFFLE HALF OUNCE - REINA","units":50,"revenue":5958.75,"cost":2812.5,"profit":3146.25,"transactions":44,"margin":52.79999923706055},{"product":"MAC HALF OUNCE - REINA","units":50,"revenue":5853.75,"cost":2812.5,"profit":3041.25,"transactions":40,"margin":52.0}],"Elevation Midtown":[{"product":"WHITE TRUFFLE EIGHTH - REINA","units":224,"revenue":6977.5,"cost":4594.7998046875,"profit":2382.7000427246094,"transactions":162,"margin":34.099998474121094},{"product":"BUBBLE BERRY COOKIES EIGHTH - REINA","units":200,"revenue":6378.75,"cost":3500.0,"profit":2878.75,"transactions":140,"margin":45.099998474121094},{"product":"BABY YODA EIGHTH - REINA","units":148,"revenue":5653.75,"cost":2590.0,"profit":3063.75,"transactions":124,"margin":54.20000076293945},{"product":"FRITTER MINTS EIGHTH - REINA","units":130,"revenue":4956.25,"cost":2275.0,"profit":2681.25,"transactions":118,"margin":54.099998474121094},{"product":"SLURRICANE EIGHTH - REINA","units":122,"revenue":4837.5,"cost":2201.2750244140625,"profit":2636.2249755859375,"transactions":108,"margin":54.5},{"product":"BUBBLE GUM RUNTZ EIGHTH - REINA","units":100,"revenue":4188.125,"cost":1750.0,"profit":2438.125,"transactions":84,"margin":58.20000076293945},{"product":"GELATO POP EIGHTH - REINA","units":108,"revenue":4138.75,"cost":1890.0,"profit":2248.75,"transactions":92,"margin":54.29999923706055},{"product":"CANDY CHROME EIGHTH - REINA","units":116,"revenue":3973.75,"cost":2379.449920654297,"profit":1594.3000793457031,"transactions":100,"margin":40.099998474121094},{"product":"ZKITTLEZ CAKE EIGHTH - REINA","units":100,"revenue":3692.5,"cost":1750.0,"profit":1942.5,"transactions":90,"margin":52.599998474121094},{"product":"STRAWBERRY FIELDS EIGHTH - REINA","units":92,"revenue":3612.5,"cost":1610.0,"profit":2002.5,"transactions":84,"margin":55.400001525878906},{"product":"LEMON GOULIE EIGHTH - REINA","units":80,"revenue":3263.75,"cost":1400.0,"profit":1863.75,"transactions":74,"margin":57.099998474121094},{"product":"DIVORCE CAKE PRE ROLL - REINA","units":198,"revenue":1875.0,"cost":742.5,"profit":1132.5,"transactions":180,"margin":60.400001525878906},{"product":"FRITTER MINTS PRE ROLL - REINA","units":190,"revenue":1835.0,"cost":712.5,"profit":1122.5,"transactions":148,"margin":61.20000076293945},{"product":"HOT MONTS EIGHTH - REINA","units":50,"revenue":1692.5,"cost":875.0,"profit":817.5,"transactions":48,"margin":48.29999923706055},{"product":"LEMON GOULIE PRE ROLL - REINA","units":122,"revenue":1405.0,"cost":457.5,"profit":947.5,"transactions":118,"margin":67.4000015258789}],"Elevation Boulevard":[{"product":"CANDY CHROME EIGHTH - REINA","units":106,"revenue":3334.9249267578125,"cost":2174.324951171875,"profit":1160.5999755859375,"transactions":72,"margin":34.79999923706055},{"product":"WHITE TRUFFLE EIGHTH - REINA","units":128,"revenue":3213.7750244140625,"cost":2625.5999755859375,"profit":588.1750106811523,"transactions":118,"margin":18.299999237060547},{"product":"WHITE TRUFFLE 5 PK PRE ROLL - REINA","units":62,"revenue":2163.2000732421875,"cost":1162.5,"profit":1000.6999969482422,"transactions":56,"margin":46.29999923706055},{"product":"SLURRICANE EIGHTH - REINA","units":72,"revenue":2025.9249877929688,"cost":1476.9000244140625,"profit":549.0250015258789,"transactions":62,"margin":27.100000381469727},{"product":"CANDY CHROME 5 PK PRE ROLL - REINA","units":54,"revenue":1978.75,"cost":1012.5,"profit":966.25,"transactions":48,"margin":48.79999923706055},{"product":"GARLIC COOKIES 5 PK PRE ROLL - REINA","units":34,"revenue":1295.0,"cost":637.5,"profit":657.5,"transactions":34,"margin":50.79999923706055},{"product":"BABY YODA EIGHTH - REINA","units":4,"revenue":140.0,"cost":70.0,"profit":70.0,"transactions":4,"margin":50.0},{"product":"FRITTER MINTS EIGHTH - REINA","units":2,"revenue":61.25,"cost":35.0,"profit":26.25,"transactions":2,"margin":42.900001525878906}],"Elevation Parkway":[{"product":"CANDY CHROME 5 PK PRE ROLL - REINA","units":138,"revenue":5377.5,"cost":2587.5,"profit":2790.0,"transactions":134,"margin":51.900001525878906},{"product":"WHITE TRUFFLE 5 PK PRE ROLL - REINA","units":130,"revenue":5235.625,"cost":2437.5,"profit":2798.125,"transactions":128,"margin":53.400001525878906},{"product":"GARLIC COOKIES 5 PK PRE ROLL - REINA","units":120,"revenue":4808.125,"cost":2250.0,"profit":2558.125,"transactions":112,"margin":53.20000076293945},{"product":"DIVORCE CAKE PRE ROLL - REINA","units":348,"revenue":3690.0,"cost":1305.0,"profit":2385.0,"transactions":258,"margin":64.5999984741211},{"product":"BUBBLE BERRY COOKIES EIGHTH - REINA","units":100,"revenue":3546.25,"cost":1750.0,"profit":1796.25,"transactions":80,"margin":50.70000076293945},{"product":"FRITTER MINTS EIGHTH - REINA","units":102,"revenue":3161.875,"cost":1785.0,"profit":1376.875,"transactions":80,"margin":43.5},{"product":"FRITTER MINTS PRE ROLL - REINA","units":250,"revenue":2618.75,"cost":937.5,"profit":1681.25,"transactions":232,"margin":64.19999694824219},{"product":"GELATO POP EIGHTH - REINA","units":50,"revenue":1987.5,"cost":875.0,"profit":1112.5,"transactions":48,"margin":56.0},{"product":"SOUR APPLE X SUNSET SHERBERT EIGHTH - REINA","units":48,"revenue":1890.0,"cost":984.5999908447266,"profit":905.4000091552734,"transactions":42,"margin":47.900001525878906},{"product":"GAS FACE EIGHTH - REINA","units":50,"revenue":1839.375,"cost":875.0,"profit":964.375,"transactions":44,"margin":52.400001525878906},{"product":"GUSHLATTI EIGHTH - REINA","units":50,"revenue":1680.0,"cost":875.0,"profit":805.0,"transactions":48,"margin":47.900001525878906},{"product":"HOT MONTS PRE ROLL - REINA","units":160,"revenue":1658.75,"cost":600.0,"profit":1058.75,"transactions":138,"margin":63.79999923706055},{"product":"BABY YODA EIGHTH - REINA","units":50,"revenue":1597.5,"cost":875.0,"profit":722.5,"transactions":44,"margin":45.20000076293945},{"product":"STRAWBERRY FIELDS PRE ROLL - REINA","units":72,"revenue":727.5,"cost":270.0,"profit":457.5,"transactions":68,"margin":62.900001525878906},{"product":"GELATO POP PRE ROLL - REINA","units":68,"revenue":697.5,"cost":255.0,"profit":442.5,"transactions":62,"margin":63.400001525878906}]},"store_summary":[{"store_clean":"Elevation Oasis","units":4424,"revenue":203963.59375,"cost":98500.80078125,"profit":105462.802734375,"discounts":36163.89892578125,"margin":51.70000076293945,"discount_rate":15.100000381469727},{"store_clean":"Elevation Mesa","units":8098,"revenue":177587.7734375,"cost":88356.171875,"profit":89231.6015625,"discounts":53937.2265625,"margin":50.20000076293945,"discount_rate":23.299999237060547},{"store_clean":"Elevation Springs","units":6994,"revenue":160681.572265625,"cost":81493.1982421875,"profit":79188.3740234375,"discounts":50586.5478515625,"margin":49.29999923706055,"discount_rate":23.899999618530273},{"store_clean":"Elevation Midtown","units":2814,"revenue":66930.0732421875,"cost":32365.52490234375,"profit":34564.55078125,"discounts":16194.925537109375,"margin":51.599998474121094,"discount_rate":19.5},{"store_clean":"Elevation Parkway","units":2280,"revenue":46074.599609375,"cost":20832.67578125,"profit":25241.923828125,"discounts":9075.399780273438,"margin":54.79999923706055,"discount_rate":16.5},{"store_clean":"Elevation Boulevard","units":462,"revenue":14212.82470703125,"cost":9194.324951171875,"profit":5018.500061035156,"discounts":7709.67529296875,"margin":35.29999923706055,"discount_rate":35.20000076293945}],"recommendations":[{"severity":"info","title":"VOLUME LEVERAGE","detail":"$267,780 revenue provides negotiating leverage.","action":"Use volume as leverage in next vendor meeting."}],"comparison":null}