{"brand":"INDOTABS","date_range":"2024-01-01 00:00:00 to 2026-01-31 00:00:00","period_label":"All Time","summary":{"total_units":29222,"total_revenue":1074780.234375,"total_cost":550367.5,"total_discounts":279339.0234375,"total_profit":524412.734375,"overall_margin":48.79999923706055,"fp_margin":59.0,"disc_margin":40.5,"pct_full_price":44.70000076293945,"avg_discount_rate":20.600000381469727,"fp_revenue":480693.75,"disc_revenue":594086.484375,"brand":"INDOTABS","date_range":"2024-01-01 00:00:00 to 2026-01-31 00:00:00","primary_category":"TABLET","store_coverage":"6/7","stores_present":["Elevation Springs","Elevation Mesa","Elevation Oasis","Elevation Midtown","Elevation Boulevard","Elevation Parkway"],"stores_missing":["Elevation Downtown"],"velocity_rank":1,"velocity_total":2},"distribution":[{"store":"Elevation Springs","carries_brand":true,"sku_count":36,"revenue":255868.359375,"units":7252,"store_total_revenue":51138750.0,"brand_share_pct":0.5},{"store":"Elevation Mesa","carries_brand":true,"sku_count":36,"revenue":214972.734375,"units":6046,"store_total_revenue":47532240.0,"brand_share_pct":0.5},{"store":"Elevation Oasis","carries_brand":true,"sku_count":34,"revenue":248034.90234375,"units":5956,"store_total_revenue":56050145.0,"brand_share_pct":0.4000000059604645},{"store":"Elevation Downtown","carries_brand":false,"sku_count":0,"revenue":0.0,"units":0,"store_total_revenue":1945237.1875,"brand_share_pct":0},{"store":"Elevation Midtown","carries_brand":true,"sku_count":34,"revenue":146713.57421875,"units":4172,"store_total_revenue":30850185.0,"brand_share_pct":0.5},{"store":"Elevation Boulevard","carries_brand":true,"sku_count":38,"revenue":98154.90234375,"units":2954,"store_total_revenue":28757865.0,"brand_share_pct":0.30000001192092896},{"store":"Elevation Parkway","carries_brand":true,"sku_count":38,"revenue":111035.771484375,"units":2842,"store_total_revenue":21987007.5,"brand_share_pct":0.5}],"share_of_category":[{"category":"TABLET","brand_revenue":1069143.125,"category_revenue":1935723.90625,"revenue_share_pct":55.20000076293945,"brand_units":29138,"category_units":55704,"units_share_pct":52.3},{"category":"CAPSULES","brand_revenue":5637.1502685546875,"category_revenue":5815.650634765625,"revenue_share_pct":96.9000015258789,"brand_units":84,"category_units":96,"units_share_pct":87.5}],"share_of_category_trend":{"TABLET":[{"period":"2024-01","brand_revenue":35860.27587890625,"category_revenue":81429.6484375,"share_pct":44.0},{"period":"2024-02","brand_revenue":28468.42529296875,"category_revenue":74585.44921875,"share_pct":38.20000076293945},{"period":"2024-03","brand_revenue":45759.19921875,"category_revenue":101039.62890625,"share_pct":45.29999923706055},{"period":"2024-04","brand_revenue":38033.173828125,"category_revenue":85444.072265625,"share_pct":44.5},{"period":"2024-05","brand_revenue":33729.47509765625,"category_revenue":80040.7763671875,"share_pct":42.099998474121094},{"period":"2024-06","brand_revenue":48180.3515625,"category_revenue":89357.8515625,"share_pct":53.900001525878906},{"period":"2024-07","brand_revenue":48299.599609375,"category_revenue":83523.75,"share_pct":57.79999923706055},{"period":"2024-08","brand_revenue":51492.626953125,"category_revenue":90648.57421875,"share_pct":56.79999923706055},{"period":"2024-09","brand_revenue":49470.0732421875,"category_revenue":83213.92578125,"share_pct":59.400001525878906},{"period":"2024-10","brand_revenue":54988.1005859375,"category_revenue":87348.876953125,"share_pct":63.0},{"period":"2024-11","brand_revenue":32553.5009765625,"category_revenue":73543.8232421875,"share_pct":44.29999923706055},{"period":"2024-12","brand_revenue":45782.7734375,"category_revenue":74492.67578125,"share_pct":61.5},{"period":"2025-01","brand_revenue":46458.9013671875,"category_revenue":70151.2744140625,"share_pct":66.19999694824219},{"period":"2025-02","brand_revenue":35593.5498046875,"category_revenue":63931.25,"share_pct":55.70000076293945},{"period":"2025-03","brand_revenue":38557.64892578125,"category_revenue":65688.22265625,"share_pct":58.70000076293945},{"period":"2025-04","brand_revenue":37586.6748046875,"category_revenue":72523.92578125,"share_pct":51.79999923706055},{"period":"2025-05","brand_revenue":38970.92529296875,"category_revenue":65624.9755859375,"share_pct":59.400001525878906},{"period":"2025-06","brand_revenue":32496.875,"category_revenue":70010.751953125,"share_pct":46.400001525878906},{"period":"2025-07","brand_revenue":46073.623046875,"category_revenue":72775.498046875,"share_pct":63.29999923706055},{"period":"2025-08","brand_revenue":51604.7509765625,"category_revenue":77913.2763671875,"share_pct":66.19999694824219},{"period":"2025-09","brand_revenue":48597.5732421875,"category_revenue":73371.826171875,"share_pct":66.19999694824219},{"period":"2025-10","brand_revenue":44113.22265625,"category_revenue":74601.6015625,"share_pct":59.099998474121094},{"period":"2025-11","brand_revenue":52831.025390625,"category_revenue":80378.65234375,"share_pct":65.69999694824219},{"period":"2025-12","brand_revenue":35396.6748046875,"category_revenue":62570.4736328125,"share_pct":56.599998474121094},{"period":"2026-01","brand_revenue":48244.0478515625,"category_revenue":81513.173828125,"share_pct":59.20000076293945}],"CAPSULES":[{"period":"2025-03","brand_revenue":0.0,"category_revenue":178.50000381469727,"share_pct":0.0},{"period":"2025-12","brand_revenue":3549.89990234375,"category_revenue":3549.89990234375,"share_pct":100.0},{"period":"2026-01","brand_revenue":2087.2499084472656,"category_revenue":2087.2499084472656,"share_pct":100.0}]},"velocity_by_category":[{"category":"CAPSULES","brand_units_per_day":0.12,"category_avg_units_per_day":0.06,"velocity_index":175.0,"brand_rev_per_unit":53.69,"category_rev_per_unit":48.46,"brands_in_category":2},{"category":"TABLET","brand_units_per_day":38.24,"category_avg_units_per_day":36.56,"velocity_index":104.6,"brand_rev_per_unit":29.35,"category_rev_per_unit":27.8,"brands_in_category":2}],"store_gaps":[{"store":"Elevation Downtown","category":"TABLET","category_revenue_at_store":11314.6240234375,"opportunity":"Brand not carried"}],"product_mix":{"top":[{"product":"15 PK 1:1:1 SLOWBAR TABLETS - INDOTABS","units":2618,"revenue":158835.09765625,"cost":80185.0,"profit":78650.09765625,"stores":6,"transactions":1946,"margin":49.5},{"product":"15 PK FLOWBAR TABLETS - INDOTABS","units":2410,"revenue":142789.873046875,"cost":75470.0,"profit":67319.873046875,"stores":6,"transactions":1864,"margin":47.099998474121094},{"product":"8 PK MAXTABS - INDOTABS","units":1912,"revenue":127974.228515625,"cost":58915.0,"profit":69059.2236328125,"stores":6,"transactions":1310,"margin":54.0},{"product":"8 PK MAXTABS 800MG - INDOTABS","units":1754,"revenue":114212.12890625,"cost":65756.25,"profit":48455.8740234375,"stores":6,"transactions":1134,"margin":42.400001525878906},{"product":"2 PK MAXTABS 200MG - INDOTABS","units":4032,"revenue":68610.80078125,"cost":40320.0,"profit":28290.80078125,"stores":6,"transactions":2058,"margin":41.20000076293945},{"product":"5 PK 1:1:1 SLOWBAR TABLETS - INDOTABS","units":2716,"revenue":58348.1005859375,"cost":28825.0,"profit":29523.1005859375,"stores":6,"transactions":2088,"margin":50.599998474121094},{"product":"5 PK GLOWBAR TABLETS - INDOTABS","units":2776,"revenue":58327.0263671875,"cost":29445.0,"profit":28882.02392578125,"stores":6,"transactions":1962,"margin":49.5},{"product":"5 PK FLOWBAR TABLETS - INDOTABS","units":2656,"revenue":57572.900390625,"cost":28442.5,"profit":29130.400390625,"stores":6,"transactions":2156,"margin":50.599998474121094},{"product":"15 PK 1:1:1 SLOWBAR TABLETS 600MG - INDOTABS","units":782,"revenue":46411.6748046875,"cost":25415.0,"profit":20996.6748046875,"stores":6,"transactions":612,"margin":45.20000076293945},{"product":"30 PK THC TABLETS - INDOTABS","units":672,"revenue":40536.12548828125,"cost":16800.0,"profit":23736.12548828125,"stores":6,"transactions":516,"margin":58.599998474121094},{"product":"15 PK GLOWBAR TABLETS - INDOTABS","units":584,"revenue":35154.150390625,"cost":15292.5,"profit":19861.650390625,"stores":6,"transactions":476,"margin":56.5},{"product":"15 PK FLOWBAR TABLETS 600MG - INDOTABS","units":524,"revenue":31590.576171875,"cost":16233.75,"profit":15356.824951171875,"stores":6,"transactions":408,"margin":48.599998474121094},{"product":"2 PK MAXTABS - INDOTABS","units":1746,"revenue":30933.00048828125,"cost":16342.5,"profit":14590.50048828125,"stores":6,"transactions":1128,"margin":47.20000076293945},{"product":"5 PK 1:1:1 SLOWBAR TABLETS 200MG - INDOTABS","units":1286,"revenue":26798.1005859375,"cost":14242.5,"profit":12555.599365234375,"stores":6,"transactions":954,"margin":46.900001525878906},{"product":"5 PK GLOWBAR TABLETS 200MG - INDOTABS","units":1208,"revenue":25121.25,"cost":13590.0,"profit":11531.25,"stores":6,"transactions":832,"margin":45.900001525878906},{"product":"100 PK THC TABLETS - INDOTABS","units":460,"revenue":21798.5498046875,"cost":10330.0,"profit":11468.5498046875,"stores":6,"transactions":346,"margin":52.599998474121094},{"product":"5 PK FLOWBAR TABLETS 200MG - INDOTABS","units":904,"revenue":18743.00048828125,"cost":10170.0,"profit":8572.999877929688,"stores":6,"transactions":648,"margin":45.70000076293945},{"product":"10 PK MAXTABS - INDOTABS","units":142,"revenue":9432.149658203125,"cost":3905.0,"profit":5527.149658203125,"stores":4,"transactions":130,"margin":58.599998474121094},{"product":"15 PK SLOWBAR TABLETS 600MG - INDOTABS","units":20,"revenue":1245.0,"cost":487.5,"profit":757.5,"stores":1,"transactions":18,"margin":60.79999923706055},{"product":"2 PK THC TABLETS 200MG - INDOTABS","units":20,"revenue":346.4999771118164,"cost":200.0,"profit":146.49999618530273,"stores":1,"transactions":8,"margin":42.29999923706055}],"bottom":[],"expansion":[{"product":"10 PK MAXTABS - INDOTABS","current_stores":4,"total_stores":6,"missing_stores":["Elevation Oasis","Elevation Midtown"],"revenue":9432.149658203125}]},"pricing_consistency":[{"product":"8 PK MAXTABS 800MG - INDOTABS","min_price":110.02945672898065,"max_price":149.51536342075892,"avg_price":130.2574864500557,"std_dev":5.566163611365184,"store_count":12,"price_range":39.48590669177827,"range_pct":30.3},{"product":"5 PK FLOWBAR TABLETS - INDOTABS","min_price":37.39475971943624,"max_price":48.30994009274488,"avg_price":43.24168882751305,"std_dev":1.4467565348911604,"store_count":12,"price_range":10.915180373308647,"range_pct":25.2},{"product":"8 PK MAXTABS - INDOTABS","min_price":117.46607853816104,"max_price":149.644775390625,"avg_price":134.34654326084512,"std_dev":5.4353284842491645,"store_count":12,"price_range":32.17869685246395,"range_pct":24.0},{"product":"5 PK FLOWBAR TABLETS 200MG - INDOTABS","min_price":37.431857201360884,"max_price":46.78444417317708,"avg_price":41.48137130676027,"std_dev":1.3030146491909087,"store_count":12,"price_range":9.352586971816198,"range_pct":22.5},{"product":"15 PK FLOWBAR TABLETS 600MG - INDOTABS","min_price":106.50125122070312,"max_price":133.78446011929898,"avg_price":121.67363063823713,"std_dev":4.334628671848547,"store_count":12,"price_range":27.28320889859587,"range_pct":22.4},{"product":"5 PK 1:1:1 SLOWBAR TABLETS 200MG - INDOTABS","min_price":37.662345980420525,"max_price":46.715282864040795,"avg_price":42.31629419888031,"std_dev":1.2149685010502498,"store_count":12,"price_range":9.05293688362027,"range_pct":21.4},{"product":"5 PK GLOWBAR TABLETS - INDOTABS","min_price":36.83037691338117,"max_price":45.505213825249236,"avg_price":41.88872645970327,"std_dev":1.260246171146185,"store_count":12,"price_range":8.67483691186806,"range_pct":20.7},{"product":"100 PK THC TABLETS - INDOTABS","min_price":89.80999755859375,"max_price":108.42857360839844,"avg_price":96.81008289190106,"std_dev":2.611690342005015,"store_count":12,"price_range":18.61857604980468,"range_pct":19.2},{"product":"5 PK GLOWBAR TABLETS 200MG - INDOTABS","min_price":37.59769381009615,"max_price":45.40500081380208,"avg_price":42.012193694719784,"std_dev":1.2430942065255095,"store_count":12,"price_range":7.807307003705928,"range_pct":18.6},{"product":"15 PK 1:1:1 SLOWBAR TABLETS - INDOTABS","min_price":112.19220842633929,"max_price":134.21078330592104,"avg_price":121.21381828872799,"std_dev":3.3055188271401157,"store_count":12,"price_range":22.018574879581756,"range_pct":18.2},{"product":"15 PK 1:1:1 SLOWBAR TABLETS 600MG - INDOTABS","min_price":111.11143985037076,"max_price":133.21607317243303,"avg_price":122.01567208383544,"std_dev":3.903466305300349,"store_count":12,"price_range":22.104633322062277,"range_pct":18.1},{"product":"15 PK FLOWBAR TABLETS - INDOTABS","min_price":108.76037145543981,"max_price":128.57240354859985,"avg_price":118.47734305507764,"std_dev":3.039477965716958,"store_count":12,"price_range":19.812032093160035,"range_pct":16.7},{"product":"15 PK GLOWBAR TABLETS - INDOTABS","min_price":109.875,"max_price":129.07894736842104,"avg_price":119.64872591913264,"std_dev":2.8786216499484456,"store_count":12,"price_range":19.203947368421037,"range_pct":16.1},{"product":"2 PK MAXTABS - INDOTABS","min_price":32.28388807508681,"max_price":37.3382568359375,"avg_price":35.091636712815635,"std_dev":0.660551682237012,"store_count":12,"price_range":5.054368760850694,"range_pct":14.4},{"product":"30 PK THC TABLETS - INDOTABS","min_price":110.55574159364443,"max_price":127.5,"avg_price":121.43138888616492,"std_dev":2.5348913234545494,"store_count":12,"price_range":16.944258406355566,"range_pct":14.0},{"product":"2 PK MAXTABS 200MG - INDOTABS","min_price":31.42886278105945,"max_price":36.18020237082302,"avg_price":34.166628799166766,"std_dev":0.798255502797531,"store_count":12,"price_range":4.751339589763566,"range_pct":13.9},{"product":"5 PK 1:1:1 SLOWBAR TABLETS - INDOTABS","min_price":39.846136821963924,"max_price":45.560911196304176,"avg_price":42.690796188677346,"std_dev":0.917617271921816,"store_count":12,"price_range":5.714774374340257,"range_pct":13.4},{"product":"10 PK MAXTABS - INDOTABS","min_price":128.14285278320312,"max_price":144.63461068960336,"avg_price":133.41782649113583,"std_dev":3.0998698039264374,"store_count":8,"price_range":16.49175790640024,"range_pct":12.4}],"promotional_effectiveness":{"lift":{"fp_units_per_day":15.32,"disc_units_per_day":24.64,"lift_pct":60.9,"fp_avg_revenue_per_unit":89.925,"disc_avg_revenue_per_unit":64.125},"by_deal":[{"deal_name":"Industry - 30% Off","uses":946,"revenue":76659.56223249435,"discounts":33134.68798279762,"units":2584.0,"cost":47650.0,"margin":37.8,"discount_depth":60.4},{"deal_name":"Industry 30% Off","uses":559,"revenue":58079.42049046357,"discounts":25474.329603115715,"units":1520.3333333333333,"cost":30145.0,"margin":48.1,"discount_depth":61.0},{"deal_name":"AIRO / INDO 30% Off","uses":504,"revenue":59980.387259721756,"discounts":25874.61282849312,"units":1550.0,"cost":29880.0,"margin":50.2,"discount_depth":60.2},{"deal_name":"INDO Carts + Tabs BOGO","uses":499,"revenue":62636.537437438965,"discounts":62030.46251296997,"units":2963.0,"cost":54515.0,"margin":13.0,"discount_depth":99.6},{"deal_name":"Senior - 10% Off","uses":383,"revenue":62404.249856472015,"discounts":7178.249986171722,"units":1353.0,"cost":27842.5,"margin":55.4,"discount_depth":20.6},{"deal_name":"Veterans - 10% Off","uses":222,"revenue":27006.299843788147,"discounts":3005.699984431267,"units":608.0,"cost":12161.25,"margin":55.0,"discount_depth":20.0},{"deal_name":"30% Off Special","uses":158,"revenue":18121.124861240387,"discounts":7862.625081539154,"units":397.0,"cost":9591.25,"margin":47.1,"discount_depth":60.6},{"deal_name":"4/20 2025 - Edibles","uses":147,"revenue":13360.0,"discounts":13542.5,"units":576.0,"cost":11660.0,"margin":12.7,"discount_depth":100.6},{"deal_name":"INDO Tabs / Carts B2G1","uses":121,"revenue":21805.19952774048,"discounts":11422.04993724823,"units":869.0,"cost":14396.25,"margin":34.0,"discount_depth":68.8},{"deal_name":"INDO Carts + Tabs / Topicals BOGO","uses":114,"revenue":13811.49998664856,"discounts":13803.500032424927,"units":640.0,"cost":11970.0,"margin":13.3,"discount_depth":100.0},{"deal_name":"50% Off - G2B","uses":112,"revenue":13012.237499952316,"discounts":13119.012503623962,"units":413.0,"cost":8818.75,"margin":32.2,"discount_depth":100.4},{"deal_name":"Senior / Veterans - 20% Off","uses":108,"revenue":15062.84999370575,"discounts":3921.4000022411346,"units":374.0,"cost":7560.0,"margin":49.8,"discount_depth":41.4},{"deal_name":"4/20 50% Off!!!!","uses":81,"revenue":5694.750003814697,"discounts":5694.750003814697,"units":322.0,"cost":4955.0,"margin":13.0,"discount_depth":100.0},{"deal_name":"Jackpot - Locals 30% Off","uses":68,"revenue":9206.749951839447,"discounts":3945.7500422000885,"units":234.0,"cost":4962.5,"margin":46.1,"discount_depth":60.0},{"deal_name":"Employee 30% - NOT FRIDAYS","uses":68,"revenue":3248.1875133514404,"discounts":1454.3125295639038,"units":151.0,"cost":1952.5,"margin":39.9,"discount_depth":61.8},{"deal_name":"LVAC - 25% Off","uses":46,"revenue":6671.25,"discounts":2223.75,"units":150.0,"cost":3307.5,"margin":50.4,"discount_depth":50.0},{"deal_name":"INDO Carts and Tablets 30% Off","uses":30,"revenue":3253.24999332428,"discounts":1394.2500138282776,"units":94.0,"cost":1632.5,"margin":49.8,"discount_depth":60.0},{"deal_name":"Employee - 40% OFF","uses":27,"revenue":1422.0000290870667,"discounts":947.9999804496765,"units":70.0,"cost":1010.0,"margin":29.0,"discount_depth":80.0},{"deal_name":"Store Credit - $25","uses":11,"revenue":1088.320827682813,"discounts":496.6791717211405,"units":26.333333333333332,"cost":527.5,"margin":51.5,"discount_depth":62.6},{"deal_name":"Store Credit - $15","uses":9,"revenue":667.1249997615814,"discounts":229.12500023841858,"units":15.0,"cost":308.75,"margin":53.7,"discount_depth":51.2}]},"growth_opportunities":[{"type":"distribution","title":"Expand to Elevation Downtown","detail":"Store has $4,526 in TABLET \u2014 categories where INDOTABS competes.","priority":"medium"},{"type":"sku_expansion","title":"Add '10 PK MAXTABS - INDOTABS' to 2 more store(s)","detail":"Carried in 4 stores. Missing from: Elevation Oasis, Elevation Midtown","priority":"medium"}],"trend":[{"period":"2024-01","revenue":35860.27587890625,"cost":17993.75,"margin":49.8,"units":1188,"transactions":720,"profit":17866.524658203125,"revenue_change_pct":null,"units_change_pct":null,"margin_change_pts":null},{"period":"2024-02","revenue":28468.42529296875,"cost":15797.5,"margin":44.5,"units":1246,"transactions":704,"profit":12670.92529296875,"revenue_change_pct":-20.6,"units_change_pct":4.9,"margin_change_pts":-5.3},{"period":"2024-03","revenue":45759.19921875,"cost":25176.25,"margin":45.0,"units":1624,"transactions":872,"profit":20582.94921875,"revenue_change_pct":60.7,"units_change_pct":30.3,"margin_change_pts":0.5},{"period":"2024-04","revenue":38033.173828125,"cost":22200.0,"margin":41.6,"units":1430,"transactions":766,"profit":15833.175048828125,"revenue_change_pct":-16.9,"units_change_pct":-11.9,"margin_change_pts":-3.4},{"period":"2024-05","revenue":33729.47509765625,"cost":18085.0,"margin":46.4,"units":1104,"transactions":662,"profit":15644.47509765625,"revenue_change_pct":-11.3,"units_change_pct":-22.8,"margin_change_pts":4.8},{"period":"2024-06","revenue":48180.3515625,"cost":25813.75,"margin":46.4,"units":1350,"transactions":906,"profit":22366.59912109375,"revenue_change_pct":42.8,"units_change_pct":22.3,"margin_change_pts":0.0},{"period":"2024-07","revenue":48299.599609375,"cost":27345.0,"margin":43.4,"units":1218,"transactions":804,"profit":20954.599609375,"revenue_change_pct":0.2,"units_change_pct":-9.8,"margin_change_pts":-3.0},{"period":"2024-08","revenue":51492.626953125,"cost":28223.75,"margin":45.2,"units":1436,"transactions":892,"profit":23268.87451171875,"revenue_change_pct":6.6,"units_change_pct":17.9,"margin_change_pts":1.8},{"period":"2024-09","revenue":49470.0732421875,"cost":26677.5,"margin":46.1,"units":1314,"transactions":806,"profit":22792.57568359375,"revenue_change_pct":-3.9,"units_change_pct":-8.5,"margin_change_pts":0.9},{"period":"2024-10","revenue":54988.1005859375,"cost":29577.5,"margin":46.2,"units":1508,"transactions":892,"profit":25410.6005859375,"revenue_change_pct":11.2,"units_change_pct":14.8,"margin_change_pts":0.1},{"period":"2024-11","revenue":32553.5009765625,"cost":19175.0,"margin":41.1,"units":834,"transactions":498,"profit":13378.499755859375,"revenue_change_pct":-40.8,"units_change_pct":-44.7,"margin_change_pts":-5.1},{"period":"2024-12","revenue":45782.7734375,"cost":25637.5,"margin":44.0,"units":1298,"transactions":750,"profit":20145.274658203125,"revenue_change_pct":40.6,"units_change_pct":55.6,"margin_change_pts":2.9},{"period":"2025-01","revenue":46458.9013671875,"cost":25005.0,"margin":46.2,"units":1246,"transactions":782,"profit":21453.89892578125,"revenue_change_pct":1.5,"units_change_pct":-4.0,"margin_change_pts":2.2},{"period":"2025-02","revenue":35593.5498046875,"cost":19142.5,"margin":46.2,"units":896,"transactions":524,"profit":16451.0498046875,"revenue_change_pct":-23.4,"units_change_pct":-28.1,"margin_change_pts":0.0},{"period":"2025-03","revenue":38557.64892578125,"cost":21325.0,"margin":44.7,"units":1052,"transactions":662,"profit":17232.650146484375,"revenue_change_pct":8.3,"units_change_pct":17.4,"margin_change_pts":-1.5},{"period":"2025-04","revenue":37586.6748046875,"cost":24055.0,"margin":36.0,"units":1190,"transactions":740,"profit":13531.6748046875,"revenue_change_pct":-2.5,"units_change_pct":13.1,"margin_change_pts":-8.7},{"period":"2025-05","revenue":38970.92529296875,"cost":19260.0,"margin":50.6,"units":958,"transactions":614,"profit":19710.92529296875,"revenue_change_pct":3.7,"units_change_pct":-19.5,"margin_change_pts":14.6},{"period":"2025-06","revenue":32496.875,"cost":15195.0,"margin":53.2,"units":820,"transactions":468,"profit":17301.875,"revenue_change_pct":-16.6,"units_change_pct":-14.4,"margin_change_pts":2.7},{"period":"2025-07","revenue":46073.623046875,"cost":19817.5,"margin":57.0,"units":960,"transactions":658,"profit":26256.12548828125,"revenue_change_pct":41.8,"units_change_pct":17.1,"margin_change_pts":3.7},{"period":"2025-08","revenue":51604.7509765625,"cost":23960.0,"margin":53.6,"units":1234,"transactions":852,"profit":27644.7509765625,"revenue_change_pct":12.0,"units_change_pct":28.5,"margin_change_pts":-3.4},{"period":"2025-09","revenue":48597.5732421875,"cost":20165.0,"margin":58.5,"units":1046,"transactions":676,"profit":28432.57568359375,"revenue_change_pct":-5.8,"units_change_pct":-15.2,"margin_change_pts":4.9},{"period":"2025-10","revenue":44113.22265625,"cost":18480.0,"margin":58.1,"units":1012,"transactions":672,"profit":25633.22509765625,"revenue_change_pct":-9.2,"units_change_pct":-3.3,"margin_change_pts":-0.4},{"period":"2025-11","revenue":52831.025390625,"cost":25932.5,"margin":50.9,"units":1348,"transactions":864,"profit":26898.525390625,"revenue_change_pct":19.8,"units_change_pct":33.2,"margin_change_pts":-7.2},{"period":"2025-12","revenue":38946.57470703125,"cost":15945.0,"margin":59.1,"units":842,"transactions":598,"profit":23001.57470703125,"revenue_change_pct":-26.3,"units_change_pct":-37.5,"margin_change_pts":8.1},{"period":"2026-01","revenue":50331.298828125,"cost":20382.5,"margin":59.5,"units":1068,"transactions":756,"profit":29948.798828125,"revenue_change_pct":29.2,"units_change_pct":26.8,"margin_change_pts":0.4}]}