{"brand":"INDOTABS","date_range":"2024-01-01 00:00:00 to 2026-01-31 00:00:00","period_label":"All Time","summary":{"total_units":29222,"total_revenue":1074780.234375,"total_cost":550367.5,"total_discounts":279339.0234375,"total_profit":524412.734375,"overall_margin":48.79999923706055,"fp_margin":59.0,"disc_margin":40.5,"pct_full_price":44.70000076293945,"avg_discount_rate":20.600000381469727,"fp_revenue":480693.75,"disc_revenue":594086.484375,"unique_customers":9364,"brand":"INDOTABS","date_range":"2024-01-01 00:00:00 to 2026-01-31 00:00:00","months_count":50,"avg_monthly_cost":22014.699999999997,"cost_per_unit":37.675,"primary_category":"TABLET","primary_cat_margin":48.900001525878906,"category_rank":1,"category_total":2,"margin_vs_category":-0.10000000149011612,"velocity_rank":1},"category_breakdown":[{"category_clean":"TABLET","units":29138,"revenue":1069143.046875,"cost":548057.5,"profit":521085.5859375,"discounts":277731.171875,"margin":48.70000076293945,"category_avg_margin":48.900001525878906,"vs_category":-0.2,"rank":1.0,"total_brands":2.0},{"category_clean":"CAPSULES","units":84,"revenue":5637.149658203125,"cost":2310.0,"profit":3327.1499633789062,"discounts":1607.8500366210938,"margin":59.0,"category_avg_margin":58.70000076293945,"vs_category":0.3,"rank":1.0,"total_brands":2.0}],"trend":[{"period":"2024-01","revenue":35860.27587890625,"cost":17993.75,"margin":49.8,"units":1188,"transactions":720,"profit":17866.524658203125,"revenue_change_pct":null,"units_change_pct":null,"margin_change_pts":null},{"period":"2024-02","revenue":28468.42529296875,"cost":15797.5,"margin":44.5,"units":1246,"transactions":704,"profit":12670.92529296875,"revenue_change_pct":-20.6,"units_change_pct":4.9,"margin_change_pts":-5.3},{"period":"2024-03","revenue":45759.19921875,"cost":25176.25,"margin":45.0,"units":1624,"transactions":872,"profit":20582.94921875,"revenue_change_pct":60.7,"units_change_pct":30.3,"margin_change_pts":0.5},{"period":"2024-04","revenue":38033.173828125,"cost":22200.0,"margin":41.6,"units":1430,"transactions":766,"profit":15833.175048828125,"revenue_change_pct":-16.9,"units_change_pct":-11.9,"margin_change_pts":-3.4},{"period":"2024-05","revenue":33729.47509765625,"cost":18085.0,"margin":46.4,"units":1104,"transactions":662,"profit":15644.47509765625,"revenue_change_pct":-11.3,"units_change_pct":-22.8,"margin_change_pts":4.8},{"period":"2024-06","revenue":48180.3515625,"cost":25813.75,"margin":46.4,"units":1350,"transactions":906,"profit":22366.59912109375,"revenue_change_pct":42.8,"units_change_pct":22.3,"margin_change_pts":0.0},{"period":"2024-07","revenue":48299.599609375,"cost":27345.0,"margin":43.4,"units":1218,"transactions":804,"profit":20954.599609375,"revenue_change_pct":0.2,"units_change_pct":-9.8,"margin_change_pts":-3.0},{"period":"2024-08","revenue":51492.626953125,"cost":28223.75,"margin":45.2,"units":1436,"transactions":892,"profit":23268.87451171875,"revenue_change_pct":6.6,"units_change_pct":17.9,"margin_change_pts":1.8},{"period":"2024-09","revenue":49470.0732421875,"cost":26677.5,"margin":46.1,"units":1314,"transactions":806,"profit":22792.57568359375,"revenue_change_pct":-3.9,"units_change_pct":-8.5,"margin_change_pts":0.9},{"period":"2024-10","revenue":54988.1005859375,"cost":29577.5,"margin":46.2,"units":1508,"transactions":892,"profit":25410.6005859375,"revenue_change_pct":11.2,"units_change_pct":14.8,"margin_change_pts":0.1},{"period":"2024-11","revenue":32553.5009765625,"cost":19175.0,"margin":41.1,"units":834,"transactions":498,"profit":13378.499755859375,"revenue_change_pct":-40.8,"units_change_pct":-44.7,"margin_change_pts":-5.1},{"period":"2024-12","revenue":45782.7734375,"cost":25637.5,"margin":44.0,"units":1298,"transactions":750,"profit":20145.274658203125,"revenue_change_pct":40.6,"units_change_pct":55.6,"margin_change_pts":2.9},{"period":"2025-01","revenue":46458.9013671875,"cost":25005.0,"margin":46.2,"units":1246,"transactions":782,"profit":21453.89892578125,"revenue_change_pct":1.5,"units_change_pct":-4.0,"margin_change_pts":2.2},{"period":"2025-02","revenue":35593.5498046875,"cost":19142.5,"margin":46.2,"units":896,"transactions":524,"profit":16451.0498046875,"revenue_change_pct":-23.4,"units_change_pct":-28.1,"margin_change_pts":0.0},{"period":"2025-03","revenue":38557.64892578125,"cost":21325.0,"margin":44.7,"units":1052,"transactions":662,"profit":17232.650146484375,"revenue_change_pct":8.3,"units_change_pct":17.4,"margin_change_pts":-1.5},{"period":"2025-04","revenue":37586.6748046875,"cost":24055.0,"margin":36.0,"units":1190,"transactions":740,"profit":13531.6748046875,"revenue_change_pct":-2.5,"units_change_pct":13.1,"margin_change_pts":-8.7},{"period":"2025-05","revenue":38970.92529296875,"cost":19260.0,"margin":50.6,"units":958,"transactions":614,"profit":19710.92529296875,"revenue_change_pct":3.7,"units_change_pct":-19.5,"margin_change_pts":14.6},{"period":"2025-06","revenue":32496.875,"cost":15195.0,"margin":53.2,"units":820,"transactions":468,"profit":17301.875,"revenue_change_pct":-16.6,"units_change_pct":-14.4,"margin_change_pts":2.7},{"period":"2025-07","revenue":46073.623046875,"cost":19817.5,"margin":57.0,"units":960,"transactions":658,"profit":26256.12548828125,"revenue_change_pct":41.8,"units_change_pct":17.1,"margin_change_pts":3.7},{"period":"2025-08","revenue":51604.7509765625,"cost":23960.0,"margin":53.6,"units":1234,"transactions":852,"profit":27644.7509765625,"revenue_change_pct":12.0,"units_change_pct":28.5,"margin_change_pts":-3.4},{"period":"2025-09","revenue":48597.5732421875,"cost":20165.0,"margin":58.5,"units":1046,"transactions":676,"profit":28432.57568359375,"revenue_change_pct":-5.8,"units_change_pct":-15.2,"margin_change_pts":4.9},{"period":"2025-10","revenue":44113.22265625,"cost":18480.0,"margin":58.1,"units":1012,"transactions":672,"profit":25633.22509765625,"revenue_change_pct":-9.2,"units_change_pct":-3.3,"margin_change_pts":-0.4},{"period":"2025-11","revenue":52831.025390625,"cost":25932.5,"margin":50.9,"units":1348,"transactions":864,"profit":26898.525390625,"revenue_change_pct":19.8,"units_change_pct":33.2,"margin_change_pts":-7.2},{"period":"2025-12","revenue":38946.57470703125,"cost":15945.0,"margin":59.1,"units":842,"transactions":598,"profit":23001.57470703125,"revenue_change_pct":-26.3,"units_change_pct":-37.5,"margin_change_pts":8.1},{"period":"2026-01","revenue":50331.298828125,"cost":20382.5,"margin":59.5,"units":1068,"transactions":756,"profit":29948.798828125,"revenue_change_pct":29.2,"units_change_pct":26.8,"margin_change_pts":0.4}],"share_of_category":[{"category":"TABLET","brand_revenue":1069143.125,"category_revenue":1935723.90625,"revenue_share_pct":55.20000076293945,"brand_units":29138,"category_units":55704,"units_share_pct":52.3},{"category":"CAPSULES","brand_revenue":5637.1502685546875,"category_revenue":5815.650634765625,"revenue_share_pct":96.9000015258789,"brand_units":84,"category_units":96,"units_share_pct":87.5}],"share_of_category_trend":{"TABLET":[{"period":"2024-01","brand_revenue":35860.27587890625,"category_revenue":81429.6484375,"share_pct":44.0},{"period":"2024-02","brand_revenue":28468.42529296875,"category_revenue":74585.44921875,"share_pct":38.20000076293945},{"period":"2024-03","brand_revenue":45759.19921875,"category_revenue":101039.62890625,"share_pct":45.29999923706055},{"period":"2024-04","brand_revenue":38033.173828125,"category_revenue":85444.072265625,"share_pct":44.5},{"period":"2024-05","brand_revenue":33729.47509765625,"category_revenue":80040.7763671875,"share_pct":42.099998474121094},{"period":"2024-06","brand_revenue":48180.3515625,"category_revenue":89357.8515625,"share_pct":53.900001525878906},{"period":"2024-07","brand_revenue":48299.599609375,"category_revenue":83523.75,"share_pct":57.79999923706055},{"period":"2024-08","brand_revenue":51492.626953125,"category_revenue":90648.57421875,"share_pct":56.79999923706055},{"period":"2024-09","brand_revenue":49470.0732421875,"category_revenue":83213.92578125,"share_pct":59.400001525878906},{"period":"2024-10","brand_revenue":54988.1005859375,"category_revenue":87348.876953125,"share_pct":63.0},{"period":"2024-11","brand_revenue":32553.5009765625,"category_revenue":73543.8232421875,"share_pct":44.29999923706055},{"period":"2024-12","brand_revenue":45782.7734375,"category_revenue":74492.67578125,"share_pct":61.5},{"period":"2025-01","brand_revenue":46458.9013671875,"category_revenue":70151.2744140625,"share_pct":66.19999694824219},{"period":"2025-02","brand_revenue":35593.5498046875,"category_revenue":63931.25,"share_pct":55.70000076293945},{"period":"2025-03","brand_revenue":38557.64892578125,"category_revenue":65688.22265625,"share_pct":58.70000076293945},{"period":"2025-04","brand_revenue":37586.6748046875,"category_revenue":72523.92578125,"share_pct":51.79999923706055},{"period":"2025-05","brand_revenue":38970.92529296875,"category_revenue":65624.9755859375,"share_pct":59.400001525878906},{"period":"2025-06","brand_revenue":32496.875,"category_revenue":70010.751953125,"share_pct":46.400001525878906},{"period":"2025-07","brand_revenue":46073.623046875,"category_revenue":72775.498046875,"share_pct":63.29999923706055},{"period":"2025-08","brand_revenue":51604.7509765625,"category_revenue":77913.2763671875,"share_pct":66.19999694824219},{"period":"2025-09","brand_revenue":48597.5732421875,"category_revenue":73371.826171875,"share_pct":66.19999694824219},{"period":"2025-10","brand_revenue":44113.22265625,"category_revenue":74601.6015625,"share_pct":59.099998474121094},{"period":"2025-11","brand_revenue":52831.025390625,"category_revenue":80378.65234375,"share_pct":65.69999694824219},{"period":"2025-12","brand_revenue":35396.6748046875,"category_revenue":62570.4736328125,"share_pct":56.599998474121094},{"period":"2026-01","brand_revenue":48244.0478515625,"category_revenue":81513.173828125,"share_pct":59.20000076293945}],"CAPSULES":[{"period":"2025-03","brand_revenue":0.0,"category_revenue":178.50000381469727,"share_pct":0.0},{"period":"2025-12","brand_revenue":3549.89990234375,"category_revenue":3549.89990234375,"share_pct":100.0},{"period":"2026-01","brand_revenue":2087.2499084472656,"category_revenue":2087.2499084472656,"share_pct":100.0}]},"discount_depth":[{"tier":"0% (Full Price)","transactions":8672,"pct_of_transactions":42.1,"revenue":480693.75,"avg_discount":0.0},{"tier":"1-10%","transactions":1952,"pct_of_transactions":9.5,"revenue":125147.01171875,"avg_discount":19.799999237060547},{"tier":"11-20%","transactions":550,"pct_of_transactions":2.7,"revenue":33689.326171875,"avg_discount":39.400001525878906},{"tier":"21-30%","transactions":462,"pct_of_transactions":2.2,"revenue":29514.775390625,"avg_discount":53.599998474121094},{"tier":"31%+","transactions":2936,"pct_of_transactions":14.3,"revenue":145183.30078125,"avg_discount":97.0}],"velocity":{"units_per_day":38.34,"revenue_per_day":1410.4750061035156,"avg_units_per_txn":3.22,"days_of_data":762,"total_units":29222,"total_transactions":18138},"velocity_by_category":[{"category":"CAPSULES","brand_units_per_day":0.12,"category_avg_units_per_day":0.06,"velocity_index":175.0,"brand_rev_per_unit":53.69,"category_rev_per_unit":48.46,"brands_in_category":2},{"category":"TABLET","brand_units_per_day":38.24,"category_avg_units_per_day":36.56,"velocity_index":104.6,"brand_rev_per_unit":29.35,"category_rev_per_unit":27.8,"brands_in_category":2}],"deals":[{"deal_name":"Industry - 30% Off","times_used":1892,"units":2584.0,"revenue":76659.56223249435,"discounts":33134.68798279762,"cost":47650.0,"profit":29009.562035799026,"pre_discount_revenue":109794.25003051758,"margin":37.8,"avg_discount":60.4},{"deal_name":"Industry 30% Off","times_used":1118,"units":1520.3333333333333,"revenue":58079.42049046357,"discounts":25474.329603115715,"cost":30145.0,"profit":27934.420426140226,"pre_discount_revenue":83553.75,"margin":48.1,"avg_discount":61.0},{"deal_name":"AIRO / INDO 30% Off","times_used":1008,"units":1550.0,"revenue":59980.387259721756,"discounts":25874.61282849312,"cost":29880.0,"profit":30100.387174785137,"pre_discount_revenue":85855.0,"margin":50.2,"avg_discount":60.2},{"deal_name":"INDO Carts + Tabs BOGO","times_used":998,"units":2963.0,"revenue":62636.537437438965,"discounts":62030.46251296997,"cost":54515.0,"profit":8121.537625193596,"pre_discount_revenue":124667.00002670288,"margin":13.0,"avg_discount":99.6},{"deal_name":"Senior - 10% Off","times_used":766,"units":1353.0,"revenue":62404.249856472015,"discounts":7178.249986171722,"cost":27842.5,"profit":34561.74967691302,"pre_discount_revenue":69582.5,"margin":55.4,"avg_discount":20.6},{"deal_name":"Veterans - 10% Off","times_used":444,"units":608.0,"revenue":27006.299843788147,"discounts":3005.699984431267,"cost":12161.25,"profit":14845.04974246025,"pre_discount_revenue":30012.000007629395,"margin":55.0,"avg_discount":20.0},{"deal_name":"30% Off Special","times_used":316,"units":397.0,"revenue":18121.124861240387,"discounts":7862.625081539154,"cost":9591.25,"profit":8529.874918460846,"pre_discount_revenue":25983.75,"margin":47.1,"avg_discount":60.6},{"deal_name":"4/20 2025 - Edibles","times_used":294,"units":576.0,"revenue":13360.0,"discounts":13542.5,"cost":11660.0,"profit":1700.0,"pre_discount_revenue":26902.5,"margin":12.7,"avg_discount":100.6},{"deal_name":"INDO Tabs / Carts B2G1","times_used":242,"units":869.0,"revenue":21805.19952774048,"discounts":11422.04993724823,"cost":14396.25,"profit":7408.949922323227,"pre_discount_revenue":33227.2500038147,"margin":34.0,"avg_discount":68.8},{"deal_name":"INDO Carts + Tabs / Topicals BOGO","times_used":228,"units":640.0,"revenue":13811.49998664856,"discounts":13803.500032424927,"cost":11970.0,"profit":1841.5000247955322,"pre_discount_revenue":27615.0,"margin":13.3,"avg_discount":100.0},{"deal_name":"50% Off - G2B","times_used":224,"units":413.0,"revenue":13012.237499952316,"discounts":13119.012503623962,"cost":8818.75,"profit":4193.487499952316,"pre_discount_revenue":26131.25,"margin":32.2,"avg_discount":100.4},{"deal_name":"Senior / Veterans - 20% Off","times_used":216,"units":374.0,"revenue":15062.84999370575,"discounts":3921.4000022411346,"cost":7560.0,"profit":7502.8500735759735,"pre_discount_revenue":18984.25000190735,"margin":49.8,"avg_discount":41.4},{"deal_name":"4/20 50% Off!!!!","times_used":162,"units":322.0,"revenue":5694.750003814697,"discounts":5694.750003814697,"cost":4955.0,"profit":739.750000834465,"pre_discount_revenue":11389.500007629395,"margin":13.0,"avg_discount":100.0},{"deal_name":"Jackpot - Locals 30% Off","times_used":136,"units":234.0,"revenue":9206.749951839447,"discounts":3945.7500422000885,"cost":4962.5,"profit":4244.249960184097,"pre_discount_revenue":13152.5,"margin":46.1,"avg_discount":60.0},{"deal_name":"Employee 30% - NOT FRIDAYS","times_used":136,"units":151.0,"revenue":3248.1875133514404,"discounts":1454.3125295639038,"cost":1952.5,"profit":1295.6874700263143,"pre_discount_revenue":4702.5,"margin":39.9,"avg_discount":61.8},{"deal_name":"LVAC - 25% Off","times_used":92,"units":150.0,"revenue":6671.25,"discounts":2223.75,"cost":3307.5,"profit":3363.75,"pre_discount_revenue":8895.0,"margin":50.4,"avg_discount":50.0},{"deal_name":"INDO Carts and Tablets 30% Off","times_used":60,"units":94.0,"revenue":3253.24999332428,"discounts":1394.2500138282776,"cost":1632.5,"profit":1620.7499861717224,"pre_discount_revenue":4647.5,"margin":49.8,"avg_discount":60.0},{"deal_name":"Employee - 40% OFF","times_used":54,"units":70.0,"revenue":1422.0000290870667,"discounts":947.9999804496765,"cost":1010.0,"profit":411.99999272823334,"pre_discount_revenue":2370.0,"margin":29.0,"avg_discount":80.0},{"deal_name":"Store Credit - $25","times_used":22,"units":26.333333333333332,"revenue":1088.320827682813,"discounts":496.6791717211405,"cost":527.5,"profit":560.8208313087622,"pre_discount_revenue":1585.0,"margin":51.5,"avg_discount":62.6},{"deal_name":"Store Credit - $15","times_used":18,"units":15.0,"revenue":667.1249997615814,"discounts":229.12500023841858,"cost":308.75,"profit":358.37500005960464,"pre_discount_revenue":896.25,"margin":53.7,"avg_discount":51.2},{"deal_name":"Reno - Early Bird - Senior / Veterans - 20%","times_used":8,"units":8.0,"revenue":167.99999237060547,"discounts":41.99999809265137,"cost":70.0,"profit":98.00000190734863,"pre_discount_revenue":210.0,"margin":58.3,"avg_discount":40.0},{"deal_name":"30% Off Special!","times_used":8,"units":12.0,"revenue":630.0,"discounts":270.0,"cost":390.0,"profit":240.0,"pre_discount_revenue":900.0,"margin":38.1,"avg_discount":60.0},{"deal_name":"Medical - 10%","times_used":6,"units":6.0,"revenue":249.7499942779541,"discounts":27.74999976158142,"cost":90.0,"profit":159.7499942779541,"pre_discount_revenue":277.5,"margin":64.0,"avg_discount":20.0},{"deal_name":"Store Credit - $100","times_used":4,"units":5.333333333333333,"revenue":236.8583329518636,"discounts":208.1416670481364,"cost":145.0,"profit":91.85833419362703,"pre_discount_revenue":445.0,"margin":38.8,"avg_discount":93.6},{"deal_name":"Store Credit - $50","times_used":4,"units":5.0,"revenue":60.299999713897705,"discounts":70.9500002861023,"cost":43.75,"profit":16.55000016093254,"pre_discount_revenue":131.25,"margin":27.4,"avg_discount":108.2},{"deal_name":"Store Credit - $75","times_used":4,"units":2.0,"revenue":39.46250081062317,"discounts":93.03750038146973,"cost":47.5,"profit":-8.037500083446503,"pre_discount_revenue":132.5,"margin":-20.4,"avg_discount":140.4},{"deal_name":"Veterans Day - 30% Off For Veterans!","times_used":4,"units":4.0,"revenue":141.74999952316284,"discounts":60.75000047683716,"cost":87.5,"profit":54.24999952316284,"pre_discount_revenue":202.5,"margin":38.3,"avg_discount":60.0},{"deal_name":"Senior Sunday - SAHARA ONLY - 20% Off","times_used":2,"units":4.0,"revenue":240.0,"discounts":60.0,"cost":130.0,"profit":110.0,"pre_discount_revenue":300.0,"margin":45.8,"avg_discount":40.0},{"deal_name":"35% Off Special","times_used":2,"units":2.0,"revenue":97.5,"discounts":52.5,"cost":52.5,"profit":45.0,"pre_discount_revenue":150.0,"margin":46.2,"avg_discount":70.0}],"top_products":[{"product":"15 PK 1:1:1 SLOWBAR TABLETS - INDOTABS","units":2618,"revenue":158835.09765625,"cost":80185.0,"profit":78650.09765625,"transactions":1946,"margin":49.5},{"product":"15 PK FLOWBAR TABLETS - INDOTABS","units":2410,"revenue":142789.873046875,"cost":75470.0,"profit":67319.873046875,"transactions":1864,"margin":47.099998474121094},{"product":"8 PK MAXTABS - INDOTABS","units":1912,"revenue":127974.228515625,"cost":58915.0,"profit":69059.2236328125,"transactions":1310,"margin":54.0},{"product":"8 PK MAXTABS 800MG - INDOTABS","units":1754,"revenue":114212.12890625,"cost":65756.25,"profit":48455.8740234375,"transactions":1134,"margin":42.400001525878906},{"product":"2 PK MAXTABS 200MG - INDOTABS","units":4032,"revenue":68610.80078125,"cost":40320.0,"profit":28290.80078125,"transactions":2058,"margin":41.20000076293945},{"product":"5 PK 1:1:1 SLOWBAR TABLETS - INDOTABS","units":2716,"revenue":58348.1005859375,"cost":28825.0,"profit":29523.1005859375,"transactions":2088,"margin":50.599998474121094},{"product":"5 PK GLOWBAR TABLETS - INDOTABS","units":2776,"revenue":58327.0263671875,"cost":29445.0,"profit":28882.02392578125,"transactions":1962,"margin":49.5},{"product":"5 PK FLOWBAR TABLETS - INDOTABS","units":2656,"revenue":57572.900390625,"cost":28442.5,"profit":29130.400390625,"transactions":2156,"margin":50.599998474121094},{"product":"15 PK 1:1:1 SLOWBAR TABLETS 600MG - INDOTABS","units":782,"revenue":46411.6748046875,"cost":25415.0,"profit":20996.6748046875,"transactions":612,"margin":45.20000076293945},{"product":"30 PK THC TABLETS - INDOTABS","units":672,"revenue":40536.12548828125,"cost":16800.0,"profit":23736.12548828125,"transactions":516,"margin":58.599998474121094},{"product":"15 PK GLOWBAR TABLETS - INDOTABS","units":584,"revenue":35154.150390625,"cost":15292.5,"profit":19861.650390625,"transactions":476,"margin":56.5},{"product":"15 PK FLOWBAR TABLETS 600MG - INDOTABS","units":524,"revenue":31590.576171875,"cost":16233.75,"profit":15356.824951171875,"transactions":408,"margin":48.599998474121094},{"product":"2 PK MAXTABS - INDOTABS","units":1746,"revenue":30933.00048828125,"cost":16342.5,"profit":14590.50048828125,"transactions":1128,"margin":47.20000076293945},{"product":"5 PK 1:1:1 SLOWBAR TABLETS 200MG - INDOTABS","units":1286,"revenue":26798.1005859375,"cost":14242.5,"profit":12555.599365234375,"transactions":954,"margin":46.900001525878906},{"product":"5 PK GLOWBAR TABLETS 200MG - INDOTABS","units":1208,"revenue":25121.25,"cost":13590.0,"profit":11531.25,"transactions":832,"margin":45.900001525878906},{"product":"100 PK THC TABLETS - INDOTABS","units":460,"revenue":21798.5498046875,"cost":10330.0,"profit":11468.5498046875,"transactions":346,"margin":52.599998474121094},{"product":"5 PK FLOWBAR TABLETS 200MG - INDOTABS","units":904,"revenue":18743.00048828125,"cost":10170.0,"profit":8572.999877929688,"transactions":648,"margin":45.70000076293945},{"product":"10 PK MAXTABS - INDOTABS","units":142,"revenue":9432.149658203125,"cost":3905.0,"profit":5527.149658203125,"transactions":130,"margin":58.599998474121094},{"product":"15 PK SLOWBAR TABLETS 600MG - INDOTABS","units":20,"revenue":1245.0,"cost":487.5,"profit":757.5,"transactions":18,"margin":60.79999923706055},{"product":"2 PK THC TABLETS 200MG - INDOTABS","units":20,"revenue":346.4999771118164,"cost":200.0,"profit":146.49999618530273,"transactions":8,"margin":42.29999923706055}],"products_by_store":{"Elevation Springs":[{"product":"15 PK 1:1:1 SLOWBAR TABLETS - INDOTABS","units":796,"revenue":48389.1748046875,"cost":23995.0,"profit":24394.1748046875,"transactions":616,"margin":50.400001525878906},{"product":"8 PK MAXTABS - INDOTABS","units":498,"revenue":30661.35009765625,"cost":14820.0,"profit":15841.35009765625,"transactions":362,"margin":51.70000076293945},{"product":"15 PK FLOWBAR TABLETS - INDOTABS","units":488,"revenue":28660.10009765625,"cost":15347.5,"profit":13312.60009765625,"transactions":400,"margin":46.400001525878906},{"product":"8 PK MAXTABS 800MG - INDOTABS","units":384,"revenue":24733.076171875,"cost":14400.0,"profit":10333.074951171875,"transactions":248,"margin":41.79999923706055},{"product":"2 PK MAXTABS 200MG - INDOTABS","units":1166,"revenue":19339.825439453125,"cost":11660.0,"profit":7679.8248291015625,"transactions":568,"margin":39.70000076293945},{"product":"5 PK FLOWBAR TABLETS - INDOTABS","units":626,"revenue":13681.400146484375,"cost":6767.5,"profit":6913.900146484375,"transactions":566,"margin":50.5},{"product":"5 PK GLOWBAR TABLETS - INDOTABS","units":598,"revenue":12558.900146484375,"cost":6457.5,"profit":6101.400146484375,"transactions":452,"margin":48.599998474121094},{"product":"5 PK 1:1:1 SLOWBAR TABLETS - INDOTABS","units":572,"revenue":12210.350341796875,"cost":6160.0,"profit":6050.3497314453125,"transactions":478,"margin":49.599998474121094},{"product":"15 PK 1:1:1 SLOWBAR TABLETS 600MG - INDOTABS","units":182,"revenue":11400.050048828125,"cost":5915.0,"profit":5485.050048828125,"transactions":158,"margin":48.099998474121094},{"product":"5 PK 1:1:1 SLOWBAR TABLETS 200MG - INDOTABS","units":486,"revenue":10020.225219726562,"cost":5467.5,"profit":4552.724914550781,"transactions":374,"margin":45.400001525878906},{"product":"5 PK GLOWBAR TABLETS 200MG - INDOTABS","units":384,"revenue":8172.17529296875,"cost":4320.0,"profit":3852.1749877929688,"transactions":296,"margin":47.099998474121094},{"product":"2 PK MAXTABS - INDOTABS","units":366,"revenue":6472.9998779296875,"cost":3447.5,"profit":3025.4998779296875,"transactions":246,"margin":46.70000076293945},{"product":"15 PK GLOWBAR TABLETS - INDOTABS","units":110,"revenue":6413.2501220703125,"cost":2887.5,"profit":3525.7501220703125,"transactions":100,"margin":55.0},{"product":"5 PK FLOWBAR TABLETS 200MG - INDOTABS","units":296,"revenue":6289.024658203125,"cost":3330.0,"profit":2959.0249633789062,"transactions":222,"margin":47.099998474121094},{"product":"30 PK THC TABLETS - INDOTABS","units":104,"revenue":6227.5,"cost":2600.0,"profit":3627.5,"transactions":96,"margin":58.20000076293945}],"Elevation Mesa":[{"product":"15 PK FLOWBAR TABLETS - INDOTABS","units":590,"revenue":33111.826171875,"cost":18632.5,"profit":14479.324951171875,"transactions":474,"margin":43.70000076293945},{"product":"15 PK 1:1:1 SLOWBAR TABLETS - INDOTABS","units":536,"revenue":31637.900390625,"cost":16845.0,"profit":14792.900390625,"transactions":370,"margin":46.79999923706055},{"product":"8 PK MAXTABS - INDOTABS","units":358,"revenue":22652.32421875,"cost":11845.0,"profit":10807.325439453125,"transactions":230,"margin":47.70000076293945},{"product":"8 PK MAXTABS 800MG - INDOTABS","units":286,"revenue":18097.125244140625,"cost":10725.0,"profit":7372.1246337890625,"transactions":184,"margin":40.70000076293945},{"product":"2 PK MAXTABS 200MG - INDOTABS","units":980,"revenue":16026.600341796875,"cost":9800.0,"profit":6226.5997314453125,"transactions":412,"margin":38.900001525878906},{"product":"15 PK 1:1:1 SLOWBAR TABLETS 600MG - INDOTABS","units":268,"revenue":14925.799560546875,"cost":8710.0,"profit":6215.8001708984375,"transactions":198,"margin":41.599998474121094},{"product":"5 PK 1:1:1 SLOWBAR TABLETS - INDOTABS","units":564,"revenue":11337.325439453125,"cost":6045.0,"profit":5292.3248291015625,"transactions":416,"margin":46.70000076293945},{"product":"5 PK FLOWBAR TABLETS - INDOTABS","units":484,"revenue":10119.7998046875,"cost":5175.0,"profit":4944.7998046875,"transactions":382,"margin":48.900001525878906},{"product":"5 PK GLOWBAR TABLETS - INDOTABS","units":478,"revenue":9494.774780273438,"cost":5067.5,"profit":4427.275085449219,"transactions":296,"margin":46.599998474121094},{"product":"15 PK FLOWBAR TABLETS 600MG - INDOTABS","units":144,"revenue":8317.725219726562,"cost":4485.0,"profit":3832.7249145507812,"transactions":114,"margin":46.099998474121094},{"product":"30 PK THC TABLETS - INDOTABS","units":148,"revenue":8181.1248779296875,"cost":3700.0,"profit":4481.1248779296875,"transactions":116,"margin":54.79999923706055},{"product":"5 PK 1:1:1 SLOWBAR TABLETS 200MG - INDOTABS","units":252,"revenue":5209.47509765625,"cost":2722.5,"profit":2486.9749450683594,"transactions":188,"margin":47.70000076293945},{"product":"2 PK MAXTABS - INDOTABS","units":300,"revenue":5197.5750732421875,"cost":2875.0,"profit":2322.574920654297,"transactions":190,"margin":44.70000076293945},{"product":"100 PK THC TABLETS - INDOTABS","units":110,"revenue":4939.5501708984375,"cost":2475.0,"profit":2464.550018310547,"transactions":78,"margin":49.900001525878906},{"product":"5 PK GLOWBAR TABLETS 200MG - INDOTABS","units":260,"revenue":4887.699890136719,"cost":2925.0,"profit":1962.7000427246094,"transactions":146,"margin":40.20000076293945}],"Elevation Oasis":[{"product":"15 PK 1:1:1 SLOWBAR TABLETS - INDOTABS","units":592,"revenue":37580.30029296875,"cost":17927.5,"profit":19652.80029296875,"transactions":430,"margin":52.29999923706055},{"product":"15 PK FLOWBAR TABLETS - INDOTABS","units":528,"revenue":33188.02490234375,"cost":16197.5,"profit":16990.52490234375,"transactions":352,"margin":51.20000076293945},{"product":"8 PK MAXTABS - INDOTABS","units":412,"revenue":30826.82373046875,"cost":12635.0,"profit":18191.824951171875,"transactions":280,"margin":59.0},{"product":"8 PK MAXTABS 800MG - INDOTABS","units":382,"revenue":27137.275390625,"cost":14325.0,"profit":12812.275390625,"transactions":276,"margin":47.20000076293945},{"product":"30 PK THC TABLETS - INDOTABS","units":292,"revenue":18185.0,"cost":7300.0,"profit":10885.0,"transactions":196,"margin":59.900001525878906},{"product":"5 PK GLOWBAR TABLETS - INDOTABS","units":676,"revenue":14853.050537109375,"cost":7045.0,"profit":7808.0499267578125,"transactions":456,"margin":52.599998474121094},{"product":"5 PK 1:1:1 SLOWBAR TABLETS - INDOTABS","units":646,"revenue":14716.175537109375,"cost":6792.5,"profit":7923.6749267578125,"transactions":448,"margin":53.79999923706055},{"product":"15 PK GLOWBAR TABLETS - INDOTABS","units":230,"revenue":13976.97509765625,"cost":6037.5,"profit":7939.47509765625,"transactions":168,"margin":56.79999923706055},{"product":"5 PK FLOWBAR TABLETS - INDOTABS","units":506,"revenue":10920.6005859375,"cost":5352.5,"profit":5568.0999755859375,"transactions":350,"margin":51.0},{"product":"2 PK MAXTABS 200MG - INDOTABS","units":534,"revenue":9630.850219726562,"cost":5340.0,"profit":4290.849914550781,"transactions":358,"margin":44.599998474121094},{"product":"100 PK THC TABLETS - INDOTABS","units":196,"revenue":9384.000244140625,"cost":4410.0,"profit":4973.999938964844,"transactions":150,"margin":53.0},{"product":"2 PK MAXTABS - INDOTABS","units":396,"revenue":7392.974853515625,"cost":3675.0,"profit":3717.974853515625,"transactions":268,"margin":50.29999923706055},{"product":"15 PK FLOWBAR TABLETS 600MG - INDOTABS","units":96,"revenue":6225.1251220703125,"cost":3120.0,"profit":3105.1251220703125,"transactions":68,"margin":49.900001525878906},{"product":"15 PK 1:1:1 SLOWBAR TABLETS 600MG - INDOTABS","units":100,"revenue":5955.150146484375,"cost":3250.0,"profit":2705.150146484375,"transactions":74,"margin":45.400001525878906},{"product":"5 PK GLOWBAR TABLETS 200MG - INDOTABS","units":150,"revenue":3405.3750610351562,"cost":1687.5,"profit":1717.8750610351562,"transactions":112,"margin":50.400001525878906}],"Elevation Midtown":[{"product":"8 PK MAXTABS 800MG - INDOTABS","units":394,"revenue":24536.10107421875,"cost":14775.0,"profit":9761.099853515625,"transactions":244,"margin":39.79999923706055},{"product":"8 PK MAXTABS - INDOTABS","units":268,"revenue":19611.25,"cost":7995.0,"profit":11616.25,"transactions":174,"margin":59.20000076293945},{"product":"15 PK 1:1:1 SLOWBAR TABLETS - INDOTABS","units":308,"revenue":17277.60009765625,"cost":9360.0,"profit":7917.60009765625,"transactions":254,"margin":45.79999923706055},{"product":"15 PK FLOWBAR TABLETS - INDOTABS","units":226,"revenue":13347.125244140625,"cost":7170.0,"profit":6177.125244140625,"transactions":178,"margin":46.29999923706055},{"product":"2 PK MAXTABS 200MG - INDOTABS","units":702,"revenue":12439.375,"cost":7020.0,"profit":5419.375,"transactions":370,"margin":43.599998474121094},{"product":"5 PK 1:1:1 SLOWBAR TABLETS - INDOTABS","units":464,"revenue":10333.64990234375,"cost":4820.0,"profit":5513.64990234375,"transactions":378,"margin":53.400001525878906},{"product":"5 PK FLOWBAR TABLETS - INDOTABS","units":402,"revenue":9055.675048828125,"cost":4147.5,"profit":4908.175048828125,"transactions":346,"margin":54.20000076293945},{"product":"5 PK GLOWBAR TABLETS - INDOTABS","units":354,"revenue":7668.125,"cost":3657.5,"profit":4010.625,"transactions":268,"margin":52.29999923706055},{"product":"2 PK MAXTABS - INDOTABS","units":354,"revenue":6326.8499755859375,"cost":3285.0,"profit":3041.8499755859375,"transactions":206,"margin":48.099998474121094},{"product":"15 PK 1:1:1 SLOWBAR TABLETS 600MG - INDOTABS","units":84,"revenue":5595.0750732421875,"cost":2730.0,"profit":2865.0750732421875,"transactions":62,"margin":51.20000076293945},{"product":"5 PK 1:1:1 SLOWBAR TABLETS 200MG - INDOTABS","units":184,"revenue":4037.5250244140625,"cost":2070.0,"profit":1967.5250244140625,"transactions":136,"margin":48.70000076293945},{"product":"15 PK GLOWBAR TABLETS - INDOTABS","units":56,"revenue":3525.1748657226562,"cost":1470.0,"profit":2055.175018310547,"transactions":54,"margin":58.29999923706055},{"product":"15 PK FLOWBAR TABLETS 600MG - INDOTABS","units":50,"revenue":3240.050048828125,"cost":1625.0,"profit":1615.050048828125,"transactions":42,"margin":49.79999923706055},{"product":"30 PK THC TABLETS - INDOTABS","units":44,"revenue":2790.0,"cost":1100.0,"profit":1690.0,"transactions":32,"margin":60.599998474121094},{"product":"5 PK FLOWBAR TABLETS 200MG - INDOTABS","units":138,"revenue":2677.8250122070312,"cost":1552.5,"profit":1125.3250122070312,"transactions":94,"margin":42.0}],"Elevation Boulevard":[{"product":"15 PK FLOWBAR TABLETS - INDOTABS","units":270,"revenue":14682.650146484375,"cost":8650.0,"profit":6032.650146484375,"transactions":218,"margin":41.099998474121094},{"product":"8 PK MAXTABS - INDOTABS","units":208,"revenue":12216.474609375,"cost":6270.0,"profit":5946.474609375,"transactions":154,"margin":48.70000076293945},{"product":"15 PK 1:1:1 SLOWBAR TABLETS - INDOTABS","units":196,"revenue":11200.10009765625,"cost":6045.0,"profit":5155.10009765625,"transactions":142,"margin":46.0},{"product":"8 PK MAXTABS 800MG - INDOTABS","units":168,"revenue":9242.474975585938,"cost":6300.0,"profit":2942.4749755859375,"transactions":82,"margin":31.799999237060547},{"product":"15 PK 1:1:1 SLOWBAR TABLETS 600MG - INDOTABS","units":118,"revenue":6555.574951171875,"cost":3835.0,"profit":2720.574951171875,"transactions":100,"margin":41.5},{"product":"5 PK GLOWBAR TABLETS - INDOTABS","units":344,"revenue":6334.8248291015625,"cost":3695.0,"profit":2639.8248291015625,"transactions":266,"margin":41.70000076293945},{"product":"5 PK FLOWBAR TABLETS - INDOTABS","units":296,"revenue":5534.425048828125,"cost":3310.0,"profit":2224.4248962402344,"transactions":250,"margin":40.20000076293945},{"product":"5 PK 1:1:1 SLOWBAR TABLETS - INDOTABS","units":246,"revenue":4901.075134277344,"cost":2582.5,"profit":2318.574981689453,"transactions":196,"margin":47.29999923706055},{"product":"15 PK FLOWBAR TABLETS 600MG - INDOTABS","units":80,"revenue":4597.60009765625,"cost":2600.0,"profit":1997.5999450683594,"transactions":58,"margin":43.400001525878906},{"product":"2 PK MAXTABS 200MG - INDOTABS","units":246,"revenue":3865.7501220703125,"cost":2460.0,"profit":1405.7499694824219,"transactions":128,"margin":36.400001525878906},{"product":"5 PK GLOWBAR TABLETS 200MG - INDOTABS","units":172,"revenue":3343.4750366210938,"cost":1935.0,"profit":1408.4750366210938,"transactions":112,"margin":42.099998474121094},{"product":"5 PK 1:1:1 SLOWBAR TABLETS 200MG - INDOTABS","units":162,"revenue":3050.6500244140625,"cost":1822.5,"profit":1228.1500244140625,"transactions":114,"margin":40.29999923706055},{"product":"30 PK THC TABLETS - INDOTABS","units":50,"revenue":2985.0,"cost":1250.0,"profit":1735.0,"transactions":44,"margin":58.099998474121094},{"product":"2 PK MAXTABS - INDOTABS","units":180,"revenue":2905.5499267578125,"cost":1635.0,"profit":1270.5500030517578,"transactions":110,"margin":43.70000076293945},{"product":"5 PK FLOWBAR TABLETS 200MG - INDOTABS","units":124,"revenue":2320.7749938964844,"cost":1395.0,"profit":925.7749938964844,"transactions":92,"margin":39.900001525878906}],"Elevation Parkway":[{"product":"15 PK FLOWBAR TABLETS - INDOTABS","units":308,"revenue":19800.150146484375,"cost":9472.5,"profit":10327.650146484375,"transactions":242,"margin":52.20000076293945},{"product":"15 PK 1:1:1 SLOWBAR TABLETS - INDOTABS","units":190,"revenue":12750.0244140625,"cost":6012.5,"profit":6737.5250244140625,"transactions":134,"margin":52.79999923706055},{"product":"8 PK MAXTABS - INDOTABS","units":168,"revenue":12005.999755859375,"cost":5350.0,"profit":6655.999755859375,"transactions":110,"margin":55.400001525878906},{"product":"8 PK MAXTABS 800MG - INDOTABS","units":140,"revenue":10466.075439453125,"cost":5231.25,"profit":5234.8248291015625,"transactions":100,"margin":50.0},{"product":"5 PK FLOWBAR TABLETS - INDOTABS","units":342,"revenue":8260.999755859375,"cost":3690.0,"profit":4571.000061035156,"transactions":262,"margin":55.29999923706055},{"product":"5 PK GLOWBAR TABLETS - INDOTABS","units":326,"revenue":7417.349853515625,"cost":3522.5,"profit":3894.849853515625,"transactions":224,"margin":52.5},{"product":"2 PK MAXTABS 200MG - INDOTABS","units":404,"revenue":7308.4002685546875,"cost":4040.0,"profit":3268.3999633789062,"transactions":222,"margin":44.70000076293945},{"product":"15 PK FLOWBAR TABLETS 600MG - INDOTABS","units":74,"revenue":4950.0250244140625,"cost":1803.75,"profit":3146.2750244140625,"transactions":62,"margin":63.599998474121094},{"product":"15 PK GLOWBAR TABLETS - INDOTABS","units":76,"revenue":4905.0,"cost":1995.0,"profit":2910.0,"transactions":58,"margin":59.29999923706055},{"product":"5 PK 1:1:1 SLOWBAR TABLETS - INDOTABS","units":224,"revenue":4849.525146484375,"cost":2425.0,"profit":2424.5249938964844,"transactions":172,"margin":50.0},{"product":"5 PK GLOWBAR TABLETS 200MG - INDOTABS","units":140,"revenue":3107.3501586914062,"cost":1575.0,"profit":1532.3500061035156,"transactions":86,"margin":49.29999923706055},{"product":"2 PK MAXTABS - INDOTABS","units":150,"revenue":2637.0501708984375,"cost":1425.0,"profit":1212.0500183105469,"transactions":108,"margin":46.0},{"product":"30 PK THC TABLETS - INDOTABS","units":34,"revenue":2167.5,"cost":850.0,"profit":1317.5,"transactions":32,"margin":60.79999923706055},{"product":"5 PK FLOWBAR TABLETS 200MG - INDOTABS","units":90,"revenue":2105.2999877929688,"cost":1012.5,"profit":1092.7999877929688,"transactions":62,"margin":51.900001525878906},{"product":"15 PK 1:1:1 SLOWBAR TABLETS 600MG - INDOTABS","units":30,"revenue":1980.0250244140625,"cost":975.0,"profit":1005.0250244140625,"transactions":20,"margin":50.79999923706055}]},"store_summary":[{"store_clean":"Elevation Springs","units":7252,"revenue":255868.33984375,"cost":133045.0,"profit":122823.349609375,"discounts":72593.9013671875,"margin":48.0,"discount_rate":22.100000381469727},{"store_clean":"Elevation Oasis","units":5956,"revenue":248034.90234375,"cost":117570.0,"profit":130464.90234375,"discounts":48172.8515625,"margin":52.599998474121094,"discount_rate":16.299999237060547},{"store_clean":"Elevation Mesa","units":6046,"revenue":214972.71484375,"cost":117122.5,"profit":97850.224609375,"discounts":69657.0263671875,"margin":45.5,"discount_rate":24.5},{"store_clean":"Elevation Midtown","units":4172,"revenue":146713.57421875,"cost":74870.0,"profit":71843.57421875,"discounts":33323.92578125,"margin":49.0,"discount_rate":18.5},{"store_clean":"Elevation Parkway","units":2842,"revenue":111035.771484375,"cost":51910.0,"profit":59125.7763671875,"discounts":18175.975341796875,"margin":53.20000076293945,"discount_rate":14.100000381469727},{"store_clean":"Elevation Boulevard","units":2954,"revenue":98154.90234375,"cost":55850.0,"profit":42304.8974609375,"discounts":37415.34912109375,"margin":43.099998474121094,"discount_rate":27.600000381469727}],"recommendations":[{"severity":"info","title":"VOLUME LEVERAGE","detail":"$429,912 revenue provides negotiating leverage.","action":"Use volume as leverage in next vendor meeting."}],"comparison":null}