{"brand":"ELEMENT","date_range":"2024-01-01 00:00:00 to 2026-01-31 00:00:00","period_label":"All Time","summary":{"total_units":262,"total_revenue":640.5000305175781,"total_cost":214.7749900817871,"total_discounts":79.49999809265137,"total_profit":425.7249450683594,"overall_margin":66.5,"fp_margin":70.4000015258789,"disc_margin":55.099998474121094,"pct_full_price":74.19999694824219,"avg_discount_rate":11.0,"fp_revenue":475.0,"disc_revenue":165.5000114440918,"unique_customers":222,"brand":"ELEMENT","date_range":"2024-01-01 00:00:00 to 2026-01-31 00:00:00","months_count":30,"avg_monthly_cost":14.325000000000001,"cost_per_unit":1.6500000000000001,"primary_category":"ACCESSORY","primary_cat_margin":61.099998474121094,"category_rank":59,"category_total":136,"margin_vs_category":5.400000095367432,"velocity_rank":23},"category_breakdown":[{"category_clean":"ACCESSORY","units":262,"revenue":640.5000305175781,"cost":214.77500915527344,"profit":425.7250213623047,"discounts":79.50000286102295,"margin":66.5,"category_avg_margin":61.099998474121094,"vs_category":5.4,"rank":59.0,"total_brands":136.0}],"trend":[{"period":"2024-11","revenue":37.5,"cost":9.624999761581421,"margin":74.3,"units":10,"transactions":10,"profit":27.874999046325684,"revenue_change_pct":null,"units_change_pct":null,"margin_change_pts":null},{"period":"2024-12","revenue":47.5,"cost":13.47499966621399,"margin":71.6,"units":16,"transactions":16,"profit":34.025001525878906,"revenue_change_pct":26.7,"units_change_pct":60.0,"margin_change_pts":-2.7},{"period":"2025-01","revenue":45.0,"cost":12.400000095367432,"margin":72.4,"units":14,"transactions":14,"profit":32.59999990463257,"revenue_change_pct":-5.3,"units_change_pct":-12.5,"margin_change_pts":0.8},{"period":"2025-02","revenue":43.24999809265137,"cost":13.700000047683716,"margin":68.3,"units":16,"transactions":16,"profit":29.549999237060547,"revenue_change_pct":-3.9,"units_change_pct":14.3,"margin_change_pts":-4.1},{"period":"2025-03","revenue":49.000000953674316,"cost":16.25,"margin":66.8,"units":20,"transactions":18,"profit":32.750000953674316,"revenue_change_pct":13.3,"units_change_pct":25.0,"margin_change_pts":-1.5},{"period":"2025-04","revenue":34.49999809265137,"cost":11.549999713897705,"margin":66.5,"units":14,"transactions":12,"profit":22.950000762939453,"revenue_change_pct":-29.6,"units_change_pct":-30.0,"margin_change_pts":-0.3},{"period":"2025-05","revenue":25.0,"cost":6.850000023841858,"margin":72.6,"units":8,"transactions":8,"profit":18.15000057220459,"revenue_change_pct":-27.5,"units_change_pct":-42.9,"margin_change_pts":6.1},{"period":"2025-06","revenue":12.5,"cost":3.425000011920929,"margin":72.6,"units":4,"transactions":4,"profit":9.075000286102295,"revenue_change_pct":-50.0,"units_change_pct":-50.0,"margin_change_pts":0.0},{"period":"2025-07","revenue":12.999999523162842,"cost":5.099999904632568,"margin":60.8,"units":6,"transactions":4,"profit":7.900000214576721,"revenue_change_pct":4.0,"units_change_pct":50.0,"margin_change_pts":-11.8},{"period":"2025-08","revenue":35.49999952316284,"cost":12.599999904632568,"margin":64.5,"units":16,"transactions":16,"profit":22.899999618530273,"revenue_change_pct":173.1,"units_change_pct":166.7,"margin_change_pts":3.7},{"period":"2025-09","revenue":46.500000953674316,"cost":18.200000524520874,"margin":60.9,"units":24,"transactions":24,"profit":28.299999237060547,"revenue_change_pct":31.0,"units_change_pct":50.0,"margin_change_pts":-3.6},{"period":"2025-10","revenue":37.00000047683716,"cost":12.200000286102295,"margin":67.0,"units":16,"transactions":14,"profit":24.800000190734863,"revenue_change_pct":-20.4,"units_change_pct":-33.3,"margin_change_pts":6.2},{"period":"2025-11","revenue":18.50000023841858,"cost":6.200000047683716,"margin":66.5,"units":8,"transactions":8,"profit":12.300000190734863,"revenue_change_pct":-50.0,"units_change_pct":-50.0,"margin_change_pts":-0.5},{"period":"2025-12","revenue":86.49999618530273,"cost":32.900002002716064,"margin":62.0,"units":42,"transactions":34,"profit":53.60000133514404,"revenue_change_pct":367.6,"units_change_pct":425.0,"margin_change_pts":-4.5},{"period":"2026-01","revenue":109.25000190734863,"cost":40.300002098083496,"margin":63.1,"units":48,"transactions":42,"profit":68.94999980926514,"revenue_change_pct":26.3,"units_change_pct":14.3,"margin_change_pts":1.1}],"share_of_category":[{"category":"ACCESSORY","brand_revenue":640.5000305175781,"category_revenue":4128754.0625,"revenue_share_pct":0.0,"brand_units":262,"category_units":2130096,"units_share_pct":0.0}],"share_of_category_trend":{"ACCESSORY":[{"period":"2024-01","brand_revenue":0.0,"category_revenue":153543.9453125,"share_pct":0.0},{"period":"2024-02","brand_revenue":0.0,"category_revenue":152399.47265625,"share_pct":0.0},{"period":"2024-03","brand_revenue":0.0,"category_revenue":154678.876953125,"share_pct":0.0},{"period":"2024-04","brand_revenue":0.0,"category_revenue":163353.65234375,"share_pct":0.0},{"period":"2024-05","brand_revenue":0.0,"category_revenue":179676.4453125,"share_pct":0.0},{"period":"2024-06","brand_revenue":0.0,"category_revenue":185008.828125,"share_pct":0.0},{"period":"2024-07","brand_revenue":0.0,"category_revenue":186675.46875,"share_pct":0.0},{"period":"2024-08","brand_revenue":0.0,"category_revenue":180226.328125,"share_pct":0.0},{"period":"2024-09","brand_revenue":0.0,"category_revenue":162386.298828125,"share_pct":0.0},{"period":"2024-10","brand_revenue":0.0,"category_revenue":166088.73046875,"share_pct":0.0},{"period":"2024-11","brand_revenue":37.5,"category_revenue":171706.09375,"share_pct":0.0},{"period":"2024-12","brand_revenue":47.5,"category_revenue":176502.03125,"share_pct":0.0},{"period":"2025-01","brand_revenue":45.0,"category_revenue":167261.34765625,"share_pct":0.0},{"period":"2025-02","brand_revenue":43.24999809265137,"category_revenue":155260.927734375,"share_pct":0.0},{"period":"2025-03","brand_revenue":49.000000953674316,"category_revenue":176420.390625,"share_pct":0.0},{"period":"2025-04","brand_revenue":34.49999809265137,"category_revenue":182694.82421875,"share_pct":0.0},{"period":"2025-05","brand_revenue":25.0,"category_revenue":179904.4921875,"share_pct":0.0},{"period":"2025-06","brand_revenue":12.5,"category_revenue":161148.75,"share_pct":0.0},{"period":"2025-07","brand_revenue":12.999999523162842,"category_revenue":165549.8046875,"share_pct":0.0},{"period":"2025-08","brand_revenue":35.49999952316284,"category_revenue":171752.05078125,"share_pct":0.0},{"period":"2025-09","brand_revenue":46.500000953674316,"category_revenue":168198.9453125,"share_pct":0.0},{"period":"2025-10","brand_revenue":37.00000047683716,"category_revenue":171844.55078125,"share_pct":0.0},{"period":"2025-11","brand_revenue":18.50000023841858,"category_revenue":172839.74609375,"share_pct":0.0},{"period":"2025-12","brand_revenue":86.49999618530273,"category_revenue":141954.873046875,"share_pct":0.10000000149011612},{"period":"2026-01","brand_revenue":109.25000190734863,"category_revenue":81677.1484375,"share_pct":0.10000000149011612}]},"discount_depth":[{"tier":"0% (Full Price)","transactions":168,"pct_of_transactions":68.3,"revenue":475.0,"avg_discount":0.0},{"tier":"1-10%","transactions":2,"pct_of_transactions":0.8,"revenue":8.999999761581421,"avg_discount":20.0},{"tier":"11-20%","transactions":2,"pct_of_transactions":0.8,"revenue":8.00000011920929,"avg_discount":40.0},{"tier":"21-30%","transactions":8,"pct_of_transactions":3.3,"revenue":20.999999046325684,"avg_discount":60.0},{"tier":"31%+","transactions":8,"pct_of_transactions":3.3,"revenue":25.999999046325684,"avg_discount":95.0}],"velocity":{"units_per_day":0.6,"revenue_per_day":1.4499999582767487,"avg_units_per_txn":2.18,"days_of_data":442,"total_units":262,"total_transactions":240},"velocity_by_category":[{"category":"ACCESSORY","brand_units_per_day":0.34,"category_avg_units_per_day":20.56,"velocity_index":1.7,"brand_rev_per_unit":1.96,"category_rev_per_unit":1.55,"brands_in_category":136}],"deals":[{"deal_name":"30% Off Special","times_used":24,"units":24.0,"revenue":41.99999928474426,"discounts":18.000000715255737,"cost":18.000000715255737,"profit":24.00000035762787,"pre_discount_revenue":60.0,"margin":57.1,"avg_discount":60.0},{"deal_name":"Industry 30% Off","times_used":16,"units":18.0,"revenue":31.499999463558197,"discounts":13.500000536441803,"cost":13.700000494718552,"profit":17.800000309944153,"pre_discount_revenue":45.0,"margin":56.5,"avg_discount":60.0},{"deal_name":"Industry - 30% Off","times_used":6,"units":6.0,"revenue":12.249999642372131,"discounts":5.250000059604645,"cost":4.925000071525574,"profit":7.325000166893005,"pre_discount_revenue":17.5,"margin":59.8,"avg_discount":60.0},{"deal_name":"Employee - 40% OFF","times_used":2,"units":4.0,"revenue":6.000000238418579,"discounts":4.000000059604645,"cost":3.0000001192092896,"profit":3.0000001192092896,"pre_discount_revenue":10.0,"margin":50.0,"avg_discount":80.0},{"deal_name":"Employee 30% - NOT FRIDAYS","times_used":2,"units":2.0,"revenue":3.4999999403953552,"discounts":1.5000000596046448,"cost":1.5000000596046448,"profit":2.0000000298023224,"pre_discount_revenue":5.0,"margin":57.1,"avg_discount":60.0},{"deal_name":"Jackpot - Locals 30% Off","times_used":2,"units":2.0,"revenue":5.249999761581421,"discounts":2.2499999403953552,"cost":2.800000011920929,"profit":2.450000047683716,"pre_discount_revenue":7.5,"margin":46.7,"avg_discount":60.0},{"deal_name":"Senior Sunday - RENO ONLY - 20% Off","times_used":2,"units":4.0,"revenue":8.00000011920929,"discounts":2.0000000298023224,"cost":3.400000035762787,"profit":4.600000083446503,"pre_discount_revenue":10.0,"margin":57.5,"avg_discount":40.0}],"top_products":[{"product":"ELEMENTS PINK PAPERS KING SIZED SLIM","units":170,"revenue":369.74998474121094,"cost":131.40000343322754,"profit":238.34999084472656,"transactions":158,"margin":64.5},{"product":"MASTERO CONE TIPS","units":46,"revenue":165.75000762939453,"cost":44.27499771118164,"profit":121.47500038146973,"transactions":46,"margin":73.30000305175781},{"product":"ELEMENTS GREEN PAPERS","units":46,"revenue":105.0,"cost":39.100000858306885,"profit":65.9000015258789,"transactions":42,"margin":62.79999923706055}],"products_by_store":{"Elevation Springs":[{"product":"ELEMENTS PINK PAPERS KING SIZED SLIM","units":50,"revenue":114.49999809265137,"cost":37.50000238418579,"profit":76.99999809265137,"transactions":50,"margin":67.19999694824219}],"Elevation Oasis":[{"product":"ELEMENTS PINK PAPERS KING SIZED SLIM","units":6,"revenue":20.250000953674316,"cost":8.40000033378601,"profit":11.84999942779541,"transactions":6,"margin":58.5}],"Elevation Midtown":[{"product":"ELEMENTS PINK PAPERS KING SIZED SLIM","units":96,"revenue":195.49999237060547,"cost":72.00000286102295,"profit":123.50000381469727,"transactions":86,"margin":63.20000076293945},{"product":"MASTERO CONE TIPS","units":46,"revenue":165.75000762939453,"cost":44.27499771118164,"profit":121.47500038146973,"transactions":46,"margin":73.30000305175781},{"product":"ELEMENTS GREEN PAPERS","units":46,"revenue":105.0,"cost":39.100000858306885,"profit":65.9000015258789,"transactions":42,"margin":62.79999923706055}],"Elevation Boulevard":[{"product":"ELEMENTS PINK PAPERS KING SIZED SLIM","units":18,"revenue":39.50000047683716,"cost":13.500000238418579,"profit":26.000001430511475,"transactions":16,"margin":65.80000305175781}]},"store_summary":[{"store_clean":"Elevation Midtown","units":188,"revenue":466.25,"cost":155.37500381469727,"profit":310.87499618530273,"discounts":61.25,"margin":66.69999694824219,"discount_rate":11.600000381469727},{"store_clean":"Elevation Springs","units":50,"revenue":114.49999809265137,"cost":37.50000238418579,"profit":76.99999809265137,"discounts":10.500000715255737,"margin":67.19999694824219,"discount_rate":8.399999618530273},{"store_clean":"Elevation Boulevard","units":18,"revenue":39.50000047683716,"cost":13.500000238418579,"profit":26.000001430511475,"discounts":5.5000001192092896,"margin":65.80000305175781,"discount_rate":12.199999809265137},{"store_clean":"Elevation Oasis","units":6,"revenue":20.250000953674316,"cost":8.40000033378601,"profit":11.84999942779541,"discounts":2.2499999403953552,"margin":58.5,"discount_rate":10.0}],"recommendations":[],"comparison":null}