{"brand":"SPIKED FLAMINGO","date_range":"2024-01-01 00:00:00 to 2026-01-31 00:00:00","period_label":"All Time","summary":{"total_units":36532,"total_revenue":1223841.40625,"total_cost":551458.828125,"total_discounts":361321.09375,"total_profit":672382.5,"overall_margin":54.900001525878906,"fp_margin":62.79999923706055,"disc_margin":51.29999923706055,"pct_full_price":31.799999237060547,"avg_discount_rate":22.799999237060547,"fp_revenue":389220.0,"disc_revenue":834621.40625,"brand":"SPIKED FLAMINGO","date_range":"2024-01-01 00:00:00 to 2026-01-31 00:00:00","primary_category":"FLOWER","store_coverage":"6/7","stores_present":["Elevation Springs","Elevation Mesa","Elevation Oasis","Elevation Midtown","Elevation Boulevard","Elevation Parkway"],"stores_missing":["Elevation Downtown"],"velocity_rank":29,"velocity_total":64},"distribution":[{"store":"Elevation Springs","carries_brand":true,"sku_count":70,"revenue":236449.453125,"units":7202,"store_total_revenue":51138750.0,"brand_share_pct":0.5},{"store":"Elevation Mesa","carries_brand":true,"sku_count":66,"revenue":228248.203125,"units":7230,"store_total_revenue":47532240.0,"brand_share_pct":0.5},{"store":"Elevation Oasis","carries_brand":true,"sku_count":64,"revenue":342063.671875,"units":9752,"store_total_revenue":56050145.0,"brand_share_pct":0.6000000238418579},{"store":"Elevation Downtown","carries_brand":false,"sku_count":0,"revenue":0.0,"units":0,"store_total_revenue":1945237.1875,"brand_share_pct":0},{"store":"Elevation Midtown","carries_brand":true,"sku_count":52,"revenue":152180.1171875,"units":4244,"store_total_revenue":30850185.0,"brand_share_pct":0.5},{"store":"Elevation Boulevard","carries_brand":true,"sku_count":58,"revenue":134491.62109375,"units":4370,"store_total_revenue":28757865.0,"brand_share_pct":0.5},{"store":"Elevation Parkway","carries_brand":true,"sku_count":58,"revenue":130408.349609375,"units":3734,"store_total_revenue":21987007.5,"brand_share_pct":0.6000000238418579}],"share_of_category":[{"category":"FLOWER","brand_revenue":435195.0,"category_revenue":77755450.0,"revenue_share_pct":0.6000000238418579,"brand_units":16088,"category_units":2708446,"units_share_pct":0.6},{"category":"TINCTURE","brand_revenue":385193.59375,"category_revenue":385564.84375,"revenue_share_pct":99.9000015258789,"brand_units":8516,"category_units":8538,"units_share_pct":99.7},{"category":"CARTRIDGE","brand_revenue":264911.4453125,"category_revenue":46155130.0,"revenue_share_pct":0.6000000238418579,"brand_units":8302,"category_units":1532896,"units_share_pct":0.5},{"category":"DISPOSABLE VAPE","brand_revenue":135655.1171875,"category_revenue":30552405.0,"revenue_share_pct":0.4000000059604645,"brand_units":3524,"category_units":756548,"units_share_pct":0.5},{"category":"INFUSED PACK","brand_revenue":2341.25,"category_revenue":8259010.0,"revenue_share_pct":0.0,"brand_units":80,"category_units":240090,"units_share_pct":0.0},{"category":"INFUSED PRE ROLL","brand_revenue":545.0,"category_revenue":10308101.25,"revenue_share_pct":0.0,"brand_units":22,"category_units":488074,"units_share_pct":0.0}],"share_of_category_trend":{"FLOWER":[{"period":"2024-01","brand_revenue":0.0,"category_revenue":3552357.8125,"share_pct":0.0},{"period":"2024-02","brand_revenue":34972.5,"category_revenue":3535245.625,"share_pct":1.0},{"period":"2024-03","brand_revenue":39293.00048828125,"category_revenue":3693805.625,"share_pct":1.100000023841858},{"period":"2024-04","brand_revenue":23803.27392578125,"category_revenue":3541899.6875,"share_pct":0.699999988079071},{"period":"2024-05","brand_revenue":26365.0,"category_revenue":3537479.375,"share_pct":0.699999988079071},{"period":"2024-06","brand_revenue":19853.75,"category_revenue":3403269.6875,"share_pct":0.6000000238418579},{"period":"2024-07","brand_revenue":19967.5,"category_revenue":3457705.9375,"share_pct":0.6000000238418579},{"period":"2024-08","brand_revenue":18021.25,"category_revenue":3453819.375,"share_pct":0.5},{"period":"2024-09","brand_revenue":30068.75,"category_revenue":3316441.5625,"share_pct":0.8999999761581421},{"period":"2024-10","brand_revenue":41552.5,"category_revenue":3585775.0,"share_pct":1.2000000476837158},{"period":"2024-11","brand_revenue":25590.0,"category_revenue":3454855.3125,"share_pct":0.699999988079071},{"period":"2024-12","brand_revenue":24551.4990234375,"category_revenue":3226567.8125,"share_pct":0.800000011920929},{"period":"2025-01","brand_revenue":26747.5,"category_revenue":2984938.125,"share_pct":0.8999999761581421},{"period":"2025-02","brand_revenue":35810.27587890625,"category_revenue":2816220.0,"share_pct":1.2999999523162842},{"period":"2025-03","brand_revenue":16362.950439453125,"category_revenue":2911379.6875,"share_pct":0.6000000238418579},{"period":"2025-04","brand_revenue":22511.25,"category_revenue":3118895.3125,"share_pct":0.699999988079071},{"period":"2025-05","brand_revenue":20673.349609375,"category_revenue":2887345.0,"share_pct":0.699999988079071},{"period":"2025-06","brand_revenue":5237.5,"category_revenue":2773698.125,"share_pct":0.20000000298023224},{"period":"2025-07","brand_revenue":1946.25,"category_revenue":2782763.125,"share_pct":0.10000000149011612},{"period":"2025-08","brand_revenue":432.5,"category_revenue":2733122.8125,"share_pct":0.0},{"period":"2025-09","brand_revenue":906.25,"category_revenue":2603501.5625,"share_pct":0.0},{"period":"2025-10","brand_revenue":528.125,"category_revenue":2663705.0,"share_pct":0.0},{"period":"2025-11","brand_revenue":0.0,"category_revenue":2700189.0625,"share_pct":0.0},{"period":"2025-12","brand_revenue":0.0,"category_revenue":2515209.53125,"share_pct":0.0},{"period":"2026-01","brand_revenue":0.0,"category_revenue":2505261.875,"share_pct":0.0}],"TINCTURE":[{"period":"2024-01","brand_revenue":1090.0,"category_revenue":1461.25,"share_pct":74.5999984741211},{"period":"2024-02","brand_revenue":22932.8759765625,"category_revenue":22932.8759765625,"share_pct":100.0},{"period":"2024-03","brand_revenue":27176.75048828125,"category_revenue":27176.75048828125,"share_pct":100.0},{"period":"2024-04","brand_revenue":28543.974609375,"category_revenue":28543.974609375,"share_pct":100.0},{"period":"2024-05","brand_revenue":24512.5,"category_revenue":24512.5,"share_pct":100.0},{"period":"2024-06","brand_revenue":29916.2255859375,"category_revenue":29916.2255859375,"share_pct":100.0},{"period":"2024-07","brand_revenue":23216.875,"category_revenue":23216.875,"share_pct":100.0},{"period":"2024-08","brand_revenue":17637.5,"category_revenue":17637.5,"share_pct":100.0},{"period":"2024-09","brand_revenue":22076.875,"category_revenue":22076.875,"share_pct":100.0},{"period":"2024-10","brand_revenue":27177.5,"category_revenue":27177.5,"share_pct":100.0},{"period":"2024-11","brand_revenue":16438.75,"category_revenue":16438.75,"share_pct":100.0},{"period":"2024-12","brand_revenue":23935.0,"category_revenue":23935.0,"share_pct":100.0},{"period":"2025-01","brand_revenue":22447.5,"category_revenue":22447.5,"share_pct":100.0},{"period":"2025-02","brand_revenue":25895.625,"category_revenue":25895.625,"share_pct":100.0},{"period":"2025-03","brand_revenue":18506.25,"category_revenue":18506.25,"share_pct":100.0},{"period":"2025-04","brand_revenue":22590.6494140625,"category_revenue":22590.6494140625,"share_pct":100.0},{"period":"2025-05","brand_revenue":19645.625,"category_revenue":19645.625,"share_pct":100.0},{"period":"2025-06","brand_revenue":9635.625,"category_revenue":9635.625,"share_pct":100.0},{"period":"2025-07","brand_revenue":1560.0,"category_revenue":1560.0,"share_pct":100.0},{"period":"2025-08","brand_revenue":257.5,"category_revenue":257.5,"share_pct":100.0}],"CARTRIDGE":[{"period":"2024-01","brand_revenue":0.0,"category_revenue":2057675.625,"share_pct":0.0},{"period":"2024-02","brand_revenue":0.0,"category_revenue":2141777.8125,"share_pct":0.0},{"period":"2024-03","brand_revenue":0.0,"category_revenue":2288552.1875,"share_pct":0.0},{"period":"2024-04","brand_revenue":0.0,"category_revenue":2096820.46875,"share_pct":0.0},{"period":"2024-05","brand_revenue":0.0,"category_revenue":2138038.59375,"share_pct":0.0},{"period":"2024-06","brand_revenue":0.0,"category_revenue":2017623.90625,"share_pct":0.0},{"period":"2024-07","brand_revenue":0.0,"category_revenue":2031918.28125,"share_pct":0.0},{"period":"2024-08","brand_revenue":0.0,"category_revenue":2132382.65625,"share_pct":0.0},{"period":"2024-09","brand_revenue":0.0,"category_revenue":1955407.03125,"share_pct":0.0},{"period":"2024-10","brand_revenue":0.0,"category_revenue":2083993.125,"share_pct":0.0},{"period":"2024-11","brand_revenue":5591.25,"category_revenue":2038609.375,"share_pct":0.30000001192092896},{"period":"2024-12","brand_revenue":10718.75,"category_revenue":2003932.03125,"share_pct":0.5},{"period":"2025-01","brand_revenue":69000.3759765625,"category_revenue":1921719.21875,"share_pct":3.5999999046325684},{"period":"2025-02","brand_revenue":43323.3984375,"category_revenue":1668647.5,"share_pct":2.5999999046325684},{"period":"2025-03","brand_revenue":37753.04931640625,"category_revenue":1758711.25,"share_pct":2.0999999046325684},{"period":"2025-04","brand_revenue":43235.9521484375,"category_revenue":1735997.5,"share_pct":2.5},{"period":"2025-05","brand_revenue":45225.72265625,"category_revenue":1688800.46875,"share_pct":2.700000047683716},{"period":"2025-06","brand_revenue":7777.7252197265625,"category_revenue":1594515.0,"share_pct":0.5},{"period":"2025-07","brand_revenue":1977.7250671386719,"category_revenue":1595739.53125,"share_pct":0.10000000149011612},{"period":"2025-08","brand_revenue":307.5,"category_revenue":1677489.6875,"share_pct":0.0},{"period":"2025-09","brand_revenue":0.0,"category_revenue":1539547.96875,"share_pct":0.0},{"period":"2025-10","brand_revenue":0.0,"category_revenue":1548909.21875,"share_pct":0.0},{"period":"2025-11","brand_revenue":0.0,"category_revenue":1545430.15625,"share_pct":0.0},{"period":"2025-12","brand_revenue":0.0,"category_revenue":1467828.28125,"share_pct":0.0},{"period":"2026-01","brand_revenue":0.0,"category_revenue":1425064.0625,"share_pct":0.0}],"DISPOSABLE VAPE":[{"period":"2024-01","brand_revenue":0.0,"category_revenue":933474.921875,"share_pct":0.0},{"period":"2024-02","brand_revenue":0.0,"category_revenue":877782.109375,"share_pct":0.0},{"period":"2024-03","brand_revenue":0.0,"category_revenue":990692.03125,"share_pct":0.0},{"period":"2024-04","brand_revenue":0.0,"category_revenue":971952.1875,"share_pct":0.0},{"period":"2024-05","brand_revenue":0.0,"category_revenue":1035100.46875,"share_pct":0.0},{"period":"2024-06","brand_revenue":0.0,"category_revenue":1039794.21875,"share_pct":0.0},{"period":"2024-07","brand_revenue":0.0,"category_revenue":1081636.5625,"share_pct":0.0},{"period":"2024-08","brand_revenue":0.0,"category_revenue":1098658.125,"share_pct":0.0},{"period":"2024-09","brand_revenue":0.0,"category_revenue":1056394.53125,"share_pct":0.0},{"period":"2024-10","brand_revenue":0.0,"category_revenue":1197041.171875,"share_pct":0.0},{"period":"2024-11","brand_revenue":6034.000244140625,"category_revenue":1193980.234375,"share_pct":0.5},{"period":"2024-12","brand_revenue":25358.85009765625,"category_revenue":1222008.984375,"share_pct":2.0999999046325684},{"period":"2025-01","brand_revenue":33924.49951171875,"category_revenue":1100552.421875,"share_pct":3.0999999046325684},{"period":"2025-02","brand_revenue":20702.42431640625,"category_revenue":1167271.25,"share_pct":1.7999999523162842},{"period":"2025-03","brand_revenue":17894.25048828125,"category_revenue":1348856.71875,"share_pct":1.2999999523162842},{"period":"2025-04","brand_revenue":8590.750122070312,"category_revenue":1414639.84375,"share_pct":0.6000000238418579},{"period":"2025-05","brand_revenue":13266.600341796875,"category_revenue":1460588.4375,"share_pct":0.8999999761581421},{"period":"2025-06","brand_revenue":6951.25,"category_revenue":1320852.96875,"share_pct":0.5},{"period":"2025-07","brand_revenue":1570.0,"category_revenue":1451194.84375,"share_pct":0.10000000149011612},{"period":"2025-08","brand_revenue":1130.0,"category_revenue":1403520.625,"share_pct":0.10000000149011612},{"period":"2025-09","brand_revenue":232.5,"category_revenue":1317518.125,"share_pct":0.0},{"period":"2025-10","brand_revenue":0.0,"category_revenue":1511693.75,"share_pct":0.0},{"period":"2025-11","brand_revenue":0.0,"category_revenue":1481709.21875,"share_pct":0.0},{"period":"2025-12","brand_revenue":0.0,"category_revenue":1476896.875,"share_pct":0.0},{"period":"2026-01","brand_revenue":0.0,"category_revenue":1398594.84375,"share_pct":0.0}],"INFUSED PACK":[{"period":"2024-01","brand_revenue":2341.25,"category_revenue":204601.875,"share_pct":1.100000023841858},{"period":"2024-02","brand_revenue":0.0,"category_revenue":221156.7578125,"share_pct":0.0},{"period":"2024-03","brand_revenue":0.0,"category_revenue":257436.93359375,"share_pct":0.0},{"period":"2024-04","brand_revenue":0.0,"category_revenue":301537.3046875,"share_pct":0.0},{"period":"2024-05","brand_revenue":0.0,"category_revenue":301873.0078125,"share_pct":0.0},{"period":"2024-06","brand_revenue":0.0,"category_revenue":300488.6328125,"share_pct":0.0},{"period":"2024-07","brand_revenue":0.0,"category_revenue":303570.80078125,"share_pct":0.0},{"period":"2024-08","brand_revenue":0.0,"category_revenue":283995.625,"share_pct":0.0},{"period":"2024-09","brand_revenue":0.0,"category_revenue":331664.1796875,"share_pct":0.0},{"period":"2024-10","brand_revenue":0.0,"category_revenue":311486.1328125,"share_pct":0.0},{"period":"2024-11","brand_revenue":0.0,"category_revenue":306613.92578125,"share_pct":0.0},{"period":"2024-12","brand_revenue":0.0,"category_revenue":298008.41796875,"share_pct":0.0},{"period":"2025-01","brand_revenue":0.0,"category_revenue":269244.765625,"share_pct":0.0},{"period":"2025-02","brand_revenue":0.0,"category_revenue":309579.8046875,"share_pct":0.0},{"period":"2025-03","brand_revenue":0.0,"category_revenue":312908.80859375,"share_pct":0.0},{"period":"2025-04","brand_revenue":0.0,"category_revenue":389974.3359375,"share_pct":0.0},{"period":"2025-05","brand_revenue":0.0,"category_revenue":404824.9609375,"share_pct":0.0},{"period":"2025-06","brand_revenue":0.0,"category_revenue":383193.4765625,"share_pct":0.0},{"period":"2025-07","brand_revenue":0.0,"category_revenue":437456.640625,"share_pct":0.0},{"period":"2025-08","brand_revenue":0.0,"category_revenue":391817.578125,"share_pct":0.0},{"period":"2025-09","brand_revenue":0.0,"category_revenue":367221.40625,"share_pct":0.0},{"period":"2025-10","brand_revenue":0.0,"category_revenue":423332.109375,"share_pct":0.0},{"period":"2025-11","brand_revenue":0.0,"category_revenue":395184.53125,"share_pct":0.0},{"period":"2025-12","brand_revenue":0.0,"category_revenue":387500.234375,"share_pct":0.0},{"period":"2026-01","brand_revenue":0.0,"category_revenue":364337.6171875,"share_pct":0.0}],"INFUSED PRE ROLL":[{"period":"2024-01","brand_revenue":545.0,"category_revenue":410907.8515625,"share_pct":0.10000000149011612},{"period":"2024-02","brand_revenue":0.0,"category_revenue":458711.484375,"share_pct":0.0},{"period":"2024-03","brand_revenue":0.0,"category_revenue":427464.375,"share_pct":0.0},{"period":"2024-04","brand_revenue":0.0,"category_revenue":428699.9609375,"share_pct":0.0},{"period":"2024-05","brand_revenue":0.0,"category_revenue":501098.3203125,"share_pct":0.0},{"period":"2024-06","brand_revenue":0.0,"category_revenue":477320.78125,"share_pct":0.0},{"period":"2024-07","brand_revenue":0.0,"category_revenue":479382.109375,"share_pct":0.0},{"period":"2024-08","brand_revenue":0.0,"category_revenue":474359.1015625,"share_pct":0.0},{"period":"2024-09","brand_revenue":0.0,"category_revenue":424280.1171875,"share_pct":0.0},{"period":"2024-10","brand_revenue":0.0,"category_revenue":470840.6640625,"share_pct":0.0},{"period":"2024-11","brand_revenue":0.0,"category_revenue":424285.1171875,"share_pct":0.0},{"period":"2024-12","brand_revenue":0.0,"category_revenue":432093.1640625,"share_pct":0.0},{"period":"2025-01","brand_revenue":0.0,"category_revenue":358002.890625,"share_pct":0.0},{"period":"2025-02","brand_revenue":0.0,"category_revenue":325080.17578125,"share_pct":0.0},{"period":"2025-03","brand_revenue":0.0,"category_revenue":347380.078125,"share_pct":0.0},{"period":"2025-04","brand_revenue":0.0,"category_revenue":401341.40625,"share_pct":0.0},{"period":"2025-05","brand_revenue":0.0,"category_revenue":378076.09375,"share_pct":0.0},{"period":"2025-06","brand_revenue":0.0,"category_revenue":354019.6484375,"share_pct":0.0},{"period":"2025-07","brand_revenue":0.0,"category_revenue":416008.203125,"share_pct":0.0},{"period":"2025-08","brand_revenue":0.0,"category_revenue":425283.28125,"share_pct":0.0},{"period":"2025-09","brand_revenue":0.0,"category_revenue":378313.75,"share_pct":0.0},{"period":"2025-10","brand_revenue":0.0,"category_revenue":389168.3203125,"share_pct":0.0},{"period":"2025-11","brand_revenue":0.0,"category_revenue":390541.3671875,"share_pct":0.0},{"period":"2025-12","brand_revenue":0.0,"category_revenue":392812.34375,"share_pct":0.0},{"period":"2026-01","brand_revenue":0.0,"category_revenue":342630.7421875,"share_pct":0.0}]},"velocity_by_category":[{"category":"TINCTURE","brand_units_per_day":11.18,"category_avg_units_per_day":5.6,"velocity_index":199.5,"brand_rev_per_unit":36.19,"category_rev_per_unit":36.13,"brands_in_category":2},{"category":"FLOWER","brand_units_per_day":21.12,"category_avg_units_per_day":55.54,"velocity_index":38.0,"brand_rev_per_unit":21.64,"category_rev_per_unit":22.97,"brands_in_category":64},{"category":"DISPOSABLE VAPE","brand_units_per_day":4.62,"category_avg_units_per_day":28.36,"velocity_index":16.3,"brand_rev_per_unit":30.8,"category_rev_per_unit":32.31,"brands_in_category":35},{"category":"CARTRIDGE","brand_units_per_day":10.9,"category_avg_units_per_day":74.5,"velocity_index":14.6,"brand_rev_per_unit":25.53,"category_rev_per_unit":24.09,"brands_in_category":27},{"category":"INFUSED PACK","brand_units_per_day":0.1,"category_avg_units_per_day":26.26,"velocity_index":0.4,"brand_rev_per_unit":23.41,"category_rev_per_unit":27.52,"brands_in_category":12},{"category":"INFUSED PRE ROLL","brand_units_per_day":0.02,"category_avg_units_per_day":25.62,"velocity_index":0.1,"brand_rev_per_unit":19.82,"category_rev_per_unit":16.9,"brands_in_category":25}],"store_gaps":[{"store":"Elevation Springs","category":"INFUSED PRE ROLL","category_revenue_at_store":2858901.25,"opportunity":"Category not carried at this store"},{"store":"Elevation Mesa","category":"INFUSED PRE ROLL","category_revenue_at_store":2132846.5625,"opportunity":"Category not carried at this store"},{"store":"Elevation Springs","category":"INFUSED PACK","category_revenue_at_store":2096681.875,"opportunity":"Category not carried at this store"},{"store":"Elevation Boulevard","category":"INFUSED PRE ROLL","category_revenue_at_store":1543995.625,"opportunity":"Category not carried at this store"},{"store":"Elevation Parkway","category":"INFUSED PRE ROLL","category_revenue_at_store":1478067.5,"opportunity":"Category not carried at this store"},{"store":"Elevation Parkway","category":"INFUSED PACK","category_revenue_at_store":1439581.25,"opportunity":"Category not carried at this store"},{"store":"Elevation Mesa","category":"INFUSED PACK","category_revenue_at_store":1411721.71875,"opportunity":"Category not carried at this store"},{"store":"Elevation Oasis","category":"INFUSED PACK","category_revenue_at_store":1241109.6875,"opportunity":"Category not carried at this store"},{"store":"Elevation Midtown","category":"INFUSED PRE ROLL","category_revenue_at_store":1095443.28125,"opportunity":"Category not carried at this store"},{"store":"Elevation Boulevard","category":"INFUSED PACK","category_revenue_at_store":900221.484375,"opportunity":"Category not carried at this store"},{"store":"Elevation Downtown","category":"DISPOSABLE VAPE","category_revenue_at_store":386406.2890625,"opportunity":"Brand not carried"},{"store":"Elevation Downtown","category":"FLOWER","category_revenue_at_store":324929.8828125,"opportunity":"Brand not carried"},{"store":"Elevation Downtown","category":"CARTRIDGE","category_revenue_at_store":190494.43359375,"opportunity":"Brand not carried"},{"store":"Elevation Downtown","category":"INFUSED PACK","category_revenue_at_store":135628.349609375,"opportunity":"Brand not carried"},{"store":"Elevation Downtown","category":"INFUSED PRE ROLL","category_revenue_at_store":134242.0703125,"opportunity":"Brand not carried"}],"product_mix":{"top":[{"product":"NIGHTTIME 5:1 THC/CBD TINCTURE - SPIKED FLAMINGO","units":3646,"revenue":182068.828125,"cost":82250.0,"profit":99818.828125,"stores":6,"transactions":2848,"margin":54.79999923706055},{"product":"ANYTIME 1:1 THC/CBD TINCTURE - SPIKED FLAMINGO","units":2178,"revenue":96905.72265625,"cost":43710.0,"profit":53195.72265625,"stores":6,"transactions":1860,"margin":54.900001525878906},{"product":"DAYTIME 1:5 THC/CBD TINCTURE - SPIKED FLAMINGO","units":2412,"revenue":93618.5546875,"cost":42525.0,"profit":51093.5498046875,"stores":6,"transactions":2124,"margin":54.599998474121094},{"product":"HAWAIIAN KUSH CART - SPIKED FLAMINGO","units":2174,"revenue":69281.376953125,"cost":29892.5,"profit":39388.87451171875,"stores":6,"transactions":2000,"margin":56.900001525878906},{"product":"TROPICAL TRAINWRECK CART - SPIKED FLAMINGO","units":2102,"revenue":67833.1005859375,"cost":28902.5,"profit":38930.6005859375,"stores":6,"transactions":1830,"margin":57.400001525878906},{"product":"BLUEBERRY BUBBA CART - SPIKED FLAMINGO","units":2046,"revenue":64574.599609375,"cost":28132.5,"profit":36442.099609375,"stores":6,"transactions":1774,"margin":56.400001525878906},{"product":"OG STRAWBERRY CART - SPIKED FLAMINGO","units":1932,"revenue":61796.748046875,"cost":26565.0,"profit":35231.75048828125,"stores":6,"transactions":1730,"margin":57.0},{"product":"ORANGECELLO EIGHTH - SPIKED FLAMINGO","units":2098,"revenue":56255.2490234375,"cost":26237.5,"profit":30017.7490234375,"stores":6,"transactions":1736,"margin":53.400001525878906},{"product":"ZKITTLES X ANIMAL MINTS EIGHTH - SPIKED FLAMINGO","units":1462,"revenue":39640.77392578125,"cost":17275.0,"profit":22365.77392578125,"stores":6,"transactions":1250,"margin":56.400001525878906},{"product":"LAUGHING GAS X LEMON KUSH MINTS LR DISPOSABLE VAPE - SPIKED FLAMINGO","units":984,"revenue":37867.1240234375,"cost":17220.0,"profit":20647.1240234375,"stores":6,"transactions":868,"margin":54.5},{"product":"MEDELLIN X JET FUEL GELATO EIGHTH - SPIKED FLAMINGO","units":1374,"revenue":37242.724609375,"cost":17175.0,"profit":20067.724609375,"stores":6,"transactions":1084,"margin":53.900001525878906},{"product":"LAUGHING GAS X LEMON KUSH MINTS EIGHTH - SPIKED FLAMINGO","units":1244,"revenue":34833.00048828125,"cost":14573.75,"profit":20259.25048828125,"stores":6,"transactions":1012,"margin":58.20000076293945},{"product":"BLUE POWER X MAC EIGHTH - SPIKED FLAMINGO","units":1286,"revenue":32287.5,"cost":16075.0,"profit":16212.5,"stores":6,"transactions":1076,"margin":50.20000076293945},{"product":"RAZBERRY ORGAZM X LAVENDER LEMONADE LR DISPOSABLE VAPE - SPIKED FLAMINGO","units":740,"revenue":29666.14990234375,"cost":12702.5,"profit":16963.64990234375,"stores":6,"transactions":682,"margin":57.20000076293945},{"product":"ZELATO EIGHTH - SPIKED FLAMINGO","units":1056,"revenue":28276.25,"cost":13200.0,"profit":15076.25,"stores":6,"transactions":912,"margin":53.29999923706055},{"product":"PINEAPPLE FRUZ X BISCOTTI SHERB EIGHTH - SPIKED FLAMINGO","units":1012,"revenue":25550.0244140625,"cost":12862.5,"profit":12687.5244140625,"stores":6,"transactions":846,"margin":49.70000076293945},{"product":"ALIEN MINTS X PERMANENT MARKER EIGHTH - SPIKED FLAMINGO","units":824,"revenue":25210.0,"cost":10912.5,"profit":14297.5,"stores":6,"transactions":752,"margin":56.70000076293945},{"product":"HIPPIE SOAP EIGHTH - SPIKED FLAMINGO","units":782,"revenue":23307.5,"cost":9775.0,"profit":13532.5,"stores":6,"transactions":682,"margin":58.099998474121094},{"product":"ZKITTLES X ANIMAL MINTZ EIGHTH - SPIKED FLAMINGO","units":900,"revenue":22989.45068359375,"cost":11250.0,"profit":11739.449462890625,"stores":6,"transactions":716,"margin":51.099998474121094},{"product":"PLATINUM DAZE LR DISPOSABLE VAPE - SPIKED FLAMINGO","units":592,"revenue":22749.423828125,"cost":10322.5,"profit":12426.925048828125,"stores":6,"transactions":536,"margin":54.599998474121094}],"bottom":[{"product":"STRAWBERRY TRUFFLE LR DISPOSABLE VAPE - SPIKED FLAMINGO","units":150,"revenue":5687.5,"cost":2625.0,"profit":3062.5,"stores":2,"transactions":136,"margin":53.79999923706055},{"product":"ORANGECELLO LR DISPOSABLE VAPE - SPIKED FLAMINGO","units":142,"revenue":5348.599853515625,"cost":2485.0,"profit":2863.599853515625,"stores":2,"transactions":122,"margin":53.5},{"product":"ALIEN MINTZ X PERMANENT MARKER EIGHTH - SPIKED FLAMINGO","units":202,"revenue":5192.5,"cost":2525.0,"profit":2667.5,"stores":2,"transactions":180,"margin":51.400001525878906},{"product":"BLUE POWER X MAC EIGHTH - SPIKE FLAMINGO","units":74,"revenue":1875.0,"cost":925.0,"profit":950.0,"stores":3,"transactions":64,"margin":50.70000076293945},{"product":"GOJI OG INFUSED PRE ROLL 3 PK - SPIKED FLAMINGO","units":64,"revenue":1836.25,"cost":1200.0,"profit":636.25,"stores":1,"transactions":60,"margin":34.599998474121094},{"product":"MELONADE LR DISPOSABLE VAPE - SPIKED FLAMINGO","units":46,"revenue":1799.7500610351562,"cost":805.0,"profit":994.7499847412109,"stores":1,"transactions":44,"margin":55.29999923706055},{"product":"LAUGHING GAS X LEMON KUSH MINTS LR CART  - SPIKED FLAMINGO","units":48,"revenue":1425.625,"cost":840.0,"profit":585.625,"stores":1,"transactions":46,"margin":41.099998474121094},{"product":"JET FUEL 2.0 INFUSED PRE ROLL 1G - SPIKED FLAMINGO","units":22,"revenue":545.0,"cost":275.0,"profit":270.0,"stores":1,"transactions":18,"margin":49.5},{"product":"I-15 INFUSED PRE ROLL 3 PK - SPIKED FLAMINGO","units":16,"revenue":505.0,"cost":300.0,"profit":205.0,"stores":1,"transactions":16,"margin":40.599998474121094},{"product":"CHEM DAWG #2 EIGHTH - SPIKE FLAMINGO","units":10,"revenue":250.0,"cost":125.0,"profit":125.0,"stores":3,"transactions":8,"margin":50.0}],"expansion":[{"product":"LICKZ EIGHTH - SPIKED FLAMINGO","current_stores":5,"total_stores":6,"missing_stores":["Elevation Midtown"],"revenue":13715.0},{"product":"PINEAPPLE SPLASH LR DISPOSABLE VAPE - SPIKED FLAMINGO","current_stores":4,"total_stores":6,"missing_stores":["Elevation Midtown","Elevation Boulevard"],"revenue":13107.750244140625},{"product":"ANYTIME BLUE AGAVE 1:1 THC/CBD TINCTURE - SPIKED FLAMINGO","current_stores":4,"total_stores":6,"missing_stores":["Elevation Midtown","Elevation Parkway"],"revenue":12600.50048828125},{"product":"GEMELO EIGHTH - SPIKED FLAMINGO","current_stores":5,"total_stores":6,"missing_stores":["Elevation Oasis"],"revenue":11248.75},{"product":"PLATINUM DAZE EIGHTH - SPIKED FLAMINGO","current_stores":4,"total_stores":6,"missing_stores":["Elevation Midtown","Elevation Parkway"],"revenue":10360.0},{"product":"TANGIE TURBO LR DISPOSABLE VAPE - SPIKED FLAMINGO","current_stores":4,"total_stores":6,"missing_stores":["Elevation Midtown","Elevation Boulevard"],"revenue":10040.875244140625},{"product":"SINFUL GELATO LR DISPOSABLE VAPE - SPIKED FLAMINGO","current_stores":3,"total_stores":6,"missing_stores":["Elevation Midtown","Elevation Boulevard","Elevation Parkway"],"revenue":9387.949829101562},{"product":"STRAWBERRY TRUFFLE LR DISPOSABLE VAPE - SPIKED FLAMINGO","current_stores":2,"total_stores":6,"missing_stores":["Elevation Mesa","Elevation Midtown","Elevation Boulevard","Elevation Parkway"],"revenue":5687.5},{"product":"ORANGECELLO LR DISPOSABLE VAPE - SPIKED FLAMINGO","current_stores":2,"total_stores":6,"missing_stores":["Elevation Mesa","Elevation Midtown","Elevation Boulevard","Elevation Parkway"],"revenue":5348.599853515625},{"product":"ALIEN MINTZ X PERMANENT MARKER EIGHTH - SPIKED FLAMINGO","current_stores":2,"total_stores":6,"missing_stores":["Elevation Springs","Elevation Oasis","Elevation Midtown","Elevation Boulevard"],"revenue":5192.5}]},"pricing_consistency":[{"product":"PINEAPPLE SPLASH LR DISPOSABLE VAPE - SPIKED FLAMINGO","min_price":71.2050048828125,"max_price":91.14583333333334,"avg_price":77.76773505178438,"std_dev":3.656445863746982,"store_count":8,"price_range":19.94082845052084,"range_pct":25.6},{"product":"JET FUEL X TANGIE POWER EIGHTH - SPIKED FLAMINGO","min_price":52.5,"max_price":66.6,"avg_price":60.21578185328185,"std_dev":2.170315358819299,"store_count":12,"price_range":14.100000000000001,"range_pct":23.4},{"product":"HIPPIE SOAP EIGHTH - SPIKED FLAMINGO","min_price":55.247252747252745,"max_price":69.375,"avg_price":60.55992285990911,"std_dev":2.31968969927923,"store_count":12,"price_range":14.127747252747254,"range_pct":23.3},{"product":"ANYTIME 1:1 THC/CBD TINCTURE - SPIKED FLAMINGO","min_price":75.60064935064935,"max_price":94.68103448275862,"avg_price":87.12662318485349,"std_dev":2.9540481839712545,"store_count":12,"price_range":19.080385132109264,"range_pct":21.9},{"product":"PLATINUM DAZE LR DISPOSABLE VAPE - SPIKED FLAMINGO","min_price":69.8563855759641,"max_price":86.42349853515626,"avg_price":76.78320000636245,"std_dev":2.502557118137297,"store_count":12,"price_range":16.56711295919216,"range_pct":21.6},{"product":"ALIEN MINTS X PERMANENT MARKER EIGHTH - SPIKED FLAMINGO","min_price":53.849999999999994,"max_price":66.375,"avg_price":60.406059763050095,"std_dev":1.9897612100350566,"store_count":12,"price_range":12.525000000000004,"range_pct":20.7},{"product":"ZKITTLES X ANIMAL MINTS EIGHTH - SPIKED FLAMINGO","min_price":51.2,"max_price":61.66666666666667,"avg_price":55.27912134018952,"std_dev":1.7033899348392672,"store_count":12,"price_range":10.466666666666669,"range_pct":18.9},{"product":"LAUGHING GAS X LEMON KUSH MINTS EIGHTH - SPIKED FLAMINGO","min_price":51.95,"max_price":61.95736434108527,"avg_price":55.33760307644922,"std_dev":1.461536779284145,"store_count":12,"price_range":10.007364341085268,"range_pct":18.1},{"product":"LAUGHING GAS X LEMON KUSH MINTS LR DISPOSABLE VAPE - SPIKED FLAMINGO","min_price":73.98957994249132,"max_price":86.72529674711681,"avg_price":77.03842555761854,"std_dev":1.9369921215660841,"store_count":12,"price_range":12.73571680462549,"range_pct":16.5},{"product":"BLUE POWER X MAC EIGHTH - SPIKE FLAMINGO","min_price":45.57692307692307,"max_price":53.4375,"avg_price":50.81730769230769,"std_dev":1.8153224810096886,"store_count":6,"price_range":7.860576923076925,"range_pct":15.5},{"product":"NIGHTTIME 5:1 THC/CBD TINCTURE - SPIKED FLAMINGO","min_price":91.06147890370521,"max_price":106.12919130804819,"avg_price":99.23683173061136,"std_dev":2.4397582899593315,"store_count":12,"price_range":15.067712404342988,"range_pct":15.2},{"product":"RAZBERRY ORGAZM X LAVENDER LEMONADE LR DISPOSABLE VAPE - SPIKED FLAMINGO","min_price":75.99500732421875,"max_price":87.87999674479167,"avg_price":79.80881390989732,"std_dev":1.701220364359013,"store_count":12,"price_range":11.884989420572918,"range_pct":14.9},{"product":"BLUE POWER X MAC EIGHTH - SPIKED FLAMINGO","min_price":45.888429752066116,"max_price":53.0,"avg_price":50.59057242614885,"std_dev":0.9773467460107671,"store_count":12,"price_range":7.111570247933878,"range_pct":14.1},{"product":"TANGIE TURBO LR DISPOSABLE VAPE - SPIKED FLAMINGO","min_price":70.63520159040179,"max_price":80.39999825613839,"avg_price":76.1931746437436,"std_dev":1.64668447196053,"store_count":8,"price_range":9.764796665736597,"range_pct":12.8},{"product":"DAYTIME 1:5 THC/CBD TINCTURE - SPIKED FLAMINGO","min_price":71.875,"max_price":81.26267367122577,"avg_price":76.99416901904524,"std_dev":1.6784641681488475,"store_count":12,"price_range":9.387673671225762,"range_pct":12.2},{"product":"LICKZ EIGHTH - SPIKED FLAMINGO","min_price":56.36363636363637,"max_price":63.6,"avg_price":59.586962305986695,"std_dev":1.1620093628547266,"store_count":10,"price_range":7.236363636363636,"range_pct":12.1},{"product":"MEDELLIN X JET FUEL GELATO EIGHTH - SPIKED FLAMINGO","min_price":50.85040983606557,"max_price":56.714285714285715,"avg_price":53.71615409604882,"std_dev":0.8278342143315591,"store_count":12,"price_range":5.863875878220144,"range_pct":10.9},{"product":"ZELATO EIGHTH - SPIKED FLAMINGO","min_price":50.300000000000004,"max_price":56.166666666666664,"avg_price":53.725099900099906,"std_dev":0.7954937475237889,"store_count":12,"price_range":5.86666666666666,"range_pct":10.9},{"product":"ORANGECELLO EIGHTH - SPIKED FLAMINGO","min_price":50.4,"max_price":55.4875,"avg_price":53.23540796451374,"std_dev":0.7039912132357902,"store_count":12,"price_range":5.0875,"range_pct":9.6},{"product":"ANYTIME BLUE AGAVE 1:1 THC/CBD TINCTURE - SPIKED FLAMINGO","min_price":85.83333333333334,"max_price":94.28571428571429,"avg_price":89.73142816452753,"std_dev":1.7786482263133974,"store_count":8,"price_range":8.452380952380949,"range_pct":9.4},{"product":"PINEAPPLE FRUZ X BISCOTTI SHERB EIGHTH - SPIKED FLAMINGO","min_price":49.1,"max_price":53.26086956521739,"avg_price":50.7794193362472,"std_dev":0.652762366856275,"store_count":12,"price_range":4.160869565217391,"range_pct":8.2},{"product":"OG STRAWBERRY CART - SPIKED FLAMINGO","min_price":60.97074468085107,"max_price":65.99953867906441,"avg_price":63.62733505885708,"std_dev":0.8736981904139692,"store_count":12,"price_range":5.028793998213352,"range_pct":7.9},{"product":"STRAWBERRY TRUFFLE LR DISPOSABLE VAPE - SPIKED FLAMINGO","min_price":73.8,"max_price":79.9,"avg_price":76.85000000000001,"std_dev":1.7253405460951756,"store_count":4,"price_range":6.100000000000003,"range_pct":7.9},{"product":"GEMELO EIGHTH - SPIKED FLAMINGO","min_price":51.125,"max_price":55.0,"avg_price":53.425,"std_dev":0.7250862017718992,"store_count":10,"price_range":3.8750000000000018,"range_pct":7.3},{"product":"APPLES BANANAS X SOURS BEST EIGHTH - SPIKED FLAMINGO","min_price":49.825,"max_price":53.5,"avg_price":51.41736111111111,"std_dev":0.5276724748750308,"store_count":12,"price_range":3.674999999999997,"range_pct":7.1},{"product":"PLATINUM DAZE EIGHTH - SPIKED FLAMINGO","min_price":50.650000000000006,"max_price":54.2,"avg_price":51.8,"std_dev":0.6590902821313612,"store_count":8,"price_range":3.5499999999999954,"range_pct":6.9},{"product":"TROPICAL TRAINWRECK CART - SPIKED FLAMINGO","min_price":62.691235099871136,"max_price":67.03947368421052,"avg_price":65.03042795317754,"std_dev":0.6905715989505102,"store_count":12,"price_range":4.348238584339388,"range_pct":6.7},{"product":"BLUEBERRY BUBBA CART - SPIKED FLAMINGO","min_price":60.09548611111111,"max_price":64.1454081632653,"avg_price":62.73347248983193,"std_dev":0.5797204087343707,"store_count":12,"price_range":4.049922052154198,"range_pct":6.5},{"product":"SINFUL GELATO LR DISPOSABLE VAPE - SPIKED FLAMINGO","min_price":70.4312515258789,"max_price":74.56437683105469,"avg_price":72.74088972442004,"std_dev":0.8436054395455257,"store_count":6,"price_range":4.133125305175778,"range_pct":5.7},{"product":"CHEM DAWG #2 EIGHTH - SPIKED FLAMINGO","min_price":50.35,"max_price":52.5,"avg_price":51.50797215793534,"std_dev":0.37660046998742897,"store_count":12,"price_range":2.1499999999999986,"range_pct":4.2}],"promotional_effectiveness":{"lift":{"fp_units_per_day":16.0,"disc_units_per_day":48.92,"lift_pct":205.8,"fp_avg_revenue_per_unit":93.2,"disc_avg_revenue_per_unit":59.225},"by_deal":[{"deal_name":"Stock & Save - 1/4 for $40","uses":3069,"revenue":218623.8250017166,"discounts":109626.17499828339,"units":8748.0,"cost":107691.25,"margin":50.7,"discount_depth":66.8},{"deal_name":"Industry - 30% Off","uses":2120,"revenue":156386.6747379303,"discounts":67300.82525253296,"units":5272.0,"cost":75741.29999999888,"margin":51.6,"discount_depth":60.2},{"deal_name":"Stock & Save - 3 for $75 - Srene / Select / Big Chief Carts","uses":677,"revenue":87469.52500343323,"discounts":34986.72499895096,"units":2799.0,"cost":38508.75,"margin":56.0,"discount_depth":57.2},{"deal_name":"Senior - 10% Off","uses":345,"revenue":39861.12493515015,"discounts":4490.124983787537,"units":927.0,"cost":16763.75,"margin":57.9,"discount_depth":20.2},{"deal_name":"Spiked Flamingo Carts 2 for $50","uses":297,"revenue":42666.500005722046,"discounts":17360.999999046326,"units":1364.0,"cost":19042.5,"margin":55.4,"discount_depth":57.8},{"deal_name":"4/20 2025 - Flower / Infused","uses":226,"revenue":14760.524997711182,"discounts":14781.975002288818,"units":668.0,"cost":9615.0,"margin":34.9,"discount_depth":100.0},{"deal_name":"30% Off Special","uses":203,"revenue":14997.5,"discounts":6427.5,"units":472.0,"cost":8167.5,"margin":45.5,"discount_depth":60.0},{"deal_name":"Senior / Veterans - 20% Off","uses":145,"revenue":16585.0,"discounts":4040.0,"units":432.0,"cost":7885.0,"margin":52.5,"discount_depth":39.2},{"deal_name":"Jackpot - Locals 30% Off","uses":144,"revenue":12354.999995231628,"discounts":5295.000004768372,"units":408.0,"cost":6005.0,"margin":51.4,"discount_depth":60.0},{"deal_name":"Industry 30% Off","uses":141,"revenue":12504.249997138977,"discounts":5385.750002861023,"units":388.0,"cost":6137.5,"margin":50.9,"discount_depth":60.2},{"deal_name":"Spiked Flamingo 0.5g Disposables 2 for $60","uses":138,"revenue":21735.0,"discounts":8347.5,"units":580.0,"cost":10120.0,"margin":53.4,"discount_depth":55.4},{"deal_name":"Veterans - 10% Off","uses":128,"revenue":13011.249980926514,"discounts":1601.2499952316284,"units":320.0,"cost":5377.5,"margin":58.7,"discount_depth":22.0},{"deal_name":"GW - 50% Off Vapes","uses":108,"revenue":7420.0,"discounts":7420.0,"units":316.0,"cost":4727.5,"margin":36.3,"discount_depth":100.0},{"deal_name":"4/20 2025 - Vapes","uses":97,"revenue":7050.650000572205,"discounts":7101.849999427795,"units":282.0,"cost":5610.0,"margin":20.4,"discount_depth":100.4},{"deal_name":"4/20 40% Off!!!!","uses":78,"revenue":5092.5,"discounts":3395.0,"units":202.0,"cost":3075.0,"margin":39.6,"discount_depth":80.0},{"deal_name":"Spiked Flamingo 0.5g Disposables 2 for $65","uses":74,"revenue":10566.850004196167,"discounts":5463.149995803833,"units":308.0,"cost":5382.5,"margin":49.1,"discount_depth":68.2},{"deal_name":"Spiked Flamingo 0.5g Disposables 2 for $55","uses":72,"revenue":10313.125,"discounts":4741.875,"units":300.0,"cost":5250.0,"margin":49.1,"discount_depth":63.0},{"deal_name":"Employee 30% - NOT FRIDAYS","uses":66,"revenue":4281.249990463257,"discounts":1906.2500095367432,"units":142.0,"cost":2070.0,"margin":51.6,"discount_depth":61.6},{"deal_name":"GW - 50% Off Flower","uses":46,"revenue":2512.5,"discounts":2512.5,"units":134.0,"cost":1675.0,"margin":33.3,"discount_depth":100.0},{"deal_name":"Lit4Less - 1/4 for $40","uses":38,"revenue":2400.0,"discounts":1200.0,"units":96.0,"cost":1200.0,"margin":50.0,"discount_depth":66.6}]},"growth_opportunities":[{"type":"distribution","title":"Expand to Elevation Downtown","detail":"Store has $468,680 in CARTRIDGE, DISPOSABLE VAPE, FLOWER, INFUSED PACK, INFUSED PRE ROLL \u2014 categories where SPIKED FLAMINGO competes.","priority":"high"},{"type":"sku_expansion","title":"Add 'ALIEN MINTZ X PERMANENT MARKER EIGHTH - SPIKED FLAMINGO' to 4 more store(s)","detail":"Carried in 2 stores. Missing from: Elevation Springs, Elevation Oasis, Elevation Midtown, Elevation Boulevard","priority":"medium"},{"type":"sku_expansion","title":"Add 'ANYTIME BLUE AGAVE 1:1 THC/CBD TINCTURE - SPIKED FLAMINGO' to 2 more store(s)","detail":"Carried in 4 stores. Missing from: Elevation Midtown, Elevation Parkway","priority":"medium"},{"type":"sku_expansion","title":"Add 'BLUE POWER X MAC EIGHTH - SPIKE FLAMINGO' to 3 more store(s)","detail":"Carried in 3 stores. Missing from: Elevation Oasis, Elevation Midtown, Elevation Parkway","priority":"medium"},{"type":"sku_expansion","title":"Add 'CHEM DAWG #2 EIGHTH - SPIKE FLAMINGO' to 3 more store(s)","detail":"Carried in 3 stores. Missing from: Elevation Oasis, Elevation Midtown, Elevation Parkway","priority":"medium"},{"type":"sku_expansion","title":"Add 'GEMELO EIGHTH - SPIKED FLAMINGO' to 1 more store(s)","detail":"Carried in 5 stores. Missing from: Elevation Oasis","priority":"medium"},{"type":"velocity","title":"Improve velocity in FLOWER","detail":"Velocity index 38 (below category average). 10.6 units/day vs 27.8 avg.","priority":"medium"},{"type":"velocity","title":"Improve velocity in DISPOSABLE VAPE","detail":"Velocity index 16 (below category average). 2.3 units/day vs 14.2 avg.","priority":"medium"},{"type":"velocity","title":"Improve velocity in CARTRIDGE","detail":"Velocity index 15 (below category average). 5.5 units/day vs 37.2 avg.","priority":"medium"},{"type":"velocity","title":"Improve velocity in INFUSED PACK","detail":"Velocity index 0 (below category average). 0.1 units/day vs 13.1 avg.","priority":"medium"},{"type":"velocity","title":"Improve velocity in INFUSED PRE ROLL","detail":"Velocity index 0 (below category average). 0.0 units/day vs 12.8 avg.","priority":"medium"}],"trend":[{"period":"2024-01","revenue":3976.25,"cost":2525.0,"margin":36.5,"units":132,"transactions":114,"profit":1451.25,"revenue_change_pct":null,"units_change_pct":null,"margin_change_pts":null},{"period":"2024-02","revenue":57905.3759765625,"cost":25463.75,"margin":56.0,"units":1648,"transactions":1266,"profit":32441.6259765625,"revenue_change_pct":1356.3,"units_change_pct":1148.5,"margin_change_pts":19.5},{"period":"2024-03","revenue":66469.7509765625,"cost":28602.5,"margin":57.0,"units":1902,"transactions":1560,"profit":37867.2509765625,"revenue_change_pct":14.8,"units_change_pct":15.4,"margin_change_pts":0.9},{"period":"2024-04","revenue":52347.2509765625,"cost":23207.5,"margin":55.7,"units":1444,"transactions":1108,"profit":29139.7509765625,"revenue_change_pct":-21.2,"units_change_pct":-24.1,"margin_change_pts":-1.3},{"period":"2024-05","revenue":50877.5,"cost":21700.0,"margin":57.3,"units":1402,"transactions":1152,"profit":29177.5,"revenue_change_pct":-2.8,"units_change_pct":-2.9,"margin_change_pts":1.7},{"period":"2024-06","revenue":49769.9755859375,"cost":21020.0,"margin":57.8,"units":1276,"transactions":1002,"profit":28749.9755859375,"revenue_change_pct":-2.2,"units_change_pct":-9.0,"margin_change_pts":0.4},{"period":"2024-07","revenue":43184.375,"cost":18490.0,"margin":57.2,"units":1176,"transactions":984,"profit":24694.375,"revenue_change_pct":-13.2,"units_change_pct":-7.8,"margin_change_pts":-0.6},{"period":"2024-08","revenue":35658.75,"cost":16505.0,"margin":53.7,"units":1080,"transactions":902,"profit":19153.75,"revenue_change_pct":-17.4,"units_change_pct":-8.2,"margin_change_pts":-3.5},{"period":"2024-09","revenue":52145.625,"cost":22285.10009765625,"margin":57.3,"units":1644,"transactions":1256,"profit":29860.52490234375,"revenue_change_pct":46.2,"units_change_pct":52.2,"margin_change_pts":3.5},{"period":"2024-10","revenue":68730.0,"cost":31790.0,"margin":53.7,"units":2184,"transactions":1554,"profit":36940.0,"revenue_change_pct":31.8,"units_change_pct":32.8,"margin_change_pts":-3.5},{"period":"2024-11","revenue":53653.9990234375,"cost":27422.5,"margin":48.9,"units":1844,"transactions":1358,"profit":26231.4990234375,"revenue_change_pct":-21.9,"units_change_pct":-15.6,"margin_change_pts":-4.9},{"period":"2024-12","revenue":84564.1015625,"cost":37900.0,"margin":55.2,"units":2414,"transactions":1786,"profit":46664.1015625,"revenue_change_pct":57.6,"units_change_pct":30.9,"margin_change_pts":6.3},{"period":"2025-01","revenue":152119.873046875,"cost":66275.0,"margin":56.4,"units":4468,"transactions":2930,"profit":85844.873046875,"revenue_change_pct":79.9,"units_change_pct":85.1,"margin_change_pts":1.3},{"period":"2025-02","revenue":125731.728515625,"cost":55795.0,"margin":55.6,"units":3782,"transactions":2558,"profit":69936.7236328125,"revenue_change_pct":-17.3,"units_change_pct":-15.4,"margin_change_pts":-0.8},{"period":"2025-03","revenue":90516.50390625,"cost":40178.75,"margin":55.6,"units":2664,"transactions":1792,"profit":50337.7490234375,"revenue_change_pct":-28.0,"units_change_pct":-29.6,"margin_change_pts":-0.0},{"period":"2025-04","revenue":96928.603515625,"cost":48871.25,"margin":49.6,"units":3258,"transactions":2208,"profit":48057.3486328125,"revenue_change_pct":7.1,"units_change_pct":22.3,"margin_change_pts":-6.0},{"period":"2025-05","revenue":98811.298828125,"cost":44572.5,"margin":54.9,"units":3010,"transactions":1912,"profit":54238.798828125,"revenue_change_pct":1.9,"units_change_pct":-7.6,"margin_change_pts":5.3},{"period":"2025-06","revenue":29602.099609375,"cost":13552.5,"margin":54.2,"units":848,"transactions":620,"profit":16049.599609375,"revenue_change_pct":-70.0,"units_change_pct":-71.8,"margin_change_pts":-0.7},{"period":"2025-07","revenue":7053.9752197265625,"cost":3327.5,"margin":52.8,"units":220,"transactions":188,"profit":3726.4749145507812,"revenue_change_pct":-76.2,"units_change_pct":-74.1,"margin_change_pts":-1.4},{"period":"2025-08","revenue":2127.5,"cost":1060.0,"margin":50.2,"units":66,"transactions":62,"profit":1067.5,"revenue_change_pct":-69.8,"units_change_pct":-70.0,"margin_change_pts":-2.7},{"period":"2025-09","revenue":1138.75,"cost":590.0,"margin":48.2,"units":44,"transactions":44,"profit":548.75,"revenue_change_pct":-46.5,"units_change_pct":-33.3,"margin_change_pts":-2.0},{"period":"2025-10","revenue":528.125,"cost":325.0,"margin":38.5,"units":26,"transactions":24,"profit":203.125,"revenue_change_pct":-53.6,"units_change_pct":-40.9,"margin_change_pts":-9.7}]}