{"brand":"SPIKED FLAMINGO","date_range":"2024-01-01 00:00:00 to 2026-01-31 00:00:00","period_label":"All Time","summary":{"total_units":36532,"total_revenue":1223841.40625,"total_cost":551458.828125,"total_discounts":361321.09375,"total_profit":672382.5,"overall_margin":54.900001525878906,"fp_margin":62.79999923706055,"disc_margin":51.29999923706055,"pct_full_price":31.799999237060547,"avg_discount_rate":22.799999237060547,"fp_revenue":389220.0,"disc_revenue":834621.40625,"unique_customers":18434,"brand":"SPIKED FLAMINGO","date_range":"2024-01-01 00:00:00 to 2026-01-31 00:00:00","months_count":44,"avg_monthly_cost":25066.300000000003,"cost_per_unit":30.2,"primary_category":"FLOWER","primary_cat_margin":54.099998474121094,"category_rank":32,"category_total":64,"margin_vs_category":0.800000011920929,"velocity_rank":29},"category_breakdown":[{"category_clean":"FLOWER","units":16088,"revenue":435194.9609375,"cost":199961.25,"profit":235233.73046875,"discounts":167817.51953125,"margin":54.099998474121094,"category_avg_margin":54.099998474121094,"vs_category":0.0,"rank":32.0,"total_brands":64.0},{"category_clean":"TINCTURE","units":8516,"revenue":385193.59375,"cost":174005.09765625,"profit":211188.49609375,"discounts":49316.4013671875,"margin":54.79999923706055,"category_avg_margin":54.79999923706055,"vs_category":0.0,"rank":1.0,"total_brands":2.0},{"category_clean":"CARTRIDGE","units":8302,"revenue":264911.4453125,"cost":114332.5,"profit":150578.9453125,"discounts":98301.0546875,"margin":56.79999923706055,"category_avg_margin":50.400001525878906,"vs_category":6.4,"rank":17.0,"total_brands":27.0},{"category_clean":"DISPOSABLE VAPE","units":3524,"revenue":135655.126953125,"cost":61385.0,"profit":74270.126953125,"discounts":45159.873046875,"margin":54.70000076293945,"category_avg_margin":52.79999923706055,"vs_category":1.9,"rank":23.0,"total_brands":35.0},{"category_clean":"INFUSED PACK","units":80,"revenue":2341.25,"cost":1500.0,"profit":841.25,"discounts":721.25,"margin":35.900001525878906,"category_avg_margin":47.70000076293945,"vs_category":-11.8,"rank":12.0,"total_brands":12.0},{"category_clean":"INFUSED PRE ROLL","units":22,"revenue":545.0,"cost":275.0,"profit":270.0,"discounts":5.0,"margin":49.5,"category_avg_margin":47.29999923706055,"vs_category":2.2,"rank":24.0,"total_brands":25.0}],"trend":[{"period":"2024-01","revenue":3976.25,"cost":2525.0,"margin":36.5,"units":132,"transactions":114,"profit":1451.25,"revenue_change_pct":null,"units_change_pct":null,"margin_change_pts":null},{"period":"2024-02","revenue":57905.3759765625,"cost":25463.75,"margin":56.0,"units":1648,"transactions":1266,"profit":32441.6259765625,"revenue_change_pct":1356.3,"units_change_pct":1148.5,"margin_change_pts":19.5},{"period":"2024-03","revenue":66469.7509765625,"cost":28602.5,"margin":57.0,"units":1902,"transactions":1560,"profit":37867.2509765625,"revenue_change_pct":14.8,"units_change_pct":15.4,"margin_change_pts":0.9},{"period":"2024-04","revenue":52347.2509765625,"cost":23207.5,"margin":55.7,"units":1444,"transactions":1108,"profit":29139.7509765625,"revenue_change_pct":-21.2,"units_change_pct":-24.1,"margin_change_pts":-1.3},{"period":"2024-05","revenue":50877.5,"cost":21700.0,"margin":57.3,"units":1402,"transactions":1152,"profit":29177.5,"revenue_change_pct":-2.8,"units_change_pct":-2.9,"margin_change_pts":1.7},{"period":"2024-06","revenue":49769.9755859375,"cost":21020.0,"margin":57.8,"units":1276,"transactions":1002,"profit":28749.9755859375,"revenue_change_pct":-2.2,"units_change_pct":-9.0,"margin_change_pts":0.4},{"period":"2024-07","revenue":43184.375,"cost":18490.0,"margin":57.2,"units":1176,"transactions":984,"profit":24694.375,"revenue_change_pct":-13.2,"units_change_pct":-7.8,"margin_change_pts":-0.6},{"period":"2024-08","revenue":35658.75,"cost":16505.0,"margin":53.7,"units":1080,"transactions":902,"profit":19153.75,"revenue_change_pct":-17.4,"units_change_pct":-8.2,"margin_change_pts":-3.5},{"period":"2024-09","revenue":52145.625,"cost":22285.10009765625,"margin":57.3,"units":1644,"transactions":1256,"profit":29860.52490234375,"revenue_change_pct":46.2,"units_change_pct":52.2,"margin_change_pts":3.5},{"period":"2024-10","revenue":68730.0,"cost":31790.0,"margin":53.7,"units":2184,"transactions":1554,"profit":36940.0,"revenue_change_pct":31.8,"units_change_pct":32.8,"margin_change_pts":-3.5},{"period":"2024-11","revenue":53653.9990234375,"cost":27422.5,"margin":48.9,"units":1844,"transactions":1358,"profit":26231.4990234375,"revenue_change_pct":-21.9,"units_change_pct":-15.6,"margin_change_pts":-4.9},{"period":"2024-12","revenue":84564.1015625,"cost":37900.0,"margin":55.2,"units":2414,"transactions":1786,"profit":46664.1015625,"revenue_change_pct":57.6,"units_change_pct":30.9,"margin_change_pts":6.3},{"period":"2025-01","revenue":152119.873046875,"cost":66275.0,"margin":56.4,"units":4468,"transactions":2930,"profit":85844.873046875,"revenue_change_pct":79.9,"units_change_pct":85.1,"margin_change_pts":1.3},{"period":"2025-02","revenue":125731.728515625,"cost":55795.0,"margin":55.6,"units":3782,"transactions":2558,"profit":69936.7236328125,"revenue_change_pct":-17.3,"units_change_pct":-15.4,"margin_change_pts":-0.8},{"period":"2025-03","revenue":90516.50390625,"cost":40178.75,"margin":55.6,"units":2664,"transactions":1792,"profit":50337.7490234375,"revenue_change_pct":-28.0,"units_change_pct":-29.6,"margin_change_pts":-0.0},{"period":"2025-04","revenue":96928.603515625,"cost":48871.25,"margin":49.6,"units":3258,"transactions":2208,"profit":48057.3486328125,"revenue_change_pct":7.1,"units_change_pct":22.3,"margin_change_pts":-6.0},{"period":"2025-05","revenue":98811.298828125,"cost":44572.5,"margin":54.9,"units":3010,"transactions":1912,"profit":54238.798828125,"revenue_change_pct":1.9,"units_change_pct":-7.6,"margin_change_pts":5.3},{"period":"2025-06","revenue":29602.099609375,"cost":13552.5,"margin":54.2,"units":848,"transactions":620,"profit":16049.599609375,"revenue_change_pct":-70.0,"units_change_pct":-71.8,"margin_change_pts":-0.7},{"period":"2025-07","revenue":7053.9752197265625,"cost":3327.5,"margin":52.8,"units":220,"transactions":188,"profit":3726.4749145507812,"revenue_change_pct":-76.2,"units_change_pct":-74.1,"margin_change_pts":-1.4},{"period":"2025-08","revenue":2127.5,"cost":1060.0,"margin":50.2,"units":66,"transactions":62,"profit":1067.5,"revenue_change_pct":-69.8,"units_change_pct":-70.0,"margin_change_pts":-2.7},{"period":"2025-09","revenue":1138.75,"cost":590.0,"margin":48.2,"units":44,"transactions":44,"profit":548.75,"revenue_change_pct":-46.5,"units_change_pct":-33.3,"margin_change_pts":-2.0},{"period":"2025-10","revenue":528.125,"cost":325.0,"margin":38.5,"units":26,"transactions":24,"profit":203.125,"revenue_change_pct":-53.6,"units_change_pct":-40.9,"margin_change_pts":-9.7}],"share_of_category":[{"category":"FLOWER","brand_revenue":435195.0,"category_revenue":77755450.0,"revenue_share_pct":0.6000000238418579,"brand_units":16088,"category_units":2708446,"units_share_pct":0.6},{"category":"TINCTURE","brand_revenue":385193.59375,"category_revenue":385564.84375,"revenue_share_pct":99.9000015258789,"brand_units":8516,"category_units":8538,"units_share_pct":99.7},{"category":"CARTRIDGE","brand_revenue":264911.4453125,"category_revenue":46155130.0,"revenue_share_pct":0.6000000238418579,"brand_units":8302,"category_units":1532896,"units_share_pct":0.5},{"category":"DISPOSABLE VAPE","brand_revenue":135655.1171875,"category_revenue":30552405.0,"revenue_share_pct":0.4000000059604645,"brand_units":3524,"category_units":756548,"units_share_pct":0.5},{"category":"INFUSED PACK","brand_revenue":2341.25,"category_revenue":8259010.0,"revenue_share_pct":0.0,"brand_units":80,"category_units":240090,"units_share_pct":0.0},{"category":"INFUSED PRE ROLL","brand_revenue":545.0,"category_revenue":10308101.25,"revenue_share_pct":0.0,"brand_units":22,"category_units":488074,"units_share_pct":0.0}],"share_of_category_trend":{"FLOWER":[{"period":"2024-01","brand_revenue":0.0,"category_revenue":3552357.8125,"share_pct":0.0},{"period":"2024-02","brand_revenue":34972.5,"category_revenue":3535245.625,"share_pct":1.0},{"period":"2024-03","brand_revenue":39293.00048828125,"category_revenue":3693805.625,"share_pct":1.100000023841858},{"period":"2024-04","brand_revenue":23803.27392578125,"category_revenue":3541899.6875,"share_pct":0.699999988079071},{"period":"2024-05","brand_revenue":26365.0,"category_revenue":3537479.375,"share_pct":0.699999988079071},{"period":"2024-06","brand_revenue":19853.75,"category_revenue":3403269.6875,"share_pct":0.6000000238418579},{"period":"2024-07","brand_revenue":19967.5,"category_revenue":3457705.9375,"share_pct":0.6000000238418579},{"period":"2024-08","brand_revenue":18021.25,"category_revenue":3453819.375,"share_pct":0.5},{"period":"2024-09","brand_revenue":30068.75,"category_revenue":3316441.5625,"share_pct":0.8999999761581421},{"period":"2024-10","brand_revenue":41552.5,"category_revenue":3585775.0,"share_pct":1.2000000476837158},{"period":"2024-11","brand_revenue":25590.0,"category_revenue":3454855.3125,"share_pct":0.699999988079071},{"period":"2024-12","brand_revenue":24551.4990234375,"category_revenue":3226567.8125,"share_pct":0.800000011920929},{"period":"2025-01","brand_revenue":26747.5,"category_revenue":2984938.125,"share_pct":0.8999999761581421},{"period":"2025-02","brand_revenue":35810.27587890625,"category_revenue":2816220.0,"share_pct":1.2999999523162842},{"period":"2025-03","brand_revenue":16362.950439453125,"category_revenue":2911379.6875,"share_pct":0.6000000238418579},{"period":"2025-04","brand_revenue":22511.25,"category_revenue":3118895.3125,"share_pct":0.699999988079071},{"period":"2025-05","brand_revenue":20673.349609375,"category_revenue":2887345.0,"share_pct":0.699999988079071},{"period":"2025-06","brand_revenue":5237.5,"category_revenue":2773698.125,"share_pct":0.20000000298023224},{"period":"2025-07","brand_revenue":1946.25,"category_revenue":2782763.125,"share_pct":0.10000000149011612},{"period":"2025-08","brand_revenue":432.5,"category_revenue":2733122.8125,"share_pct":0.0},{"period":"2025-09","brand_revenue":906.25,"category_revenue":2603501.5625,"share_pct":0.0},{"period":"2025-10","brand_revenue":528.125,"category_revenue":2663705.0,"share_pct":0.0},{"period":"2025-11","brand_revenue":0.0,"category_revenue":2700189.0625,"share_pct":0.0},{"period":"2025-12","brand_revenue":0.0,"category_revenue":2515209.53125,"share_pct":0.0},{"period":"2026-01","brand_revenue":0.0,"category_revenue":2505261.875,"share_pct":0.0}],"TINCTURE":[{"period":"2024-01","brand_revenue":1090.0,"category_revenue":1461.25,"share_pct":74.5999984741211},{"period":"2024-02","brand_revenue":22932.8759765625,"category_revenue":22932.8759765625,"share_pct":100.0},{"period":"2024-03","brand_revenue":27176.75048828125,"category_revenue":27176.75048828125,"share_pct":100.0},{"period":"2024-04","brand_revenue":28543.974609375,"category_revenue":28543.974609375,"share_pct":100.0},{"period":"2024-05","brand_revenue":24512.5,"category_revenue":24512.5,"share_pct":100.0},{"period":"2024-06","brand_revenue":29916.2255859375,"category_revenue":29916.2255859375,"share_pct":100.0},{"period":"2024-07","brand_revenue":23216.875,"category_revenue":23216.875,"share_pct":100.0},{"period":"2024-08","brand_revenue":17637.5,"category_revenue":17637.5,"share_pct":100.0},{"period":"2024-09","brand_revenue":22076.875,"category_revenue":22076.875,"share_pct":100.0},{"period":"2024-10","brand_revenue":27177.5,"category_revenue":27177.5,"share_pct":100.0},{"period":"2024-11","brand_revenue":16438.75,"category_revenue":16438.75,"share_pct":100.0},{"period":"2024-12","brand_revenue":23935.0,"category_revenue":23935.0,"share_pct":100.0},{"period":"2025-01","brand_revenue":22447.5,"category_revenue":22447.5,"share_pct":100.0},{"period":"2025-02","brand_revenue":25895.625,"category_revenue":25895.625,"share_pct":100.0},{"period":"2025-03","brand_revenue":18506.25,"category_revenue":18506.25,"share_pct":100.0},{"period":"2025-04","brand_revenue":22590.6494140625,"category_revenue":22590.6494140625,"share_pct":100.0},{"period":"2025-05","brand_revenue":19645.625,"category_revenue":19645.625,"share_pct":100.0},{"period":"2025-06","brand_revenue":9635.625,"category_revenue":9635.625,"share_pct":100.0},{"period":"2025-07","brand_revenue":1560.0,"category_revenue":1560.0,"share_pct":100.0},{"period":"2025-08","brand_revenue":257.5,"category_revenue":257.5,"share_pct":100.0}],"CARTRIDGE":[{"period":"2024-01","brand_revenue":0.0,"category_revenue":2057675.625,"share_pct":0.0},{"period":"2024-02","brand_revenue":0.0,"category_revenue":2141777.8125,"share_pct":0.0},{"period":"2024-03","brand_revenue":0.0,"category_revenue":2288552.1875,"share_pct":0.0},{"period":"2024-04","brand_revenue":0.0,"category_revenue":2096820.46875,"share_pct":0.0},{"period":"2024-05","brand_revenue":0.0,"category_revenue":2138038.59375,"share_pct":0.0},{"period":"2024-06","brand_revenue":0.0,"category_revenue":2017623.90625,"share_pct":0.0},{"period":"2024-07","brand_revenue":0.0,"category_revenue":2031918.28125,"share_pct":0.0},{"period":"2024-08","brand_revenue":0.0,"category_revenue":2132382.65625,"share_pct":0.0},{"period":"2024-09","brand_revenue":0.0,"category_revenue":1955407.03125,"share_pct":0.0},{"period":"2024-10","brand_revenue":0.0,"category_revenue":2083993.125,"share_pct":0.0},{"period":"2024-11","brand_revenue":5591.25,"category_revenue":2038609.375,"share_pct":0.30000001192092896},{"period":"2024-12","brand_revenue":10718.75,"category_revenue":2003932.03125,"share_pct":0.5},{"period":"2025-01","brand_revenue":69000.3759765625,"category_revenue":1921719.21875,"share_pct":3.5999999046325684},{"period":"2025-02","brand_revenue":43323.3984375,"category_revenue":1668647.5,"share_pct":2.5999999046325684},{"period":"2025-03","brand_revenue":37753.04931640625,"category_revenue":1758711.25,"share_pct":2.0999999046325684},{"period":"2025-04","brand_revenue":43235.9521484375,"category_revenue":1735997.5,"share_pct":2.5},{"period":"2025-05","brand_revenue":45225.72265625,"category_revenue":1688800.46875,"share_pct":2.700000047683716},{"period":"2025-06","brand_revenue":7777.7252197265625,"category_revenue":1594515.0,"share_pct":0.5},{"period":"2025-07","brand_revenue":1977.7250671386719,"category_revenue":1595739.53125,"share_pct":0.10000000149011612},{"period":"2025-08","brand_revenue":307.5,"category_revenue":1677489.6875,"share_pct":0.0},{"period":"2025-09","brand_revenue":0.0,"category_revenue":1539547.96875,"share_pct":0.0},{"period":"2025-10","brand_revenue":0.0,"category_revenue":1548909.21875,"share_pct":0.0},{"period":"2025-11","brand_revenue":0.0,"category_revenue":1545430.15625,"share_pct":0.0},{"period":"2025-12","brand_revenue":0.0,"category_revenue":1467828.28125,"share_pct":0.0},{"period":"2026-01","brand_revenue":0.0,"category_revenue":1425064.0625,"share_pct":0.0}],"DISPOSABLE VAPE":[{"period":"2024-01","brand_revenue":0.0,"category_revenue":933474.921875,"share_pct":0.0},{"period":"2024-02","brand_revenue":0.0,"category_revenue":877782.109375,"share_pct":0.0},{"period":"2024-03","brand_revenue":0.0,"category_revenue":990692.03125,"share_pct":0.0},{"period":"2024-04","brand_revenue":0.0,"category_revenue":971952.1875,"share_pct":0.0},{"period":"2024-05","brand_revenue":0.0,"category_revenue":1035100.46875,"share_pct":0.0},{"period":"2024-06","brand_revenue":0.0,"category_revenue":1039794.21875,"share_pct":0.0},{"period":"2024-07","brand_revenue":0.0,"category_revenue":1081636.5625,"share_pct":0.0},{"period":"2024-08","brand_revenue":0.0,"category_revenue":1098658.125,"share_pct":0.0},{"period":"2024-09","brand_revenue":0.0,"category_revenue":1056394.53125,"share_pct":0.0},{"period":"2024-10","brand_revenue":0.0,"category_revenue":1197041.171875,"share_pct":0.0},{"period":"2024-11","brand_revenue":6034.000244140625,"category_revenue":1193980.234375,"share_pct":0.5},{"period":"2024-12","brand_revenue":25358.85009765625,"category_revenue":1222008.984375,"share_pct":2.0999999046325684},{"period":"2025-01","brand_revenue":33924.49951171875,"category_revenue":1100552.421875,"share_pct":3.0999999046325684},{"period":"2025-02","brand_revenue":20702.42431640625,"category_revenue":1167271.25,"share_pct":1.7999999523162842},{"period":"2025-03","brand_revenue":17894.25048828125,"category_revenue":1348856.71875,"share_pct":1.2999999523162842},{"period":"2025-04","brand_revenue":8590.750122070312,"category_revenue":1414639.84375,"share_pct":0.6000000238418579},{"period":"2025-05","brand_revenue":13266.600341796875,"category_revenue":1460588.4375,"share_pct":0.8999999761581421},{"period":"2025-06","brand_revenue":6951.25,"category_revenue":1320852.96875,"share_pct":0.5},{"period":"2025-07","brand_revenue":1570.0,"category_revenue":1451194.84375,"share_pct":0.10000000149011612},{"period":"2025-08","brand_revenue":1130.0,"category_revenue":1403520.625,"share_pct":0.10000000149011612},{"period":"2025-09","brand_revenue":232.5,"category_revenue":1317518.125,"share_pct":0.0},{"period":"2025-10","brand_revenue":0.0,"category_revenue":1511693.75,"share_pct":0.0},{"period":"2025-11","brand_revenue":0.0,"category_revenue":1481709.21875,"share_pct":0.0},{"period":"2025-12","brand_revenue":0.0,"category_revenue":1476896.875,"share_pct":0.0},{"period":"2026-01","brand_revenue":0.0,"category_revenue":1398594.84375,"share_pct":0.0}],"INFUSED PACK":[{"period":"2024-01","brand_revenue":2341.25,"category_revenue":204601.875,"share_pct":1.100000023841858},{"period":"2024-02","brand_revenue":0.0,"category_revenue":221156.7578125,"share_pct":0.0},{"period":"2024-03","brand_revenue":0.0,"category_revenue":257436.93359375,"share_pct":0.0},{"period":"2024-04","brand_revenue":0.0,"category_revenue":301537.3046875,"share_pct":0.0},{"period":"2024-05","brand_revenue":0.0,"category_revenue":301873.0078125,"share_pct":0.0},{"period":"2024-06","brand_revenue":0.0,"category_revenue":300488.6328125,"share_pct":0.0},{"period":"2024-07","brand_revenue":0.0,"category_revenue":303570.80078125,"share_pct":0.0},{"period":"2024-08","brand_revenue":0.0,"category_revenue":283995.625,"share_pct":0.0},{"period":"2024-09","brand_revenue":0.0,"category_revenue":331664.1796875,"share_pct":0.0},{"period":"2024-10","brand_revenue":0.0,"category_revenue":311486.1328125,"share_pct":0.0},{"period":"2024-11","brand_revenue":0.0,"category_revenue":306613.92578125,"share_pct":0.0},{"period":"2024-12","brand_revenue":0.0,"category_revenue":298008.41796875,"share_pct":0.0},{"period":"2025-01","brand_revenue":0.0,"category_revenue":269244.765625,"share_pct":0.0},{"period":"2025-02","brand_revenue":0.0,"category_revenue":309579.8046875,"share_pct":0.0},{"period":"2025-03","brand_revenue":0.0,"category_revenue":312908.80859375,"share_pct":0.0},{"period":"2025-04","brand_revenue":0.0,"category_revenue":389974.3359375,"share_pct":0.0},{"period":"2025-05","brand_revenue":0.0,"category_revenue":404824.9609375,"share_pct":0.0},{"period":"2025-06","brand_revenue":0.0,"category_revenue":383193.4765625,"share_pct":0.0},{"period":"2025-07","brand_revenue":0.0,"category_revenue":437456.640625,"share_pct":0.0},{"period":"2025-08","brand_revenue":0.0,"category_revenue":391817.578125,"share_pct":0.0},{"period":"2025-09","brand_revenue":0.0,"category_revenue":367221.40625,"share_pct":0.0},{"period":"2025-10","brand_revenue":0.0,"category_revenue":423332.109375,"share_pct":0.0},{"period":"2025-11","brand_revenue":0.0,"category_revenue":395184.53125,"share_pct":0.0},{"period":"2025-12","brand_revenue":0.0,"category_revenue":387500.234375,"share_pct":0.0},{"period":"2026-01","brand_revenue":0.0,"category_revenue":364337.6171875,"share_pct":0.0}],"INFUSED PRE ROLL":[{"period":"2024-01","brand_revenue":545.0,"category_revenue":410907.8515625,"share_pct":0.10000000149011612},{"period":"2024-02","brand_revenue":0.0,"category_revenue":458711.484375,"share_pct":0.0},{"period":"2024-03","brand_revenue":0.0,"category_revenue":427464.375,"share_pct":0.0},{"period":"2024-04","brand_revenue":0.0,"category_revenue":428699.9609375,"share_pct":0.0},{"period":"2024-05","brand_revenue":0.0,"category_revenue":501098.3203125,"share_pct":0.0},{"period":"2024-06","brand_revenue":0.0,"category_revenue":477320.78125,"share_pct":0.0},{"period":"2024-07","brand_revenue":0.0,"category_revenue":479382.109375,"share_pct":0.0},{"period":"2024-08","brand_revenue":0.0,"category_revenue":474359.1015625,"share_pct":0.0},{"period":"2024-09","brand_revenue":0.0,"category_revenue":424280.1171875,"share_pct":0.0},{"period":"2024-10","brand_revenue":0.0,"category_revenue":470840.6640625,"share_pct":0.0},{"period":"2024-11","brand_revenue":0.0,"category_revenue":424285.1171875,"share_pct":0.0},{"period":"2024-12","brand_revenue":0.0,"category_revenue":432093.1640625,"share_pct":0.0},{"period":"2025-01","brand_revenue":0.0,"category_revenue":358002.890625,"share_pct":0.0},{"period":"2025-02","brand_revenue":0.0,"category_revenue":325080.17578125,"share_pct":0.0},{"period":"2025-03","brand_revenue":0.0,"category_revenue":347380.078125,"share_pct":0.0},{"period":"2025-04","brand_revenue":0.0,"category_revenue":401341.40625,"share_pct":0.0},{"period":"2025-05","brand_revenue":0.0,"category_revenue":378076.09375,"share_pct":0.0},{"period":"2025-06","brand_revenue":0.0,"category_revenue":354019.6484375,"share_pct":0.0},{"period":"2025-07","brand_revenue":0.0,"category_revenue":416008.203125,"share_pct":0.0},{"period":"2025-08","brand_revenue":0.0,"category_revenue":425283.28125,"share_pct":0.0},{"period":"2025-09","brand_revenue":0.0,"category_revenue":378313.75,"share_pct":0.0},{"period":"2025-10","brand_revenue":0.0,"category_revenue":389168.3203125,"share_pct":0.0},{"period":"2025-11","brand_revenue":0.0,"category_revenue":390541.3671875,"share_pct":0.0},{"period":"2025-12","brand_revenue":0.0,"category_revenue":392812.34375,"share_pct":0.0},{"period":"2026-01","brand_revenue":0.0,"category_revenue":342630.7421875,"share_pct":0.0}]},"discount_depth":[{"tier":"0% (Full Price)","transactions":7478,"pct_of_transactions":24.0,"revenue":389220.0,"avg_discount":0.0},{"tier":"1-10%","transactions":1694,"pct_of_transactions":5.4,"revenue":90673.10546875,"avg_discount":19.799999237060547},{"tier":"11-20%","transactions":650,"pct_of_transactions":2.1,"revenue":35746.69921875,"avg_discount":38.400001525878906},{"tier":"21-30%","transactions":4270,"pct_of_transactions":13.7,"revenue":160364.248046875,"avg_discount":56.599998474121094},{"tier":"31%+","transactions":9468,"pct_of_transactions":30.4,"revenue":296036.85546875,"avg_discount":72.80000305175781}],"velocity":{"units_per_day":56.46,"revenue_per_day":1891.5750122070312,"avg_units_per_txn":2.76,"days_of_data":647,"total_units":36532,"total_transactions":26380},"velocity_by_category":[{"category":"TINCTURE","brand_units_per_day":11.18,"category_avg_units_per_day":5.6,"velocity_index":199.5,"brand_rev_per_unit":36.19,"category_rev_per_unit":36.13,"brands_in_category":2},{"category":"FLOWER","brand_units_per_day":21.12,"category_avg_units_per_day":55.54,"velocity_index":38.0,"brand_rev_per_unit":21.64,"category_rev_per_unit":22.97,"brands_in_category":64},{"category":"DISPOSABLE VAPE","brand_units_per_day":4.62,"category_avg_units_per_day":28.36,"velocity_index":16.3,"brand_rev_per_unit":30.8,"category_rev_per_unit":32.31,"brands_in_category":35},{"category":"CARTRIDGE","brand_units_per_day":10.9,"category_avg_units_per_day":74.5,"velocity_index":14.6,"brand_rev_per_unit":25.53,"category_rev_per_unit":24.09,"brands_in_category":27},{"category":"INFUSED PACK","brand_units_per_day":0.1,"category_avg_units_per_day":26.26,"velocity_index":0.4,"brand_rev_per_unit":23.41,"category_rev_per_unit":27.52,"brands_in_category":12},{"category":"INFUSED PRE ROLL","brand_units_per_day":0.02,"category_avg_units_per_day":25.62,"velocity_index":0.1,"brand_rev_per_unit":19.82,"category_rev_per_unit":16.9,"brands_in_category":25}],"deals":[{"deal_name":"Stock & Save - 1/4 for $40","times_used":6138,"units":8748.0,"revenue":218623.8250017166,"discounts":109626.17499828339,"cost":107691.25,"profit":110932.57500112057,"pre_discount_revenue":328250.0,"margin":50.7,"avg_discount":66.8},{"deal_name":"Industry - 30% Off","times_used":4240,"units":5272.0,"revenue":156386.6747379303,"discounts":67300.82525253296,"cost":75741.29999999888,"profit":80645.37474453449,"pre_discount_revenue":223687.5,"margin":51.6,"avg_discount":60.2},{"deal_name":"Stock & Save - 3 for $75 - Srene / Select / Big Chief Carts","times_used":1354,"units":2799.0,"revenue":87469.52500343323,"discounts":34986.72499895096,"cost":38508.75,"profit":48960.77500104904,"pre_discount_revenue":122456.25,"margin":56.0,"avg_discount":57.2},{"deal_name":"Senior - 10% Off","times_used":690,"units":927.0,"revenue":39861.12493515015,"discounts":4490.124983787537,"cost":16763.75,"profit":23097.374935150146,"pre_discount_revenue":44351.25,"margin":57.9,"avg_discount":20.2},{"deal_name":"Spiked Flamingo Carts 2 for $50","times_used":594,"units":1364.0,"revenue":42666.500005722046,"discounts":17360.999999046326,"cost":19042.5,"profit":23624.000000953674,"pre_discount_revenue":60027.5,"margin":55.4,"avg_discount":57.8},{"deal_name":"4/20 2025 - Flower / Infused","times_used":452,"units":668.0,"revenue":14760.524997711182,"discounts":14781.975002288818,"cost":9615.0,"profit":5145.525000095367,"pre_discount_revenue":29542.5,"margin":34.9,"avg_discount":100.0},{"deal_name":"30% Off Special","times_used":406,"units":472.0,"revenue":14997.5,"discounts":6427.5,"cost":8167.5,"profit":6830.0,"pre_discount_revenue":21425.0,"margin":45.5,"avg_discount":60.0},{"deal_name":"Senior / Veterans - 20% Off","times_used":290,"units":432.0,"revenue":16585.0,"discounts":4040.0,"cost":7885.0,"profit":8700.0,"pre_discount_revenue":20625.0,"margin":52.5,"avg_discount":39.2},{"deal_name":"Jackpot - Locals 30% Off","times_used":288,"units":408.0,"revenue":12354.999995231628,"discounts":5295.000004768372,"cost":6005.0,"profit":6349.999995231628,"pre_discount_revenue":17650.0,"margin":51.4,"avg_discount":60.0},{"deal_name":"Industry 30% Off","times_used":282,"units":388.0,"revenue":12504.249997138977,"discounts":5385.750002861023,"cost":6137.5,"profit":6366.749997138977,"pre_discount_revenue":17890.0,"margin":50.9,"avg_discount":60.2},{"deal_name":"Spiked Flamingo 0.5g Disposables 2 for $60","times_used":276,"units":580.0,"revenue":21735.0,"discounts":8347.5,"cost":10120.0,"profit":11615.0,"pre_discount_revenue":30082.5,"margin":53.4,"avg_discount":55.4},{"deal_name":"Veterans - 10% Off","times_used":256,"units":320.0,"revenue":13011.249980926514,"discounts":1601.2499952316284,"cost":5377.5,"profit":7633.749980926514,"pre_discount_revenue":14612.5,"margin":58.7,"avg_discount":22.0},{"deal_name":"GW - 50% Off Vapes","times_used":216,"units":316.0,"revenue":7420.0,"discounts":7420.0,"cost":4727.5,"profit":2692.5,"pre_discount_revenue":14840.0,"margin":36.3,"avg_discount":100.0},{"deal_name":"4/20 2025 - Vapes","times_used":194,"units":282.0,"revenue":7050.650000572205,"discounts":7101.849999427795,"cost":5610.0,"profit":1440.6499999761581,"pre_discount_revenue":14152.5,"margin":20.4,"avg_discount":100.4},{"deal_name":"4/20 40% Off!!!!","times_used":156,"units":202.0,"revenue":5092.5,"discounts":3395.0,"cost":3075.0,"profit":2017.5,"pre_discount_revenue":8487.5,"margin":39.6,"avg_discount":80.0},{"deal_name":"Spiked Flamingo 0.5g Disposables 2 for $65","times_used":148,"units":308.0,"revenue":10566.850004196167,"discounts":5463.149995803833,"cost":5382.5,"profit":5184.349999427795,"pre_discount_revenue":16030.0,"margin":49.1,"avg_discount":68.2},{"deal_name":"Spiked Flamingo 0.5g Disposables 2 for $55","times_used":144,"units":300.0,"revenue":10313.125,"discounts":4741.875,"cost":5250.0,"profit":5063.125,"pre_discount_revenue":15055.0,"margin":49.1,"avg_discount":63.0},{"deal_name":"Employee 30% - NOT FRIDAYS","times_used":132,"units":142.0,"revenue":4281.249990463257,"discounts":1906.2500095367432,"cost":2070.0,"profit":2211.249990463257,"pre_discount_revenue":6187.5,"margin":51.6,"avg_discount":61.6},{"deal_name":"GW - 50% Off Flower","times_used":92,"units":134.0,"revenue":2512.5,"discounts":2512.5,"cost":1675.0,"profit":837.5,"pre_discount_revenue":5025.0,"margin":33.3,"avg_discount":100.0},{"deal_name":"Lit4Less - 1/4 for $40","times_used":76,"units":96.0,"revenue":2400.0,"discounts":1200.0,"cost":1200.0,"profit":1200.0,"pre_discount_revenue":3600.0,"margin":50.0,"avg_discount":66.6},{"deal_name":"LVAC - 25% Off","times_used":72,"units":84.0,"revenue":2827.5,"discounts":942.5,"cost":1307.5,"profit":1520.0,"pre_discount_revenue":3770.0,"margin":53.8,"avg_discount":50.0},{"deal_name":"Employee - 40% OFF","times_used":66,"units":78.0,"revenue":2031.0000133514404,"discounts":1353.9999866485596,"cost":1105.0,"profit":925.9999966621399,"pre_discount_revenue":3385.0,"margin":45.6,"avg_discount":80.0},{"deal_name":"Sammy - Blowout Flower","times_used":34,"units":36.0,"revenue":771.875,"discounts":415.625,"cost":450.0,"profit":321.875,"pre_discount_revenue":1187.5,"margin":41.7,"avg_discount":70.0},{"deal_name":"30% Off Special!","times_used":12,"units":12.0,"revenue":367.5,"discounts":157.5,"cost":210.0,"profit":157.5,"pre_discount_revenue":525.0,"margin":42.9,"avg_discount":60.0},{"deal_name":"Spiked Flamingo Tinctures - 30% OFF","times_used":8,"units":8.0,"revenue":280.0,"discounts":120.0,"cost":200.0,"profit":80.0,"pre_discount_revenue":400.0,"margin":28.6,"avg_discount":60.0},{"deal_name":"Senior Sunday - SAHARA ONLY - 20% Off","times_used":4,"units":4.0,"revenue":153.99999618530273,"discounts":38.499999046325684,"cost":70.0,"profit":84.00000095367432,"pre_discount_revenue":192.5,"margin":54.5,"avg_discount":40.0},{"deal_name":"Senior Sunday - RENO ONLY - 20% Off","times_used":2,"units":4.0,"revenue":160.0,"discounts":40.0,"cost":80.0,"profit":80.0,"pre_discount_revenue":200.0,"margin":50.0,"avg_discount":40.0},{"deal_name":"25% OFF SALE","times_used":2,"units":10.0,"revenue":375.0,"discounts":125.0,"cost":250.0,"profit":125.0,"pre_discount_revenue":500.0,"margin":33.3,"avg_discount":50.0}],"top_products":[{"product":"NIGHTTIME 5:1 THC/CBD TINCTURE - SPIKED FLAMINGO","units":3646,"revenue":182068.828125,"cost":82250.0,"profit":99818.828125,"transactions":2848,"margin":54.79999923706055},{"product":"ANYTIME 1:1 THC/CBD TINCTURE - SPIKED FLAMINGO","units":2178,"revenue":96905.72265625,"cost":43710.0,"profit":53195.72265625,"transactions":1860,"margin":54.900001525878906},{"product":"DAYTIME 1:5 THC/CBD TINCTURE - SPIKED FLAMINGO","units":2412,"revenue":93618.5546875,"cost":42525.0,"profit":51093.5498046875,"transactions":2124,"margin":54.599998474121094},{"product":"HAWAIIAN KUSH CART - SPIKED FLAMINGO","units":2174,"revenue":69281.376953125,"cost":29892.5,"profit":39388.87451171875,"transactions":2000,"margin":56.900001525878906},{"product":"TROPICAL TRAINWRECK CART - SPIKED FLAMINGO","units":2102,"revenue":67833.1005859375,"cost":28902.5,"profit":38930.6005859375,"transactions":1830,"margin":57.400001525878906},{"product":"BLUEBERRY BUBBA CART - SPIKED FLAMINGO","units":2046,"revenue":64574.599609375,"cost":28132.5,"profit":36442.099609375,"transactions":1774,"margin":56.400001525878906},{"product":"OG STRAWBERRY CART - SPIKED FLAMINGO","units":1932,"revenue":61796.748046875,"cost":26565.0,"profit":35231.75048828125,"transactions":1730,"margin":57.0},{"product":"ORANGECELLO EIGHTH - SPIKED FLAMINGO","units":2098,"revenue":56255.2490234375,"cost":26237.5,"profit":30017.7490234375,"transactions":1736,"margin":53.400001525878906},{"product":"ZKITTLES X ANIMAL MINTS EIGHTH - SPIKED FLAMINGO","units":1462,"revenue":39640.77392578125,"cost":17275.0,"profit":22365.77392578125,"transactions":1250,"margin":56.400001525878906},{"product":"LAUGHING GAS X LEMON KUSH MINTS LR DISPOSABLE VAPE - SPIKED FLAMINGO","units":984,"revenue":37867.1240234375,"cost":17220.0,"profit":20647.1240234375,"transactions":868,"margin":54.5},{"product":"MEDELLIN X JET FUEL GELATO EIGHTH - SPIKED FLAMINGO","units":1374,"revenue":37242.724609375,"cost":17175.0,"profit":20067.724609375,"transactions":1084,"margin":53.900001525878906},{"product":"LAUGHING GAS X LEMON KUSH MINTS EIGHTH - SPIKED FLAMINGO","units":1244,"revenue":34833.00048828125,"cost":14573.75,"profit":20259.25048828125,"transactions":1012,"margin":58.20000076293945},{"product":"BLUE POWER X MAC EIGHTH - SPIKED FLAMINGO","units":1286,"revenue":32287.5,"cost":16075.0,"profit":16212.5,"transactions":1076,"margin":50.20000076293945},{"product":"RAZBERRY ORGAZM X LAVENDER LEMONADE LR DISPOSABLE VAPE - SPIKED FLAMINGO","units":740,"revenue":29666.14990234375,"cost":12702.5,"profit":16963.64990234375,"transactions":682,"margin":57.20000076293945},{"product":"ZELATO EIGHTH - SPIKED FLAMINGO","units":1056,"revenue":28276.25,"cost":13200.0,"profit":15076.25,"transactions":912,"margin":53.29999923706055},{"product":"PINEAPPLE FRUZ X BISCOTTI SHERB EIGHTH - SPIKED FLAMINGO","units":1012,"revenue":25550.0244140625,"cost":12862.5,"profit":12687.5244140625,"transactions":846,"margin":49.70000076293945},{"product":"ALIEN MINTS X PERMANENT MARKER EIGHTH - SPIKED FLAMINGO","units":824,"revenue":25210.0,"cost":10912.5,"profit":14297.5,"transactions":752,"margin":56.70000076293945},{"product":"HIPPIE SOAP EIGHTH - SPIKED FLAMINGO","units":782,"revenue":23307.5,"cost":9775.0,"profit":13532.5,"transactions":682,"margin":58.099998474121094},{"product":"ZKITTLES X ANIMAL MINTZ EIGHTH - SPIKED FLAMINGO","units":900,"revenue":22989.45068359375,"cost":11250.0,"profit":11739.449462890625,"transactions":716,"margin":51.099998474121094},{"product":"PLATINUM DAZE LR DISPOSABLE VAPE - SPIKED FLAMINGO","units":592,"revenue":22749.423828125,"cost":10322.5,"profit":12426.925048828125,"transactions":536,"margin":54.599998474121094},{"product":"JET FUEL X TANGIE POWER EIGHTH - SPIKED FLAMINGO","units":758,"revenue":22601.25,"cost":9475.0,"profit":13126.25,"transactions":674,"margin":58.099998474121094},{"product":"CHEM DAWG #2 EIGHTH - SPIKED FLAMINGO","units":876,"revenue":22550.0,"cost":10950.0,"profit":11600.0,"transactions":730,"margin":51.400001525878906},{"product":"APPLES BANANAS X SOURS BEST EIGHTH - SPIKED FLAMINGO","units":848,"revenue":21810.0,"cost":10600.0,"profit":11210.0,"transactions":684,"margin":51.400001525878906},{"product":"LICKZ EIGHTH - SPIKED FLAMINGO","units":462,"revenue":13715.0,"cost":5775.0,"profit":7940.0,"transactions":382,"margin":57.900001525878906},{"product":"PINEAPPLE SPLASH LR DISPOSABLE VAPE - SPIKED FLAMINGO","units":346,"revenue":13107.750244140625,"cost":6055.0,"profit":7052.750244140625,"transactions":298,"margin":53.79999923706055}],"products_by_store":{"Elevation Springs":[{"product":"NIGHTTIME 5:1 THC/CBD TINCTURE - SPIKED FLAMINGO","units":668,"revenue":33552.5,"cost":14900.0,"profit":18652.5,"transactions":522,"margin":55.599998474121094},{"product":"HAWAIIAN KUSH CART - SPIKED FLAMINGO","units":500,"revenue":16081.075439453125,"cost":6875.0,"profit":9206.074829101562,"transactions":466,"margin":57.20000076293945},{"product":"BLUEBERRY BUBBA CART - SPIKED FLAMINGO","units":444,"revenue":14118.125,"cost":6105.0,"profit":8013.125,"transactions":404,"margin":56.79999923706055},{"product":"OG STRAWBERRY CART - SPIKED FLAMINGO","units":440,"revenue":14002.950439453125,"cost":6050.0,"profit":7952.9498291015625,"transactions":402,"margin":56.79999923706055},{"product":"ANYTIME 1:1 THC/CBD TINCTURE - SPIKED FLAMINGO","units":322,"revenue":13642.724609375,"cost":6440.0,"profit":7202.7252197265625,"transactions":282,"margin":52.79999923706055},{"product":"DAYTIME 1:5 THC/CBD TINCTURE - SPIKED FLAMINGO","units":350,"revenue":13479.375,"cost":6050.0,"profit":7429.375,"transactions":312,"margin":55.099998474121094},{"product":"ORANGECELLO EIGHTH - SPIKED FLAMINGO","units":480,"revenue":13012.5,"cost":6012.5,"profit":7000.0,"transactions":412,"margin":53.79999923706055},{"product":"TROPICAL TRAINWRECK CART - SPIKED FLAMINGO","units":360,"revenue":11610.0,"cost":4950.0,"profit":6660.0,"transactions":334,"margin":57.400001525878906},{"product":"ZKITTLES X ANIMAL MINTS EIGHTH - SPIKED FLAMINGO","units":370,"revenue":9931.25,"cost":4375.0,"profit":5556.25,"transactions":322,"margin":55.900001525878906},{"product":"BLUE POWER X MAC EIGHTH - SPIKED FLAMINGO","units":322,"revenue":8197.5,"cost":4025.0,"profit":4172.5,"transactions":280,"margin":50.900001525878906},{"product":"LAUGHING GAS X LEMON KUSH MINTS EIGHTH - SPIKED FLAMINGO","units":250,"revenue":6882.5,"cost":2981.25,"profit":3901.25,"transactions":216,"margin":56.70000076293945},{"product":"ZELATO EIGHTH - SPIKED FLAMINGO","units":250,"revenue":6800.0,"cost":3125.0,"profit":3675.0,"transactions":224,"margin":54.0},{"product":"LAUGHING GAS X LEMON KUSH MINTS LR DISPOSABLE VAPE - SPIKED FLAMINGO","units":172,"revenue":6414.2498779296875,"cost":3010.0,"profit":3404.2498779296875,"transactions":134,"margin":53.099998474121094},{"product":"MEDELLIN X JET FUEL GELATO EIGHTH - SPIKED FLAMINGO","units":200,"revenue":5425.8502197265625,"cost":2500.0,"profit":2925.8499145507812,"transactions":154,"margin":53.900001525878906},{"product":"APPLES BANANAS X SOURS BEST EIGHTH - SPIKED FLAMINGO","units":200,"revenue":5240.0,"cost":2500.0,"profit":2740.0,"transactions":164,"margin":52.29999923706055}],"Elevation Mesa":[{"product":"NIGHTTIME 5:1 THC/CBD TINCTURE - SPIKED FLAMINGO","units":614,"revenue":27955.8740234375,"cost":13815.0,"profit":14140.875244140625,"transactions":448,"margin":50.599998474121094},{"product":"ANYTIME 1:1 THC/CBD TINCTURE - SPIKED FLAMINGO","units":350,"revenue":14495.50048828125,"cost":7000.0,"profit":7495.4998779296875,"transactions":298,"margin":51.70000076293945},{"product":"DAYTIME 1:5 THC/CBD TINCTURE - SPIKED FLAMINGO","units":394,"revenue":14166.875,"cost":6895.0,"profit":7271.875,"transactions":352,"margin":51.29999923706055},{"product":"HAWAIIAN KUSH CART - SPIKED FLAMINGO","units":442,"revenue":14097.275390625,"cost":6077.5,"profit":8019.7747802734375,"transactions":394,"margin":56.900001525878906},{"product":"BLUEBERRY BUBBA CART - SPIKED FLAMINGO","units":444,"revenue":14040.699462890625,"cost":6105.0,"profit":7935.7000732421875,"transactions":378,"margin":56.5},{"product":"TROPICAL TRAINWRECK CART - SPIKED FLAMINGO","units":330,"revenue":10740.224609375,"cost":4537.5,"profit":6202.7252197265625,"transactions":298,"margin":57.79999923706055},{"product":"ZKITTLES X ANIMAL MINTS EIGHTH - SPIKED FLAMINGO","units":372,"revenue":9974.525146484375,"cost":4650.0,"profit":5324.525146484375,"transactions":340,"margin":53.400001525878906},{"product":"ORANGECELLO EIGHTH - SPIKED FLAMINGO","units":350,"revenue":9157.5,"cost":4375.0,"profit":4782.5,"transactions":298,"margin":52.20000076293945},{"product":"LAUGHING GAS X LEMON KUSH MINTS EIGHTH - SPIKED FLAMINGO","units":304,"revenue":8492.5,"cost":3862.5,"profit":4630.0,"transactions":272,"margin":54.5},{"product":"LAUGHING GAS X LEMON KUSH MINTS LR DISPOSABLE VAPE - SPIKED FLAMINGO","units":216,"revenue":7990.875244140625,"cost":3780.0,"profit":4210.874938964844,"transactions":190,"margin":52.70000076293945},{"product":"BLUE POWER X MAC EIGHTH - SPIKED FLAMINGO","units":314,"revenue":7960.0,"cost":3925.0,"profit":4035.0,"transactions":276,"margin":50.70000076293945},{"product":"ZELATO EIGHTH - SPIKED FLAMINGO","units":286,"revenue":7651.25,"cost":3575.0,"profit":4076.25,"transactions":238,"margin":53.29999923706055},{"product":"ZKITTLES X ANIMAL MINTZ EIGHTH - SPIKED FLAMINGO","units":272,"revenue":7042.5,"cost":3400.0,"profit":3642.5,"transactions":228,"margin":51.70000076293945},{"product":"OG STRAWBERRY CART - SPIKED FLAMINGO","units":230,"revenue":7032.874755859375,"cost":3162.5,"profit":3870.3750610351562,"transactions":212,"margin":55.0},{"product":"PINEAPPLE FRUZ X BISCOTTI SHERB EIGHTH - SPIKED FLAMINGO","units":252,"revenue":6376.2750244140625,"cost":3150.0,"profit":3226.2750244140625,"transactions":222,"margin":50.599998474121094}],"Elevation Oasis":[{"product":"NIGHTTIME 5:1 THC/CBD TINCTURE - SPIKED FLAMINGO","units":1134,"revenue":58478.75,"cost":25515.0,"profit":32963.75,"transactions":850,"margin":56.400001525878906},{"product":"ANYTIME 1:1 THC/CBD TINCTURE - SPIKED FLAMINGO","units":660,"revenue":30827.5,"cost":13250.0,"profit":17577.5,"transactions":562,"margin":57.0},{"product":"DAYTIME 1:5 THC/CBD TINCTURE - SPIKED FLAMINGO","units":722,"revenue":29335.8251953125,"cost":12635.0,"profit":16700.8251953125,"transactions":610,"margin":56.900001525878906},{"product":"TROPICAL TRAINWRECK CART - SPIKED FLAMINGO","units":898,"revenue":28683.076171875,"cost":12347.5,"profit":16335.574951171875,"transactions":726,"margin":57.0},{"product":"HAWAIIAN KUSH CART - SPIKED FLAMINGO","units":748,"revenue":23834.25048828125,"cost":10285.0,"profit":13549.25048828125,"transactions":686,"margin":56.79999923706055},{"product":"BLUEBERRY BUBBA CART - SPIKED FLAMINGO","units":748,"revenue":23627.64892578125,"cost":10285.0,"profit":13342.650146484375,"transactions":612,"margin":56.5},{"product":"OG STRAWBERRY CART - SPIKED FLAMINGO","units":698,"revenue":22399.25048828125,"cost":9597.5,"profit":12801.75048828125,"transactions":606,"margin":57.20000076293945},{"product":"ORANGECELLO EIGHTH - SPIKED FLAMINGO","units":400,"revenue":11097.5,"cost":5000.0,"profit":6097.5,"transactions":262,"margin":54.900001525878906},{"product":"MEDELLIN X JET FUEL GELATO EIGHTH - SPIKED FLAMINGO","units":350,"revenue":9925.0,"cost":4375.0,"profit":5550.0,"transactions":206,"margin":55.900001525878906},{"product":"LAUGHING GAS X LEMON KUSH MINTS EIGHTH - SPIKED FLAMINGO","units":258,"revenue":7992.5,"cost":2980.0,"profit":5012.5,"transactions":182,"margin":62.70000076293945},{"product":"ZKITTLES X ANIMAL MINTZ EIGHTH - SPIKED FLAMINGO","units":298,"revenue":7580.4498291015625,"cost":3725.0,"profit":3855.4501342773438,"transactions":210,"margin":50.900001525878906},{"product":"PINEAPPLE FRUZ X BISCOTTI SHERB EIGHTH - SPIKED FLAMINGO","units":300,"revenue":7382.5,"cost":3750.0,"profit":3632.5,"transactions":212,"margin":49.20000076293945},{"product":"ZKITTLES X ANIMAL MINTS EIGHTH - SPIKED FLAMINGO","units":240,"revenue":7135.0,"cost":2750.0,"profit":4385.0,"transactions":184,"margin":61.5},{"product":"ANYTIME BLUE AGAVE 1:1 THC/CBD TINCTURE - SPIKED FLAMINGO","units":150,"revenue":6960.4998779296875,"cost":3000.0,"profit":3960.4998779296875,"transactions":130,"margin":56.900001525878906},{"product":"ALIEN MINTS X PERMANENT MARKER EIGHTH - SPIKED FLAMINGO","units":176,"revenue":5790.0,"cost":2200.0,"profit":3590.0,"transactions":158,"margin":62.0}],"Elevation Midtown":[{"product":"NIGHTTIME 5:1 THC/CBD TINCTURE - SPIKED FLAMINGO","units":570,"revenue":29126.25,"cost":12825.0,"profit":16301.25,"transactions":476,"margin":56.0},{"product":"ANYTIME 1:1 THC/CBD TINCTURE - SPIKED FLAMINGO","units":402,"revenue":18390.0,"cost":7980.0,"profit":10410.0,"transactions":352,"margin":56.599998474121094},{"product":"DAYTIME 1:5 THC/CBD TINCTURE - SPIKED FLAMINGO","units":416,"revenue":16719.599609375,"cost":7280.0,"profit":9439.600219726562,"transactions":378,"margin":56.5},{"product":"OG STRAWBERRY CART - SPIKED FLAMINGO","units":326,"revenue":10757.9248046875,"cost":4482.5,"profit":6275.4248046875,"transactions":292,"margin":58.29999923706055},{"product":"HAWAIIAN KUSH CART - SPIKED FLAMINGO","units":266,"revenue":8449.600219726562,"cost":3657.5,"profit":4792.099914550781,"transactions":244,"margin":56.70000076293945},{"product":"TROPICAL TRAINWRECK CART - SPIKED FLAMINGO","units":244,"revenue":8171.25,"cost":3355.0,"profit":4816.25,"transactions":224,"margin":58.900001525878906},{"product":"BLUEBERRY BUBBA CART - SPIKED FLAMINGO","units":196,"revenue":6286.25,"cost":2695.0,"profit":3591.25,"transactions":178,"margin":57.099998474121094},{"product":"RAZBERRY ORGAZM X LAVENDER LEMONADE LR DISPOSABLE VAPE - SPIKED FLAMINGO","units":150,"revenue":5762.9998779296875,"cost":2625.0,"profit":3137.9998779296875,"transactions":140,"margin":54.5},{"product":"ALIEN MINTS X PERMANENT MARKER EIGHTH - SPIKED FLAMINGO","units":160,"revenue":5310.0,"cost":2000.0,"profit":3310.0,"transactions":154,"margin":62.29999923706055},{"product":"LAUGHING GAS X LEMON KUSH MINTS LR DISPOSABLE VAPE - SPIKED FLAMINGO","units":132,"revenue":5067.5,"cost":2310.0,"profit":2757.5,"transactions":116,"margin":54.400001525878906},{"product":"ZELATO EIGHTH - SPIKED FLAMINGO","units":156,"revenue":4145.0,"cost":1950.0,"profit":2195.0,"transactions":142,"margin":53.0},{"product":"ZKITTLES X ANIMAL MINTS EIGHTH - SPIKED FLAMINGO","units":150,"revenue":3840.0,"cost":1625.0,"profit":2215.0,"transactions":116,"margin":57.70000076293945},{"product":"ORANGECELLO EIGHTH - SPIKED FLAMINGO","units":150,"revenue":3780.0,"cost":1875.0,"profit":1905.0,"transactions":132,"margin":50.400001525878906},{"product":"PLATINUM DAZE LR DISPOSABLE VAPE - SPIKED FLAMINGO","units":98,"revenue":3530.0,"cost":1715.0,"profit":1815.0,"transactions":86,"margin":51.400001525878906},{"product":"JET FUEL X TANGIE POWER EIGHTH - SPIKED FLAMINGO","units":100,"revenue":3322.5,"cost":1250.0,"profit":2072.5,"transactions":94,"margin":62.400001525878906}],"Elevation Boulevard":[{"product":"NIGHTTIME 5:1 THC/CBD TINCTURE - SPIKED FLAMINGO","units":302,"revenue":13958.3251953125,"cost":6795.0,"profit":7163.3251953125,"transactions":244,"margin":51.29999923706055},{"product":"DAYTIME 1:5 THC/CBD TINCTURE - SPIKED FLAMINGO","units":302,"revenue":10853.125,"cost":5510.0,"profit":5343.125,"transactions":256,"margin":49.20000076293945},{"product":"ORANGECELLO EIGHTH - SPIKED FLAMINGO","units":370,"revenue":9984.000244140625,"cost":4625.0,"profit":5359.000244140625,"transactions":334,"margin":53.70000076293945},{"product":"ZKITTLES X ANIMAL MINTS EIGHTH - SPIKED FLAMINGO","units":294,"revenue":7650.0,"cost":3425.0,"profit":4225.0,"transactions":256,"margin":55.20000076293945},{"product":"MEDELLIN X JET FUEL GELATO EIGHTH - SPIKED FLAMINGO","units":232,"revenue":6237.5,"cost":2900.0,"profit":3337.5,"transactions":218,"margin":53.5},{"product":"TROPICAL TRAINWRECK CART - SPIKED FLAMINGO","units":194,"revenue":6081.0498046875,"cost":2667.5,"profit":3413.5501098632812,"transactions":174,"margin":56.099998474121094},{"product":"RAZBERRY ORGAZM X LAVENDER LEMONADE LR DISPOSABLE VAPE - SPIKED FLAMINGO","units":146,"revenue":5849.625244140625,"cost":2555.0,"profit":3294.6249389648438,"transactions":134,"margin":56.29999923706055},{"product":"ANYTIME 1:1 THC/CBD TINCTURE - SPIKED FLAMINGO","units":154,"revenue":5821.25,"cost":3080.0,"profit":2741.25,"transactions":128,"margin":47.099998474121094},{"product":"LAUGHING GAS X LEMON KUSH MINTS LR DISPOSABLE VAPE - SPIKED FLAMINGO","units":144,"revenue":5434.324951171875,"cost":2520.0,"profit":2914.324951171875,"transactions":140,"margin":53.599998474121094},{"product":"HIPPIE SOAP EIGHTH - SPIKED FLAMINGO","units":182,"revenue":5027.5,"cost":2275.0,"profit":2752.5,"transactions":172,"margin":54.70000076293945},{"product":"LAUGHING GAS X LEMON KUSH MINTS EIGHTH - SPIKED FLAMINGO","units":184,"revenue":4785.0,"cost":2055.0,"profit":2730.0,"transactions":142,"margin":57.099998474121094},{"product":"BLUE POWER X MAC EIGHTH - SPIKED FLAMINGO","units":184,"revenue":4720.0,"cost":2300.0,"profit":2420.0,"transactions":164,"margin":51.29999923706055},{"product":"HAWAIIAN KUSH CART - SPIKED FLAMINGO","units":148,"revenue":4601.675109863281,"cost":2035.0,"profit":2566.6751098632812,"transactions":144,"margin":55.79999923706055},{"product":"BLUEBERRY BUBBA CART - SPIKED FLAMINGO","units":144,"revenue":4326.875,"cost":1980.0,"profit":2346.875,"transactions":134,"margin":54.20000076293945},{"product":"PINEAPPLE FRUZ X BISCOTTI SHERB EIGHTH - SPIKED FLAMINGO","units":168,"revenue":4233.75,"cost":2312.5,"profit":1921.25,"transactions":154,"margin":45.400001525878906}],"Elevation Parkway":[{"product":"NIGHTTIME 5:1 THC/CBD TINCTURE - SPIKED FLAMINGO","units":358,"revenue":18997.125244140625,"cost":8400.0,"profit":10597.125244140625,"transactions":308,"margin":55.79999923706055},{"product":"ANYTIME 1:1 THC/CBD TINCTURE - SPIKED FLAMINGO","units":290,"revenue":13728.75,"cost":5960.0,"profit":7768.75,"transactions":238,"margin":56.599998474121094},{"product":"ORANGECELLO EIGHTH - SPIKED FLAMINGO","units":348,"revenue":9223.75,"cost":4350.0,"profit":4873.75,"transactions":298,"margin":52.79999923706055},{"product":"DAYTIME 1:5 THC/CBD TINCTURE - SPIKED FLAMINGO","units":228,"revenue":9063.75,"cost":4155.0,"profit":4908.75,"transactions":216,"margin":54.20000076293945},{"product":"MEDELLIN X JET FUEL GELATO EIGHTH - SPIKED FLAMINGO","units":298,"revenue":8150.625,"cost":3725.0,"profit":4425.625,"transactions":262,"margin":54.29999923706055},{"product":"LAUGHING GAS X LEMON KUSH MINTS LR DISPOSABLE VAPE - SPIKED FLAMINGO","units":168,"revenue":7284.9249267578125,"cost":2940.0,"profit":4344.9249267578125,"transactions":158,"margin":59.599998474121094},{"product":"RAZBERRY ORGAZM X LAVENDER LEMONADE LR DISPOSABLE VAPE - SPIKED FLAMINGO","units":150,"revenue":6590.999755859375,"cost":2625.0,"profit":3966.0000610351562,"transactions":146,"margin":60.20000076293945},{"product":"OG STRAWBERRY CART - SPIKED FLAMINGO","units":144,"revenue":4738.125,"cost":1980.0,"profit":2758.125,"transactions":132,"margin":58.20000076293945},{"product":"JET FUEL X TANGIE POWER EIGHTH - SPIKED FLAMINGO","units":148,"revenue":4331.25,"cost":1850.0,"profit":2481.25,"transactions":130,"margin":57.29999923706055},{"product":"PLATINUM DAZE LR DISPOSABLE VAPE - SPIKED FLAMINGO","units":100,"revenue":4321.1749267578125,"cost":1750.0,"profit":2571.1749267578125,"transactions":98,"margin":59.5},{"product":"LAUGHING GAS X LEMON KUSH MINTS EIGHTH - SPIKED FLAMINGO","units":148,"revenue":4082.9998779296875,"cost":1695.0,"profit":2388.000030517578,"transactions":124,"margin":58.5},{"product":"HIPPIE SOAP EIGHTH - SPIKED FLAMINGO","units":130,"revenue":3815.0,"cost":1625.0,"profit":2190.0,"transactions":116,"margin":57.400001525878906},{"product":"CHEM DAWG #2 EIGHTH - SPIKED FLAMINGO","units":136,"revenue":3485.0,"cost":1700.0,"profit":1785.0,"transactions":116,"margin":51.20000076293945},{"product":"BLUE POWER X MAC EIGHTH - SPIKED FLAMINGO","units":124,"revenue":3207.5,"cost":1550.0,"profit":1657.5,"transactions":114,"margin":51.70000076293945},{"product":"ALIEN MINTS X PERMANENT MARKER EIGHTH - SPIKED FLAMINGO","units":102,"revenue":2991.25,"cost":1425.0,"profit":1566.25,"transactions":84,"margin":52.400001525878906}]},"store_summary":[{"store_clean":"Elevation Oasis","units":9752,"revenue":342063.6328125,"cost":149742.5,"profit":192321.15234375,"discounts":87893.84765625,"margin":56.20000076293945,"discount_rate":20.399999618530273},{"store_clean":"Elevation Springs","units":7202,"revenue":236449.453125,"cost":106836.25,"profit":129613.203125,"discounts":75338.0517578125,"margin":54.79999923706055,"discount_rate":24.200000762939453},{"store_clean":"Elevation Mesa","units":7230,"revenue":228248.203125,"cost":106612.5,"profit":121635.703125,"discounts":80724.3017578125,"margin":53.29999923706055,"discount_rate":26.100000381469727},{"store_clean":"Elevation Midtown","units":4244,"revenue":152180.126953125,"cost":66975.0,"profit":85205.126953125,"discounts":36032.37548828125,"margin":56.0,"discount_rate":19.100000381469727},{"store_clean":"Elevation Boulevard","units":4370,"revenue":134491.62109375,"cost":63687.59765625,"profit":70804.0234375,"discounts":48820.8740234375,"margin":52.599998474121094,"discount_rate":26.600000381469727},{"store_clean":"Elevation Parkway","units":3734,"revenue":130408.349609375,"cost":57605.0,"profit":72803.349609375,"discounts":32511.650390625,"margin":55.79999923706055,"discount_rate":20.0}],"recommendations":[{"severity":"red","title":"INFUSED PACK: BELOW CATEGORY AVERAGE","detail":"Margin (35.9%) is 12 pts below INFUSED PACK average. Ranked #12 of 12. Strong case for cost negotiation.","action":"Request 6% cost reduction or evaluate alternative INFUSED PACK brands."},{"severity":"info","title":"VOLUME LEVERAGE","detail":"$489,537 revenue provides negotiating leverage.","action":"Use volume as leverage in next vendor meeting."}],"comparison":null}