{"brand":"LOOKAH","date_range":"2024-01-01 00:00:00 to 2026-01-31 00:00:00","period_label":"All Time","summary":{"total_units":622,"total_revenue":45478.798828125,"total_cost":24250.625,"total_discounts":7851.199951171875,"total_profit":21228.17626953125,"overall_margin":46.70000076293945,"fp_margin":55.5,"disc_margin":34.900001525878906,"pct_full_price":57.20000076293945,"avg_discount_rate":14.699999809265137,"fp_revenue":26035.0,"disc_revenue":19443.800048828125,"unique_customers":530,"brand":"LOOKAH","date_range":"2024-01-01 00:00:00 to 2026-01-31 00:00:00","months_count":40,"avg_monthly_cost":1212.525,"cost_per_unit":77.97500000000001,"primary_category":"ACCESSORY","primary_cat_margin":61.099998474121094,"category_rank":7,"category_total":136,"margin_vs_category":-14.399999618530273,"velocity_rank":18},"category_breakdown":[{"category_clean":"ACCESSORY","units":566,"revenue":43221.5478515625,"cost":23282.97607421875,"profit":19938.575439453125,"discounts":7613.44970703125,"margin":46.099998474121094,"category_avg_margin":61.099998474121094,"vs_category":-15.0,"rank":7.0,"total_brands":136.0},{"category_clean":"RED","units":2,"revenue":157.5,"cost":107.5,"profit":50.0,"discounts":67.5,"margin":31.700000762939453,"category_avg_margin":31.700000762939453,"vs_category":0.0,"rank":1.0,"total_brands":1.0}],"trend":[{"period":"2024-06","revenue":112.5,"cost":54.97499942779541,"margin":51.1,"units":2,"transactions":2,"profit":57.52500057220459,"revenue_change_pct":null,"units_change_pct":null,"margin_change_pts":null},{"period":"2024-07","revenue":1215.0,"cost":709.7000122070312,"margin":41.6,"units":24,"transactions":22,"profit":505.29998779296875,"revenue_change_pct":980.0,"units_change_pct":1100.0,"margin_change_pts":-9.5},{"period":"2024-08","revenue":412.47501373291016,"cost":404.90001678466797,"margin":1.8,"units":8,"transactions":8,"profit":7.5750017166137695,"revenue_change_pct":-66.1,"units_change_pct":-66.7,"margin_change_pts":-39.8},{"period":"2024-09","revenue":976.25,"cost":512.400016784668,"margin":47.5,"units":8,"transactions":8,"profit":463.8500213623047,"revenue_change_pct":136.7,"units_change_pct":0,"margin_change_pts":45.7},{"period":"2024-10","revenue":562.5,"cost":187.4250030517578,"margin":66.7,"units":6,"transactions":6,"profit":375.0749969482422,"revenue_change_pct":-42.4,"units_change_pct":-25.0,"margin_change_pts":19.2},{"period":"2024-11","revenue":5046.25,"cost":2733.85009765625,"margin":45.8,"units":98,"transactions":94,"profit":2312.4000549316406,"revenue_change_pct":797.1,"units_change_pct":1533.3,"margin_change_pts":-20.9},{"period":"2024-12","revenue":2297.5,"cost":1157.3249816894531,"margin":49.6,"units":26,"transactions":26,"profit":1140.1750183105469,"revenue_change_pct":-54.5,"units_change_pct":-73.5,"margin_change_pts":3.8},{"period":"2025-01","revenue":2670.0,"cost":1314.6000671386719,"margin":50.8,"units":38,"transactions":38,"profit":1355.3999328613281,"revenue_change_pct":16.2,"units_change_pct":46.2,"margin_change_pts":1.1},{"period":"2025-02","revenue":1549.7500610351562,"cost":907.4250030517578,"margin":41.4,"units":18,"transactions":18,"profit":642.3249816894531,"revenue_change_pct":-42.0,"units_change_pct":-52.6,"margin_change_pts":-9.3},{"period":"2025-03","revenue":1681.25,"cost":817.6000213623047,"margin":51.4,"units":26,"transactions":16,"profit":863.6500549316406,"revenue_change_pct":8.5,"units_change_pct":44.4,"margin_change_pts":9.9},{"period":"2025-04","revenue":1300.0,"cost":625.0,"margin":51.9,"units":10,"transactions":10,"profit":675.0,"revenue_change_pct":-22.7,"units_change_pct":-61.5,"margin_change_pts":0.6},{"period":"2025-05","revenue":2405.0,"cost":1167.4749755859375,"margin":51.5,"units":20,"transactions":20,"profit":1237.5250244140625,"revenue_change_pct":85.0,"units_change_pct":100.0,"margin_change_pts":-0.5},{"period":"2025-06","revenue":1755.0,"cost":800.0,"margin":54.4,"units":12,"transactions":12,"profit":955.0,"revenue_change_pct":-27.0,"units_change_pct":-40.0,"margin_change_pts":3.0},{"period":"2025-07","revenue":2452.5,"cost":1125.0,"margin":54.1,"units":20,"transactions":20,"profit":1327.5,"revenue_change_pct":39.7,"units_change_pct":66.7,"margin_change_pts":-0.3},{"period":"2025-08","revenue":2984.7500610351562,"cost":1457.5,"margin":51.2,"units":44,"transactions":42,"profit":1527.2500610351562,"revenue_change_pct":21.7,"units_change_pct":120.0,"margin_change_pts":-3.0},{"period":"2025-09","revenue":3443.75,"cost":2101.25,"margin":39.0,"units":46,"transactions":46,"profit":1342.5,"revenue_change_pct":15.4,"units_change_pct":4.5,"margin_change_pts":-12.2},{"period":"2025-10","revenue":2345.0,"cost":1462.5250244140625,"margin":37.6,"units":34,"transactions":34,"profit":882.4749755859375,"revenue_change_pct":-31.9,"units_change_pct":-26.1,"margin_change_pts":-1.4},{"period":"2025-11","revenue":3233.75,"cost":1792.5,"margin":44.6,"units":48,"transactions":46,"profit":1441.25,"revenue_change_pct":37.9,"units_change_pct":41.2,"margin_change_pts":6.9},{"period":"2025-12","revenue":4964.825134277344,"cost":2426.6749572753906,"margin":51.1,"units":74,"transactions":70,"profit":2538.1500244140625,"revenue_change_pct":53.5,"units_change_pct":54.2,"margin_change_pts":6.6},{"period":"2026-01","revenue":4070.7501220703125,"cost":2492.5,"margin":38.8,"units":60,"transactions":50,"profit":1578.2499694824219,"revenue_change_pct":-18.0,"units_change_pct":-18.9,"margin_change_pts":-12.4}],"share_of_category":[{"category":"ACCESSORY","brand_revenue":43221.552734375,"category_revenue":4128754.0625,"revenue_share_pct":1.0,"brand_units":566,"category_units":2130096,"units_share_pct":0.0},{"category":"RED","brand_revenue":157.5,"category_revenue":157.5,"revenue_share_pct":100.0,"brand_units":2,"category_units":2,"units_share_pct":100.0},{"category":0.0,"brand_revenue":0.0,"category_revenue":0.0,"revenue_share_pct":0.0,"brand_units":0,"category_units":0,"units_share_pct":0.0}],"share_of_category_trend":{"ACCESSORY":[{"period":"2024-01","brand_revenue":0.0,"category_revenue":153543.9453125,"share_pct":0.0},{"period":"2024-02","brand_revenue":0.0,"category_revenue":152399.47265625,"share_pct":0.0},{"period":"2024-03","brand_revenue":0.0,"category_revenue":154678.876953125,"share_pct":0.0},{"period":"2024-04","brand_revenue":0.0,"category_revenue":163353.65234375,"share_pct":0.0},{"period":"2024-05","brand_revenue":0.0,"category_revenue":179676.4453125,"share_pct":0.0},{"period":"2024-06","brand_revenue":0.0,"category_revenue":185008.828125,"share_pct":0.0},{"period":"2024-07","brand_revenue":965.0,"category_revenue":186675.46875,"share_pct":0.5},{"period":"2024-08","brand_revenue":412.47501373291016,"category_revenue":180226.328125,"share_pct":0.20000000298023224},{"period":"2024-09","brand_revenue":976.25,"category_revenue":162386.298828125,"share_pct":0.6000000238418579},{"period":"2024-10","brand_revenue":562.5,"category_revenue":166088.73046875,"share_pct":0.30000001192092896},{"period":"2024-11","brand_revenue":4915.0,"category_revenue":171706.09375,"share_pct":2.9000000953674316},{"period":"2024-12","brand_revenue":2297.5,"category_revenue":176502.03125,"share_pct":1.2999999523162842},{"period":"2025-01","brand_revenue":2670.0,"category_revenue":167261.34765625,"share_pct":1.600000023841858},{"period":"2025-02","brand_revenue":1513.75,"category_revenue":155260.927734375,"share_pct":1.0},{"period":"2025-03","brand_revenue":1338.75,"category_revenue":176420.390625,"share_pct":0.800000011920929},{"period":"2025-04","brand_revenue":1137.5,"category_revenue":182694.82421875,"share_pct":0.6000000238418579},{"period":"2025-05","brand_revenue":2405.0,"category_revenue":179904.4921875,"share_pct":1.2999999523162842},{"period":"2025-06","brand_revenue":1755.0,"category_revenue":161148.75,"share_pct":1.100000023841858},{"period":"2025-07","brand_revenue":2452.5,"category_revenue":165549.8046875,"share_pct":1.5},{"period":"2025-08","brand_revenue":2447.2500610351562,"category_revenue":171752.05078125,"share_pct":1.399999976158142},{"period":"2025-09","brand_revenue":3277.5,"category_revenue":168198.9453125,"share_pct":1.899999976158142},{"period":"2025-10","brand_revenue":1938.75,"category_revenue":171844.55078125,"share_pct":1.100000023841858},{"period":"2025-11","brand_revenue":3121.25,"category_revenue":172839.74609375,"share_pct":1.7999999523162842},{"period":"2025-12","brand_revenue":4964.825134277344,"category_revenue":141954.873046875,"share_pct":3.5},{"period":"2026-01","brand_revenue":4070.7501220703125,"category_revenue":81677.1484375,"share_pct":5.0}],"RED":[{"period":"2025-10","brand_revenue":157.5,"category_revenue":157.5,"share_pct":100.0}]},"discount_depth":[{"tier":"0% (Full Price)","transactions":324,"pct_of_transactions":54.0,"revenue":26035.0,"avg_discount":0.0},{"tier":"1-10%","transactions":42,"pct_of_transactions":7.0,"revenue":3706.0748291015625,"avg_discount":19.399999618530273},{"tier":"11-20%","transactions":40,"pct_of_transactions":6.7,"revenue":3455.0,"avg_discount":38.599998474121094},{"tier":"21-30%","transactions":18,"pct_of_transactions":3.0,"revenue":742.7499389648438,"avg_discount":57.0},{"tier":"31%+","transactions":52,"pct_of_transactions":8.7,"revenue":2448.7249755859375,"avg_discount":100.80000305175781}],"velocity":{"units_per_day":1.06,"revenue_per_day":78.15000057220459,"avg_units_per_txn":2.12,"days_of_data":582,"total_units":622,"total_transactions":588},"velocity_by_category":[{"category":"RED","brand_units_per_day":0.0,"category_avg_units_per_day":0.0,"velocity_index":100.0,"brand_rev_per_unit":63.0,"category_rev_per_unit":63.0,"brands_in_category":1},{"category":"ACCESSORY","brand_units_per_day":0.74,"category_avg_units_per_day":20.56,"velocity_index":3.6,"brand_rev_per_unit":61.09,"category_rev_per_unit":1.55,"brands_in_category":136},{"category":0.0,"brand_units_per_day":0.0,"category_avg_units_per_day":0,"velocity_index":0,"brand_rev_per_unit":0.0,"category_rev_per_unit":0.0,"brands_in_category":0}],"deals":[{"deal_name":"Jackpot - Locals 30% Off","times_used":26,"units":26.0,"revenue":1382.4999952316284,"discounts":592.5,"cost":823.75,"profit":558.75,"pre_discount_revenue":1975.0,"margin":40.4,"avg_discount":60.0},{"deal_name":"Veterans - 10% Off","times_used":16,"units":16.0,"revenue":1426.4999961853027,"discounts":158.49999904632568,"cost":692.4249982833862,"profit":734.0749931335449,"pre_discount_revenue":1585.0,"margin":51.5,"avg_discount":20.0},{"deal_name":"Senior - 10% Off","times_used":14,"units":14.0,"revenue":1631.25,"discounts":181.25,"cost":879.9500036239624,"profit":751.2999963760376,"pre_discount_revenue":1812.5,"margin":46.1,"avg_discount":20.0},{"deal_name":"Employee 30% - NOT FRIDAYS","times_used":8,"units":8.0,"revenue":358.75,"discounts":153.75,"cost":217.39999771118164,"profit":141.35000228881836,"pre_discount_revenue":512.5,"margin":39.4,"avg_discount":60.0},{"deal_name":"Industry 30% Off","times_used":8,"units":12.0,"revenue":897.7500009536743,"discounts":384.7500002384186,"cost":581.6750001907349,"profit":316.075000166893,"pre_discount_revenue":1282.5,"margin":35.2,"avg_discount":60.0},{"deal_name":"Senior / Veterans - 20% Off","times_used":8,"units":8.0,"revenue":900.0,"discounts":225.0,"cost":537.5,"profit":362.5,"pre_discount_revenue":1125.0,"margin":40.3,"avg_discount":40.0},{"deal_name":"Industry - 30% Off","times_used":6,"units":6.0,"revenue":630.0,"discounts":270.0,"cost":474.9749994277954,"profit":155.0250005722046,"pre_discount_revenue":900.0,"margin":24.6,"avg_discount":60.0},{"deal_name":"Employee - 40% OFF","times_used":4,"units":4.0,"revenue":217.5,"discounts":145.0,"cost":199.9500036239624,"profit":17.550000548362732,"pre_discount_revenue":362.5,"margin":8.1,"avg_discount":80.0}],"top_products":[{"product":"DRAGON EGG","units":92,"revenue":11167.4755859375,"cost":6974.8248291015625,"profit":4192.649841308594,"transactions":92,"margin":37.5},{"product":"SEAHORSE PRO PLUS","units":80,"revenue":8036.500244140625,"cost":3765.0,"profit":4271.499938964844,"transactions":80,"margin":53.20000076293945},{"product":"TURTLE 510 BATTERY","units":136,"revenue":6295.0,"cost":3398.2998657226562,"profit":2896.7001342773438,"transactions":132,"margin":46.0},{"product":"DINOSAUR ELECTRONIC DAB RIG - LOOKAH","units":30,"revenue":5081.25,"cost":3285.0,"profit":1796.25,"transactions":30,"margin":35.400001525878906},{"product":"LOOKAH ICE CREAM DRY","units":34,"revenue":3006.25,"cost":1124.6499633789062,"profit":1881.5998840332031,"transactions":34,"margin":62.599998474121094},{"product":"EGG - LOOKAH","units":36,"revenue":1683.3250427246094,"cost":850.0,"profit":833.3249664306641,"transactions":36,"margin":49.5},{"product":"CAR  - LOOKAH","units":32,"revenue":1525.0,"cost":755.0,"profit":770.0,"transactions":32,"margin":50.5},{"product":"GUITAR 510 BATTERY","units":26,"revenue":1210.7499694824219,"cost":657.5,"profit":553.2500076293945,"transactions":26,"margin":45.70000076293945},{"product":"BEAR 510 BATTERY","units":26,"revenue":1164.749984741211,"cost":650.0,"profit":514.7499847412109,"transactions":26,"margin":44.20000076293945},{"product":"Seahorse 2.0","units":20,"revenue":1087.5,"cost":549.7499847412109,"profit":537.7500152587891,"transactions":20,"margin":49.400001525878906},{"product":"SEAHORSE QUEEN","units":4,"revenue":1000.0,"cost":474.94998931884766,"profit":525.0500106811523,"transactions":4,"margin":52.5},{"product":"SEAHORSE QUARTZ COIL - LOOKAH","units":28,"revenue":680.0,"cost":175.10000228881836,"profit":504.90001678466797,"transactions":20,"margin":74.19999694824219},{"product":"ZERO 510 BATTERY","units":14,"revenue":573.4999847412109,"cost":271.25,"profit":302.25000381469727,"transactions":14,"margin":52.70000076293945},{"product":"LOOKAH SEAHORSE 2.0","units":6,"revenue":482.5,"cost":257.5,"profit":225.0,"transactions":6,"margin":46.599998474121094},{"product":"GIRAFFE - LOOKAH","units":4,"revenue":430.0,"cost":215.0,"profit":215.0,"transactions":4,"margin":50.0},{"product":"DRAGON EGG COIL","units":18,"revenue":406.25,"cost":157.5,"profit":248.75,"transactions":12,"margin":61.20000076293945},{"product":"PYTHON - LOOKAH","units":4,"revenue":400.0,"cost":180.0,"profit":220.0,"transactions":4,"margin":55.0},{"product":"SNAIL BATTERY - YELLOW","units":8,"revenue":350.0,"cost":150.0,"profit":200.0,"transactions":8,"margin":57.099998474121094},{"product":"SNAIL BATTERY - ORANGE","units":8,"revenue":350.0,"cost":150.0,"profit":200.0,"transactions":8,"margin":57.099998474121094},{"product":"ANT - LOOKAH","units":2,"revenue":245.0,"cost":107.5,"profit":137.5,"transactions":2,"margin":56.099998474121094},{"product":"SEAHORSE CERAMIC COIL - LOOKAH","units":12,"revenue":172.5,"cost":21.80000066757202,"profit":150.6999969482422,"transactions":8,"margin":87.4000015258789},{"product":"SWORDFISH - LOOKAH","units":2,"revenue":131.25,"cost":80.0,"profit":51.25,"transactions":2,"margin":39.0}],"products_by_store":{"Elevation Oasis":[{"product":"DRAGON EGG","units":84,"revenue":10660.0,"cost":6374.9249267578125,"profit":4285.0750732421875,"transactions":84,"margin":40.20000076293945},{"product":"SEAHORSE PRO PLUS","units":78,"revenue":7936.500244140625,"cost":3680.0,"profit":4256.499938964844,"transactions":78,"margin":53.599998474121094},{"product":"DINOSAUR ELECTRONIC DAB RIG - LOOKAH","units":30,"revenue":5081.25,"cost":3285.0,"profit":1796.25,"transactions":30,"margin":35.400001525878906},{"product":"EGG - LOOKAH","units":36,"revenue":1683.3250427246094,"cost":850.0,"profit":833.3249664306641,"transactions":36,"margin":49.5},{"product":"CAR  - LOOKAH","units":32,"revenue":1525.0,"cost":755.0,"profit":770.0,"transactions":32,"margin":50.5},{"product":"GUITAR 510 BATTERY","units":26,"revenue":1210.7499694824219,"cost":657.5,"profit":553.2500076293945,"transactions":26,"margin":45.70000076293945},{"product":"BEAR 510 BATTERY","units":26,"revenue":1164.749984741211,"cost":650.0,"profit":514.7499847412109,"transactions":26,"margin":44.20000076293945},{"product":"SEAHORSE QUARTZ COIL - LOOKAH","units":28,"revenue":680.0,"cost":175.10000228881836,"profit":504.90001678466797,"transactions":20,"margin":74.19999694824219},{"product":"ZERO 510 BATTERY","units":14,"revenue":573.4999847412109,"cost":271.25,"profit":302.25000381469727,"transactions":14,"margin":52.70000076293945},{"product":"LOOKAH ICE CREAM DRY","units":6,"revenue":493.75,"cost":250.0,"profit":243.75,"transactions":6,"margin":49.400001525878906},{"product":"LOOKAH SEAHORSE 2.0","units":6,"revenue":482.5,"cost":257.5,"profit":225.0,"transactions":6,"margin":46.599998474121094},{"product":"GIRAFFE - LOOKAH","units":4,"revenue":430.0,"cost":215.0,"profit":215.0,"transactions":4,"margin":50.0},{"product":"DRAGON EGG COIL","units":18,"revenue":406.25,"cost":157.5,"profit":248.75,"transactions":12,"margin":61.20000076293945},{"product":"PYTHON - LOOKAH","units":4,"revenue":400.0,"cost":180.0,"profit":220.0,"transactions":4,"margin":55.0},{"product":"SNAIL BATTERY - ORANGE","units":8,"revenue":350.0,"cost":150.0,"profit":200.0,"transactions":8,"margin":57.099998474121094}],"Elevation Midtown":[{"product":"TURTLE 510 BATTERY","units":136,"revenue":6295.0,"cost":3398.2998657226562,"profit":2896.7001342773438,"transactions":132,"margin":46.0},{"product":"LOOKAH ICE CREAM DRY","units":28,"revenue":2512.5,"cost":874.6499633789062,"profit":1637.8498840332031,"transactions":28,"margin":65.19999694824219},{"product":"Seahorse 2.0","units":20,"revenue":1087.5,"cost":549.7499847412109,"profit":537.7500152587891,"transactions":20,"margin":49.400001525878906},{"product":"SEAHORSE QUEEN","units":4,"revenue":1000.0,"cost":474.94998931884766,"profit":525.0500106811523,"transactions":4,"margin":52.5},{"product":"DRAGON EGG","units":8,"revenue":507.47501373291016,"cost":599.900016784668,"profit":-92.42500305175781,"transactions":8,"margin":-18.200000762939453},{"product":"SEAHORSE CERAMIC COIL - LOOKAH","units":2,"revenue":30.0,"cost":0.024999999441206455,"profit":29.97499942779541,"transactions":2,"margin":99.9000015258789}],"Elevation Boulevard":[{"product":"SEAHORSE PRO PLUS","units":2,"revenue":100.0,"cost":85.0,"profit":15.0,"transactions":2,"margin":15.0},{"product":"SEAHORSE CERAMIC COIL - LOOKAH","units":2,"revenue":31.500000953674316,"cost":21.675000190734863,"profit":9.825000166893005,"transactions":2,"margin":31.200000762939453}]},"store_summary":[{"store_clean":"Elevation Oasis","units":420,"revenue":33914.82421875,"cost":18246.37451171875,"profit":15668.44970703125,"discounts":6415.1751708984375,"margin":46.20000076293945,"discount_rate":15.899999618530273},{"store_clean":"Elevation Midtown","units":198,"revenue":11432.4755859375,"cost":5897.5750732421875,"profit":5534.89990234375,"discounts":1322.5250244140625,"margin":48.400001525878906,"discount_rate":10.399999618530273},{"store_clean":"Elevation Boulevard","units":4,"revenue":131.49999618530273,"cost":106.67499542236328,"profit":24.825000762939453,"discounts":113.50000381469727,"margin":18.899999618530273,"discount_rate":46.29999923706055}],"recommendations":[{"severity":"red","title":"ACCESSORY: BELOW CATEGORY AVERAGE","detail":"Margin (46.1%) is 15 pts below ACCESSORY average. Ranked #7 of 136. Strong case for cost negotiation.","action":"Request 8% cost reduction or evaluate alternative ACCESSORY brands."},{"severity":"yellow","title":"CATEGORY BENCHMARK GAP","detail":"Overall margin (46.7%) trails ACCESSORY average (61.1%) by 14.4 pts.","action":"Negotiate cost reduction or increase retail price."},{"severity":"red","title":"LOW DISCOUNTED MARGIN","detail":"Margin drops to 34.9% when discounted.","action":"Cap discount depth at 20% or negotiate lower wholesale cost."},{"severity":"info","title":"VOLUME LEVERAGE","detail":"$18,192 revenue provides negotiating leverage.","action":"Use volume as leverage in next vendor meeting."}],"comparison":null}