{"brand":"EUPHORIA","date_range":"2024-01-01 00:00:00 to 2026-01-31 00:00:00","period_label":"All Time","summary":{"total_units":650,"total_revenue":13124.775390625,"total_cost":6307.099609375,"total_discounts":1849.5999145507812,"total_profit":6817.6751708984375,"overall_margin":51.900001525878906,"fp_margin":58.20000076293945,"disc_margin":42.70000076293945,"pct_full_price":59.400001525878906,"avg_discount_rate":12.399999618530273,"fp_revenue":7793.125,"disc_revenue":5331.650390625,"unique_customers":596,"brand":"EUPHORIA","date_range":"2024-01-01 00:00:00 to 2026-01-31 00:00:00","months_count":34,"avg_monthly_cost":371.0,"cost_per_unit":19.4,"primary_category":"ACCESSORY","primary_cat_margin":61.099998474121094,"category_rank":16,"category_total":136,"margin_vs_category":-9.199999809265137,"velocity_rank":16},"category_breakdown":[{"category_clean":"ACCESSORY","units":580,"revenue":10861.025390625,"cost":5433.4747314453125,"profit":5427.550048828125,"discounts":1675.8500671386719,"margin":50.0,"category_avg_margin":61.099998474121094,"vs_category":-11.1,"rank":16.0,"total_brands":136.0},{"category_clean":"BATTERY","units":50,"revenue":1500.0,"cost":463.75,"profit":1036.25,"discounts":62.5,"margin":69.0999984741211,"category_avg_margin":62.29999923706055,"vs_category":6.8,"rank":15.0,"total_brands":19.0}],"trend":[{"period":"2024-09","revenue":2207.5,"cost":1165.0,"margin":47.2,"units":88,"transactions":84,"profit":1042.5,"revenue_change_pct":null,"units_change_pct":null,"margin_change_pts":null},{"period":"2024-10","revenue":1672.5,"cost":783.75,"margin":53.1,"units":44,"transactions":42,"profit":888.75,"revenue_change_pct":-24.2,"units_change_pct":-50.0,"margin_change_pts":5.9},{"period":"2024-11","revenue":526.25,"cost":260.0,"margin":50.6,"units":16,"transactions":16,"profit":266.25,"revenue_change_pct":-68.5,"units_change_pct":-63.6,"margin_change_pts":-2.5},{"period":"2024-12","revenue":2316.1500549316406,"cost":882.0750427246094,"margin":61.9,"units":98,"transactions":96,"profit":1434.0750122070312,"revenue_change_pct":340.1,"units_change_pct":512.5,"margin_change_pts":11.3},{"period":"2025-01","revenue":1338.8749694824219,"cost":655.4249572753906,"margin":51.0,"units":82,"transactions":74,"profit":683.4500122070312,"revenue_change_pct":-42.2,"units_change_pct":-16.3,"margin_change_pts":-10.9},{"period":"2025-02","revenue":1543.125,"cost":790.0,"margin":48.8,"units":94,"transactions":92,"profit":753.125,"revenue_change_pct":15.3,"units_change_pct":14.6,"margin_change_pts":-2.2},{"period":"2025-03","revenue":1186.3749694824219,"cost":722.4500274658203,"margin":39.1,"units":66,"transactions":62,"profit":463.9250183105469,"revenue_change_pct":-23.1,"units_change_pct":-29.8,"margin_change_pts":-9.7},{"period":"2025-04","revenue":491.25,"cost":217.39999771118164,"margin":55.7,"units":48,"transactions":46,"profit":273.85000228881836,"revenue_change_pct":-58.6,"units_change_pct":-27.3,"margin_change_pts":16.6},{"period":"2025-05","revenue":456.25,"cost":181.20000839233398,"margin":60.3,"units":40,"transactions":36,"profit":275.05001068115234,"revenue_change_pct":-7.1,"units_change_pct":-16.7,"margin_change_pts":4.5},{"period":"2025-06","revenue":24.500000476837158,"cost":6.200000047683716,"margin":74.7,"units":4,"transactions":4,"profit":18.300000429153442,"revenue_change_pct":-94.6,"units_change_pct":-90.0,"margin_change_pts":14.4},{"period":"2025-07","revenue":15.0,"cost":1.25,"margin":91.7,"units":2,"transactions":2,"profit":13.75,"revenue_change_pct":-38.8,"units_change_pct":-50.0,"margin_change_pts":17.0},{"period":"2025-08","revenue":166.74999237060547,"cost":73.64999771118164,"margin":55.8,"units":10,"transactions":10,"profit":93.10000419616699,"revenue_change_pct":1011.7,"units_change_pct":400.0,"margin_change_pts":-35.8},{"period":"2025-09","revenue":146.49999618530273,"cost":76.90000057220459,"margin":47.5,"units":8,"transactions":8,"profit":69.60000038146973,"revenue_change_pct":-12.1,"units_change_pct":-20.0,"margin_change_pts":-8.3},{"period":"2025-10","revenue":87.74999618530273,"cost":50.72500228881836,"margin":42.2,"units":6,"transactions":6,"profit":37.02500104904175,"revenue_change_pct":-40.1,"units_change_pct":-25.0,"margin_change_pts":-5.3},{"period":"2025-11","revenue":83.75,"cost":21.84999942779541,"margin":73.9,"units":10,"transactions":10,"profit":61.90000057220459,"revenue_change_pct":-4.6,"units_change_pct":66.7,"margin_change_pts":31.7},{"period":"2025-12","revenue":335.75000762939453,"cost":188.15000534057617,"margin":44.0,"units":14,"transactions":14,"profit":147.60000228881836,"revenue_change_pct":300.9,"units_change_pct":40.0,"margin_change_pts":-29.9},{"period":"2026-01","revenue":526.5000152587891,"cost":231.07500076293945,"margin":56.1,"units":20,"transactions":20,"profit":295.4249954223633,"revenue_change_pct":56.8,"units_change_pct":42.9,"margin_change_pts":12.1}],"share_of_category":[{"category":"ACCESSORY","brand_revenue":10861.025390625,"category_revenue":4128754.0625,"revenue_share_pct":0.30000001192092896,"brand_units":580,"category_units":2130096,"units_share_pct":0.0},{"category":"BATTERY","brand_revenue":1500.0,"category_revenue":1041867.1875,"revenue_share_pct":0.10000000149011612,"brand_units":50,"category_units":41118,"units_share_pct":0.1},{"category":0.0,"brand_revenue":0.0,"category_revenue":0.0,"revenue_share_pct":0.0,"brand_units":0,"category_units":0,"units_share_pct":0.0}],"share_of_category_trend":{"ACCESSORY":[{"period":"2024-01","brand_revenue":0.0,"category_revenue":153543.9453125,"share_pct":0.0},{"period":"2024-02","brand_revenue":0.0,"category_revenue":152399.47265625,"share_pct":0.0},{"period":"2024-03","brand_revenue":0.0,"category_revenue":154678.876953125,"share_pct":0.0},{"period":"2024-04","brand_revenue":0.0,"category_revenue":163353.65234375,"share_pct":0.0},{"period":"2024-05","brand_revenue":0.0,"category_revenue":179676.4453125,"share_pct":0.0},{"period":"2024-06","brand_revenue":0.0,"category_revenue":185008.828125,"share_pct":0.0},{"period":"2024-07","brand_revenue":0.0,"category_revenue":186675.46875,"share_pct":0.0},{"period":"2024-08","brand_revenue":0.0,"category_revenue":180226.328125,"share_pct":0.0},{"period":"2024-09","brand_revenue":2207.5,"category_revenue":162386.298828125,"share_pct":1.399999976158142},{"period":"2024-10","brand_revenue":1672.5,"category_revenue":166088.73046875,"share_pct":1.0},{"period":"2024-11","brand_revenue":526.25,"category_revenue":171706.09375,"share_pct":0.30000001192092896},{"period":"2024-12","brand_revenue":878.6499786376953,"category_revenue":176502.03125,"share_pct":0.5},{"period":"2025-01","brand_revenue":1188.8749694824219,"category_revenue":167261.34765625,"share_pct":0.699999988079071},{"period":"2025-02","brand_revenue":1140.625,"category_revenue":155260.927734375,"share_pct":0.699999988079071},{"period":"2025-03","brand_revenue":1186.3749694824219,"category_revenue":176420.390625,"share_pct":0.699999988079071},{"period":"2025-04","brand_revenue":491.25,"category_revenue":182694.82421875,"share_pct":0.30000001192092896},{"period":"2025-05","brand_revenue":456.25,"category_revenue":179904.4921875,"share_pct":0.30000001192092896},{"period":"2025-06","brand_revenue":24.500000476837158,"category_revenue":161148.75,"share_pct":0.0},{"period":"2025-07","brand_revenue":15.0,"category_revenue":165549.8046875,"share_pct":0.0},{"period":"2025-08","brand_revenue":43.00000190734863,"category_revenue":171752.05078125,"share_pct":0.0},{"period":"2025-09","brand_revenue":40.250000953674316,"category_revenue":168198.9453125,"share_pct":0.0},{"period":"2025-10","brand_revenue":44.000000953674316,"category_revenue":171844.55078125,"share_pct":0.0},{"period":"2025-11","brand_revenue":83.75,"category_revenue":172839.74609375,"share_pct":0.0},{"period":"2025-12","brand_revenue":335.75000762939453,"category_revenue":141954.873046875,"share_pct":0.20000000298023224},{"period":"2026-01","brand_revenue":526.5000152587891,"category_revenue":81677.1484375,"share_pct":0.6000000238418579}],"BATTERY":[{"period":"2024-01","brand_revenue":0.0,"category_revenue":78523.75,"share_pct":0.0},{"period":"2024-02","brand_revenue":0.0,"category_revenue":79510.9765625,"share_pct":0.0},{"period":"2024-03","brand_revenue":0.0,"category_revenue":80066.9482421875,"share_pct":0.0},{"period":"2024-04","brand_revenue":0.0,"category_revenue":65688.7744140625,"share_pct":0.0},{"period":"2024-05","brand_revenue":0.0,"category_revenue":61493.57421875,"share_pct":0.0},{"period":"2024-06","brand_revenue":0.0,"category_revenue":67340.751953125,"share_pct":0.0},{"period":"2024-07","brand_revenue":0.0,"category_revenue":70591.1767578125,"share_pct":0.0},{"period":"2024-08","brand_revenue":0.0,"category_revenue":64657.8759765625,"share_pct":0.0},{"period":"2024-09","brand_revenue":0.0,"category_revenue":52538.3740234375,"share_pct":0.0},{"period":"2024-10","brand_revenue":0.0,"category_revenue":49278.92578125,"share_pct":0.0},{"period":"2024-11","brand_revenue":0.0,"category_revenue":39889.69970703125,"share_pct":0.0},{"period":"2024-12","brand_revenue":1437.5,"category_revenue":38273.87451171875,"share_pct":3.799999952316284},{"period":"2025-01","brand_revenue":62.5,"category_revenue":24301.0498046875,"share_pct":0.30000001192092896},{"period":"2025-02","brand_revenue":0.0,"category_revenue":15730.625,"share_pct":0.0},{"period":"2025-03","brand_revenue":0.0,"category_revenue":17904.124755859375,"share_pct":0.0},{"period":"2025-04","brand_revenue":0.0,"category_revenue":17018.02490234375,"share_pct":0.0},{"period":"2025-05","brand_revenue":0.0,"category_revenue":21588.3740234375,"share_pct":0.0},{"period":"2025-06","brand_revenue":0.0,"category_revenue":20285.274658203125,"share_pct":0.0},{"period":"2025-07","brand_revenue":0.0,"category_revenue":26462.7490234375,"share_pct":0.0},{"period":"2025-08","brand_revenue":0.0,"category_revenue":27441.025390625,"share_pct":0.0},{"period":"2025-09","brand_revenue":0.0,"category_revenue":24531.35009765625,"share_pct":0.0},{"period":"2025-10","brand_revenue":0.0,"category_revenue":27787.275390625,"share_pct":0.0},{"period":"2025-11","brand_revenue":0.0,"category_revenue":23690.8251953125,"share_pct":0.0},{"period":"2025-12","brand_revenue":0.0,"category_revenue":24923.798828125,"share_pct":0.0},{"period":"2026-01","brand_revenue":0.0,"category_revenue":22347.9248046875,"share_pct":0.0}]},"discount_depth":[{"tier":"0% (Full Price)","transactions":328,"pct_of_transactions":52.4,"revenue":7793.125,"avg_discount":0.0},{"tier":"1-10%","transactions":92,"pct_of_transactions":14.7,"revenue":1638.0000305175781,"avg_discount":20.0},{"tier":"11-20%","transactions":50,"pct_of_transactions":8.0,"revenue":703.7000274658203,"avg_discount":32.79999923706055},{"tier":"21-30%","transactions":10,"pct_of_transactions":1.6,"revenue":72.99999713897705,"avg_discount":58.0},{"tier":"31%+","transactions":50,"pct_of_transactions":8.0,"revenue":515.9500122070312,"avg_discount":93.0}],"velocity":{"units_per_day":1.32,"revenue_per_day":26.449999809265137,"avg_units_per_txn":2.1,"days_of_data":496,"total_units":650,"total_transactions":622},"velocity_by_category":[{"category":"ACCESSORY","brand_units_per_day":0.76,"category_avg_units_per_day":20.56,"velocity_index":3.7,"brand_rev_per_unit":14.98,"category_rev_per_unit":1.55,"brands_in_category":136},{"category":"BATTERY","brand_units_per_day":0.06,"category_avg_units_per_day":2.84,"velocity_index":2.3,"brand_rev_per_unit":24.0,"category_rev_per_unit":20.27,"brands_in_category":19},{"category":0.0,"brand_units_per_day":0.0,"category_avg_units_per_day":0,"velocity_index":0,"brand_rev_per_unit":0.0,"category_rev_per_unit":0.0,"brands_in_category":0}],"deals":[{"deal_name":"Senior - 10% Off","times_used":94,"units":102.0,"revenue":1503.8999938964844,"discounts":196.0999995470047,"cost":681.4250004291534,"profit":822.4750018119812,"pre_discount_revenue":1700.0,"margin":54.7,"avg_discount":23.0},{"deal_name":"Industry - 30% Off","times_used":44,"units":50.0,"revenue":810.6499969959259,"discounts":347.47500002384186,"cost":513.5500001907349,"profit":297.0999997854233,"pre_discount_revenue":1158.125,"margin":36.6,"avg_discount":60.0},{"deal_name":"Jackpot - Locals 30% Off","times_used":42,"units":48.0,"revenue":717.0500004291534,"discounts":307.325000166893,"cost":427.40000009536743,"profit":289.6500015258789,"pre_discount_revenue":1024.375,"margin":40.4,"avg_discount":60.0},{"deal_name":"Senior / Veterans - 20% Off","times_used":22,"units":24.0,"revenue":264.50000047683716,"discounts":66.12500011920929,"cost":123.55000019073486,"profit":140.9500002861023,"pre_discount_revenue":330.625,"margin":53.3,"avg_discount":40.0},{"deal_name":"Veterans - 10% Off","times_used":12,"units":12.0,"revenue":245.79999923706055,"discounts":27.325000017881393,"cost":111.05000019073486,"profit":134.75000023841858,"pre_discount_revenue":273.125,"margin":54.8,"avg_discount":20.0},{"deal_name":"Industry 30% Off","times_used":4,"units":4.0,"revenue":255.49999952316284,"discounts":109.49999988079071,"cost":163.75,"profit":91.75000011920929,"pre_discount_revenue":365.0,"margin":35.9,"avg_discount":60.0},{"deal_name":"Employee - 40% OFF","times_used":2,"units":2.0,"revenue":30.0,"discounts":20.0,"cost":22.5,"profit":7.5,"pre_discount_revenue":50.0,"margin":25.0,"avg_discount":80.0},{"deal_name":"Employee 30% - NOT FRIDAYS","times_used":2,"units":2.0,"revenue":3.4999999403953552,"discounts":13.999999761581421,"cost":1.1999999731779099,"profit":2.3000000417232513,"pre_discount_revenue":17.5,"margin":65.7,"avg_discount":160.0}],"top_products":[{"product":"OLD SCHOOL CHAMBER PIPE - EUPHORIA","units":254,"revenue":2802.1499633789062,"cost":1270.0,"profit":1532.1499633789062,"transactions":238,"margin":54.70000076293945},{"product":"OOZE TWIST - EUPHORIA","units":76,"revenue":1822.5,"cost":950.0,"profit":872.5,"transactions":72,"margin":47.900001525878906},{"product":"510 BATTERY - EXUS","units":50,"revenue":1500.0,"cost":463.75,"profit":1036.25,"transactions":50,"margin":69.0999984741211},{"product":"OOZE SMART BATTERY","units":38,"revenue":1455.0,"cost":697.5,"profit":757.5,"transactions":36,"margin":52.099998474121094},{"product":"$140 BONG - EUPHORIA","units":6,"revenue":840.0,"cost":487.5,"profit":352.5,"transactions":6,"margin":42.0},{"product":"GLYCERIN FREEZE PIPE - EUPHORIA","units":20,"revenue":675.0,"cost":281.25,"profit":393.75,"transactions":20,"margin":58.29999923706055},{"product":"SILICONE DAB STRAW - EUPHORIA","units":16,"revenue":536.25,"cost":272.37499237060547,"profit":263.87500762939453,"transactions":16,"margin":49.20000076293945},{"product":"WOODEN PIPE - EUPHORIA","units":30,"revenue":411.25,"cost":215.49999237060547,"profit":195.75000762939453,"transactions":30,"margin":47.599998474121094},{"product":"QUARTZ TERP PEARLS - EUPHORIA","units":48,"revenue":340.25001525878906,"cost":84.34999465942383,"profit":255.9000015258789,"transactions":48,"margin":75.19999694824219},{"product":"DAB RIG - EUPHORIA","units":4,"revenue":340.0,"cost":225.0,"profit":115.0,"transactions":4,"margin":33.79999923706055},{"product":"GLASS SKULL BONG - EUPHORIA","units":6,"revenue":325.0,"cost":150.0,"profit":175.0,"transactions":6,"margin":53.79999923706055},{"product":"GLASS BUBBLER - EUPHORIA","units":6,"revenue":318.75,"cost":180.0,"profit":138.75,"transactions":6,"margin":43.5},{"product":"MONSTER DAB RIG - EUPHORIA","units":4,"revenue":297.5,"cost":275.0,"profit":22.5,"transactions":4,"margin":7.599999904632568},{"product":"$10 PLASTIC GRINDER - EUPHORIA","units":24,"revenue":277.5,"cost":135.0,"profit":142.5,"transactions":24,"margin":51.400001525878906},{"product":"METAL GRINDER","units":12,"revenue":238.50000381469727,"cost":64.87500190734863,"profit":173.62499237060547,"transactions":12,"margin":72.80000305175781},{"product":"MAGNETIC METAL PIPE - EUPHORIA","units":20,"revenue":231.25,"cost":100.0,"profit":131.25,"transactions":20,"margin":56.79999923706055},{"product":"WATER PIPE BEGINNER SET - EUPHORIA","units":2,"revenue":200.0,"cost":125.0,"profit":75.0,"transactions":2,"margin":37.5},{"product":"THRIVE STANLEY STYLE 40OZ TUMBLER -","units":12,"revenue":195.0,"cost":135.0,"profit":60.0,"transactions":10,"margin":30.799999237060547},{"product":"$25 ICE CREAM PIPE - EUPHORIA","units":6,"revenue":143.75,"cost":90.0,"profit":53.75,"transactions":6,"margin":37.400001525878906},{"product":"MONSTER PIPE - EUPHORIA","units":2,"revenue":62.5,"cost":62.5,"profit":0.0,"transactions":2,"margin":0.0},{"product":"GLOW IN THE DARK - EUPHORIA","units":2,"revenue":50.0,"cost":20.0,"profit":30.0,"transactions":2,"margin":60.0},{"product":"DAB MAT - EUPHORIA","units":2,"revenue":27.5,"cost":12.5,"profit":15.0,"transactions":2,"margin":54.5},{"product":"KIEF SCRAPER 5 PK TOOL - EUPHORIA","units":8,"revenue":23.125,"cost":7.5,"profit":15.625,"transactions":8,"margin":67.5999984741211},{"product":"SILICONE RING","units":2,"revenue":12.000000476837158,"cost":2.5,"profit":9.49999988079071,"transactions":2,"margin":79.19999694824219}],"products_by_store":{"Elevation Springs":[{"product":"METAL GRINDER","units":6,"revenue":135.0,"cost":45.0,"profit":90.0,"transactions":6,"margin":66.69999694824219}],"Elevation Oasis":[{"product":"OLD SCHOOL CHAMBER PIPE - EUPHORIA","units":254,"revenue":2802.1499633789062,"cost":1270.0,"profit":1532.1499633789062,"transactions":238,"margin":54.70000076293945},{"product":"OOZE TWIST - EUPHORIA","units":76,"revenue":1822.5,"cost":950.0,"profit":872.5,"transactions":72,"margin":47.900001525878906},{"product":"510 BATTERY - EXUS","units":50,"revenue":1500.0,"cost":463.75,"profit":1036.25,"transactions":50,"margin":69.0999984741211},{"product":"OOZE SMART BATTERY","units":38,"revenue":1455.0,"cost":697.5,"profit":757.5,"transactions":36,"margin":52.099998474121094},{"product":"GLYCERIN FREEZE PIPE - EUPHORIA","units":20,"revenue":675.0,"cost":281.25,"profit":393.75,"transactions":20,"margin":58.29999923706055},{"product":"SILICONE DAB STRAW - EUPHORIA","units":16,"revenue":536.25,"cost":272.37499237060547,"profit":263.87500762939453,"transactions":16,"margin":49.20000076293945},{"product":"WOODEN PIPE - EUPHORIA","units":30,"revenue":411.25,"cost":215.49999237060547,"profit":195.75000762939453,"transactions":30,"margin":47.599998474121094},{"product":"$140 BONG - EUPHORIA","units":2,"revenue":350.0,"cost":162.5,"profit":187.5,"transactions":2,"margin":53.599998474121094},{"product":"QUARTZ TERP PEARLS - EUPHORIA","units":48,"revenue":340.25001525878906,"cost":84.34999465942383,"profit":255.9000015258789,"transactions":48,"margin":75.19999694824219},{"product":"DAB RIG - EUPHORIA","units":4,"revenue":340.0,"cost":225.0,"profit":115.0,"transactions":4,"margin":33.79999923706055},{"product":"GLASS SKULL BONG - EUPHORIA","units":6,"revenue":325.0,"cost":150.0,"profit":175.0,"transactions":6,"margin":53.79999923706055},{"product":"GLASS BUBBLER - EUPHORIA","units":6,"revenue":318.75,"cost":180.0,"profit":138.75,"transactions":6,"margin":43.5},{"product":"MONSTER DAB RIG - EUPHORIA","units":4,"revenue":297.5,"cost":275.0,"profit":22.5,"transactions":4,"margin":7.599999904632568},{"product":"$10 PLASTIC GRINDER - EUPHORIA","units":24,"revenue":277.5,"cost":135.0,"profit":142.5,"transactions":24,"margin":51.400001525878906},{"product":"MAGNETIC METAL PIPE - EUPHORIA","units":20,"revenue":231.25,"cost":100.0,"profit":131.25,"transactions":20,"margin":56.79999923706055}],"Elevation Boulevard":[{"product":"$140 BONG - EUPHORIA","units":4,"revenue":490.0,"cost":325.0,"profit":165.0,"transactions":4,"margin":33.70000076293945}]},"store_summary":[{"store_clean":"Elevation Oasis","units":640,"revenue":12499.775390625,"cost":5937.1002197265625,"profit":6562.6751708984375,"discounts":1624.6000671386719,"margin":52.5,"discount_rate":11.5},{"store_clean":"Elevation Boulevard","units":4,"revenue":490.0,"cost":325.0,"profit":165.0,"discounts":210.0,"margin":33.70000076293945,"discount_rate":30.0},{"store_clean":"Elevation Springs","units":6,"revenue":135.0,"cost":45.0,"profit":90.0,"discounts":15.0,"margin":66.69999694824219,"discount_rate":10.0}],"recommendations":[{"severity":"red","title":"ACCESSORY: BELOW CATEGORY AVERAGE","detail":"Margin (50.0%) is 11 pts below ACCESSORY average. Ranked #16 of 136. Strong case for cost negotiation.","action":"Request 6% cost reduction or evaluate alternative ACCESSORY brands."},{"severity":"yellow","title":"CATEGORY BENCHMARK GAP","detail":"Overall margin (51.9%) trails ACCESSORY average (61.1%) by 9.2 pts.","action":"Negotiate cost reduction or increase retail price."},{"severity":"info","title":"VOLUME LEVERAGE","detail":"$5,250 revenue provides negotiating leverage.","action":"Use volume as leverage in next vendor meeting."}],"comparison":null}