{"brand":"CAMO","date_range":"2024-01-01 00:00:00 to 2026-01-31 00:00:00","period_label":"All Time","summary":{"total_units":298,"total_revenue":1100.4499816894531,"total_cost":306.85001373291016,"total_discounts":85.79999923706055,"total_profit":793.6000061035156,"overall_margin":72.0999984741211,"fp_margin":73.4000015258789,"disc_margin":65.9000015258789,"pct_full_price":82.9000015258789,"avg_discount_rate":7.199999809265137,"fp_revenue":912.5,"disc_revenue":187.95000076293945,"unique_customers":200,"brand":"CAMO","date_range":"2024-01-01 00:00:00 to 2026-01-31 00:00:00","months_count":24,"avg_monthly_cost":25.575000000000003,"cost_per_unit":2.05,"primary_category":"ACCESSORY","primary_cat_margin":61.099998474121094,"category_rank":60,"category_total":136,"margin_vs_category":11.0,"velocity_rank":29},"category_breakdown":[{"category_clean":"ACCESSORY","units":162,"revenue":639.0250015258789,"cost":136.00000381469727,"profit":503.0249786376953,"discounts":50.975003242492676,"margin":78.69999694824219,"category_avg_margin":61.099998474121094,"vs_category":17.6,"rank":60.0,"total_brands":136.0}],"trend":[{"period":"2024-12","revenue":15.0,"cost":4.724999964237213,"margin":68.5,"units":6,"transactions":6,"profit":10.27500033378601,"revenue_change_pct":null,"units_change_pct":null,"margin_change_pts":null},{"period":"2025-01","revenue":37.00000047683716,"cost":14.225000143051147,"margin":61.6,"units":18,"transactions":12,"profit":22.774999141693115,"revenue_change_pct":146.7,"units_change_pct":200.0,"margin_change_pts":-6.9},{"period":"2025-02","revenue":113.00000190734863,"cost":25.450000762939453,"margin":77.5,"units":32,"transactions":26,"profit":87.55000114440918,"revenue_change_pct":205.4,"units_change_pct":77.8,"margin_change_pts":15.9},{"period":"2025-03","revenue":175.0,"cost":31.94999933242798,"margin":81.7,"units":40,"transactions":30,"profit":143.04999351501465,"revenue_change_pct":54.9,"units_change_pct":25.0,"margin_change_pts":4.3},{"period":"2025-04","revenue":148.00000190734863,"cost":25.59999942779541,"margin":82.7,"units":32,"transactions":24,"profit":122.39999771118164,"revenue_change_pct":-15.4,"units_change_pct":-20.0,"margin_change_pts":1.0},{"period":"2025-05","revenue":165.0,"cost":63.29999923706055,"margin":61.6,"units":36,"transactions":30,"profit":101.70000076293945,"revenue_change_pct":11.5,"units_change_pct":12.5,"margin_change_pts":-21.1},{"period":"2025-06","revenue":100.0,"cost":38.999998569488525,"margin":61.0,"units":20,"transactions":14,"profit":61.000003814697266,"revenue_change_pct":-39.4,"units_change_pct":-44.4,"margin_change_pts":-0.6},{"period":"2025-09","revenue":81.25,"cost":23.400001525878906,"margin":71.2,"units":26,"transactions":18,"profit":57.849998474121094,"revenue_change_pct":-18.8,"units_change_pct":30.0,"margin_change_pts":10.2},{"period":"2025-10","revenue":151.84999465942383,"cost":45.0,"margin":70.4,"units":50,"transactions":40,"profit":106.84999465942383,"revenue_change_pct":86.9,"units_change_pct":92.3,"margin_change_pts":-0.8},{"period":"2025-11","revenue":55.299997329711914,"cost":16.20000123977661,"margin":70.7,"units":18,"transactions":16,"profit":39.099998474121094,"revenue_change_pct":-63.6,"units_change_pct":-64.0,"margin_change_pts":0.3},{"period":"2025-12","revenue":40.299997329711914,"cost":12.599999904632568,"margin":68.7,"units":14,"transactions":14,"profit":27.699999809265137,"revenue_change_pct":-27.1,"units_change_pct":-22.2,"margin_change_pts":-2.0},{"period":"2026-01","revenue":18.75,"cost":5.400000214576721,"margin":71.2,"units":6,"transactions":6,"profit":13.350000381469727,"revenue_change_pct":-53.5,"units_change_pct":-57.1,"margin_change_pts":2.5}],"share_of_category":[{"category":"ACCESSORY","brand_revenue":639.0250015258789,"category_revenue":4128754.0625,"revenue_share_pct":0.0,"brand_units":162,"category_units":2130096,"units_share_pct":0.0},{"category":0.0,"brand_revenue":0.0,"category_revenue":0.0,"revenue_share_pct":0.0,"brand_units":0,"category_units":0,"units_share_pct":0.0}],"share_of_category_trend":{"ACCESSORY":[{"period":"2024-01","brand_revenue":0.0,"category_revenue":153543.9453125,"share_pct":0.0},{"period":"2024-02","brand_revenue":0.0,"category_revenue":152399.47265625,"share_pct":0.0},{"period":"2024-03","brand_revenue":0.0,"category_revenue":154678.876953125,"share_pct":0.0},{"period":"2024-04","brand_revenue":0.0,"category_revenue":163353.65234375,"share_pct":0.0},{"period":"2024-05","brand_revenue":0.0,"category_revenue":179676.4453125,"share_pct":0.0},{"period":"2024-06","brand_revenue":0.0,"category_revenue":185008.828125,"share_pct":0.0},{"period":"2024-07","brand_revenue":0.0,"category_revenue":186675.46875,"share_pct":0.0},{"period":"2024-08","brand_revenue":0.0,"category_revenue":180226.328125,"share_pct":0.0},{"period":"2024-09","brand_revenue":0.0,"category_revenue":162386.298828125,"share_pct":0.0},{"period":"2024-10","brand_revenue":0.0,"category_revenue":166088.73046875,"share_pct":0.0},{"period":"2024-11","brand_revenue":0.0,"category_revenue":171706.09375,"share_pct":0.0},{"period":"2024-12","brand_revenue":0.0,"category_revenue":176502.03125,"share_pct":0.0},{"period":"2025-01","brand_revenue":15.0,"category_revenue":167261.34765625,"share_pct":0.0},{"period":"2025-02","brand_revenue":88.00000190734863,"category_revenue":155260.927734375,"share_pct":0.10000000149011612},{"period":"2025-03","brand_revenue":170.0,"category_revenue":176420.390625,"share_pct":0.10000000149011612},{"period":"2025-04","brand_revenue":148.00000190734863,"category_revenue":182694.82421875,"share_pct":0.10000000149011612},{"period":"2025-05","brand_revenue":24.000000953674316,"category_revenue":179904.4921875,"share_pct":0.0},{"period":"2025-06","brand_revenue":0.0,"category_revenue":161148.75,"share_pct":0.0},{"period":"2025-07","brand_revenue":0.0,"category_revenue":165549.8046875,"share_pct":0.0},{"period":"2025-08","brand_revenue":0.0,"category_revenue":171752.05078125,"share_pct":0.0},{"period":"2025-09","brand_revenue":0.0,"category_revenue":168198.9453125,"share_pct":0.0},{"period":"2025-10","brand_revenue":79.67499732971191,"category_revenue":171844.55078125,"share_pct":0.0},{"period":"2025-11","brand_revenue":55.299997329711914,"category_revenue":172839.74609375,"share_pct":0.0},{"period":"2025-12","brand_revenue":40.299997329711914,"category_revenue":141954.873046875,"share_pct":0.0},{"period":"2026-01","brand_revenue":18.75,"category_revenue":81677.1484375,"share_pct":0.0}]},"discount_depth":[{"tier":"0% (Full Price)","transactions":192,"pct_of_transactions":78.7,"revenue":912.5,"avg_discount":0.0},{"tier":"1-10%","transactions":2,"pct_of_transactions":0.8,"revenue":8.999999761581421,"avg_discount":20.0},{"tier":"11-20%","transactions":4,"pct_of_transactions":1.6,"revenue":21.22499942779541,"avg_discount":30.200000762939453},{"tier":"21-30%","transactions":4,"pct_of_transactions":1.6,"revenue":9.350000023841858,"avg_discount":50.400001525878906},{"tier":"31%+","transactions":10,"pct_of_transactions":4.1,"revenue":25.0,"avg_discount":100.0}],"velocity":{"units_per_day":0.72,"revenue_per_day":2.6750001311302185,"avg_units_per_txn":2.52,"days_of_data":411,"total_units":298,"total_transactions":236},"velocity_by_category":[{"category":"ACCESSORY","brand_units_per_day":0.22,"category_avg_units_per_day":20.56,"velocity_index":1.0,"brand_rev_per_unit":3.16,"category_rev_per_unit":1.55,"brands_in_category":136},{"category":0.0,"brand_units_per_day":0.0,"category_avg_units_per_day":0,"velocity_index":0,"brand_rev_per_unit":0.0,"category_rev_per_unit":0.0,"brands_in_category":0}],"deals":[{"deal_name":"Industry - 30% Off","times_used":20,"units":28.0,"revenue":90.99999845027924,"discounts":39.000001549720764,"cost":24.64999943971634,"profit":66.35000228881836,"pre_discount_revenue":130.0,"margin":72.9,"avg_discount":60.0},{"deal_name":"Industry 30% Off","times_used":6,"units":6.0,"revenue":18.37499976158142,"discounts":7.875000238418579,"cost":9.599999785423279,"profit":8.774999976158142,"pre_discount_revenue":26.25,"margin":47.8,"avg_discount":60.0},{"deal_name":"Sammy Davis Early Bird - 15% Off","times_used":4,"units":8.0,"revenue":21.22499942779541,"discounts":3.774999976158142,"cost":7.200000286102295,"profit":14.025000035762787,"pre_discount_revenue":25.0,"margin":66.1,"avg_discount":30.2}],"top_products":[{"product":"NATURAL LEAF WRAPS - CAMO","units":200,"revenue":655.4499816894531,"cost":228.44999313354492,"profit":427.00000762939453,"transactions":158,"margin":65.0999984741211},{"product":"PEACH NATURAL LEAF WRAPS 5 PK - CAMO","units":46,"revenue":201.9999885559082,"cost":36.79999828338623,"profit":165.20000457763672,"transactions":36,"margin":81.80000305175781},{"product":"MANGO NATURAL LEAF WRAPS 5 PK - CAMO","units":38,"revenue":177.99999237060547,"cost":30.399999618530273,"profit":147.5999927520752,"transactions":36,"margin":82.9000015258789},{"product":"CAMO NATURAL LEAF WRAP MANGO","units":12,"revenue":55.0,"cost":9.599999785423279,"profit":45.39999961853027,"transactions":12,"margin":82.5},{"product":"CAMO NATURAL LEAF WRAP PEACH","units":2,"revenue":10.0,"cost":1.5999999642372131,"profit":8.399999737739563,"transactions":2,"margin":84.0}],"products_by_store":{"Elevation Springs":[{"product":"PEACH NATURAL LEAF WRAPS 5 PK - CAMO","units":46,"revenue":201.9999885559082,"cost":36.79999828338623,"profit":165.20000457763672,"transactions":36,"margin":81.80000305175781},{"product":"MANGO NATURAL LEAF WRAPS 5 PK - CAMO","units":38,"revenue":177.99999237060547,"cost":30.399999618530273,"profit":147.5999927520752,"transactions":36,"margin":82.9000015258789},{"product":"CAMO NATURAL LEAF WRAP MANGO","units":12,"revenue":55.0,"cost":9.599999785423279,"profit":45.39999961853027,"transactions":12,"margin":82.5},{"product":"CAMO NATURAL LEAF WRAP PEACH","units":2,"revenue":10.0,"cost":1.5999999642372131,"profit":8.399999737739563,"transactions":2,"margin":84.0}],"Elevation Oasis":[{"product":"NATURAL LEAF WRAPS - CAMO","units":36,"revenue":66.99999809265137,"cost":28.350000381469727,"profit":38.65000009536743,"transactions":24,"margin":57.70000076293945}],"Elevation Parkway":[{"product":"NATURAL LEAF WRAPS - CAMO","units":164,"revenue":588.4500122070312,"cost":200.10000228881836,"profit":388.34999084472656,"transactions":134,"margin":66.0}]},"store_summary":[{"store_clean":"Elevation Parkway","units":164,"revenue":588.4500122070312,"cost":200.10000228881836,"profit":388.34999084472656,"discounts":17.799999713897705,"margin":66.0,"discount_rate":2.9000000953674316},{"store_clean":"Elevation Springs","units":98,"revenue":445.0,"cost":78.39999675750732,"profit":366.5999984741211,"discounts":45.0,"margin":82.4000015258789,"discount_rate":9.199999809265137},{"store_clean":"Elevation Oasis","units":36,"revenue":66.99999809265137,"cost":28.350000381469727,"profit":38.65000009536743,"discounts":22.999999523162842,"margin":57.70000076293945,"discount_rate":25.600000381469727}],"recommendations":[],"comparison":null}