{"brand":"CITY TREES","date_range":"2024-01-01 00:00:00 to 2026-01-31 00:00:00","period_label":"All Time","summary":{"total_units":59458,"total_revenue":1310368.75,"total_cost":617531.75,"total_discounts":211870.28125,"total_profit":692837.0,"overall_margin":52.900001525878906,"fp_margin":59.70000076293945,"disc_margin":44.79999923706055,"pct_full_price":54.20000076293945,"avg_discount_rate":13.899999618530273,"fp_revenue":709864.0,"disc_revenue":600504.6875,"brand":"CITY TREES","date_range":"2024-01-01 00:00:00 to 2026-01-31 00:00:00","primary_category":"CARTRIDGE","store_coverage":"6/7","stores_present":["Thrive Cactus","Thrive Cheyenne","Thrive Jackpot","Thrive Reno","Thrive Sahara","Thrive Sammy"],"stores_missing":["Thrive Main Street"],"velocity_rank":9,"velocity_total":27},"distribution":[{"store":"Thrive Cactus","carries_brand":true,"sku_count":81,"revenue":301679.53125,"units":14184,"store_total_revenue":20455500.0,"brand_share_pct":1.5},{"store":"Thrive Cheyenne","carries_brand":true,"sku_count":73,"revenue":270825.1875,"units":12859,"store_total_revenue":19012896.0,"brand_share_pct":1.399999976158142},{"store":"Thrive Jackpot","carries_brand":true,"sku_count":78,"revenue":352705.84375,"units":14807,"store_total_revenue":22420058.0,"brand_share_pct":1.600000023841858},{"store":"Thrive Main Street","carries_brand":false,"sku_count":0,"revenue":0,"units":0,"store_total_revenue":778094.875,"brand_share_pct":0},{"store":"Thrive Reno","carries_brand":true,"sku_count":64,"revenue":161447.84375,"units":6886,"store_total_revenue":12340074.0,"brand_share_pct":1.2999999523162842},{"store":"Thrive Sahara","carries_brand":true,"sku_count":71,"revenue":130003.9375,"units":6631,"store_total_revenue":11503146.0,"brand_share_pct":1.100000023841858},{"store":"Thrive Sammy","carries_brand":true,"sku_count":57,"revenue":93706.375,"units":4091,"store_total_revenue":8794803.0,"brand_share_pct":1.100000023841858}],"share_of_category":[{"category":"CARTRIDGE","brand_revenue":468307.0625,"category_revenue":18462052.0,"revenue_share_pct":2.5,"brand_units":20096,"category_units":766448,"units_share_pct":2.6},{"category":"DISPOSABLE VAPE","brand_revenue":431694.5,"category_revenue":12220962.0,"revenue_share_pct":3.5,"brand_units":13625,"category_units":378274,"units_share_pct":3.6},{"category":"CONCENTRATE","brand_revenue":410367.125,"category_revenue":3146543.0,"revenue_share_pct":13.0,"brand_units":25737,"category_units":158316,"units_share_pct":16.3}],"share_of_category_trend":{"CARTRIDGE":[{"period":"2024-01","brand_revenue":169786.546875,"category_revenue":823070.25,"share_pct":20.600000381469727},{"period":"2024-02","brand_revenue":100569.3984375,"category_revenue":856711.125,"share_pct":11.699999809265137},{"period":"2024-03","brand_revenue":85612.6015625,"category_revenue":915420.875,"share_pct":9.399999618530273},{"period":"2024-04","brand_revenue":54982.87890625,"category_revenue":838728.1875,"share_pct":6.599999904632568},{"period":"2024-05","brand_revenue":36770.8515625,"category_revenue":855215.4375,"share_pct":4.300000190734863},{"period":"2024-06","brand_revenue":13119.7998046875,"category_revenue":807049.5625,"share_pct":1.600000023841858},{"period":"2024-07","brand_revenue":7465.0,"category_revenue":812767.3125,"share_pct":0.8999999761581421},{"period":"2024-08","brand_revenue":0.0,"category_revenue":852953.0625,"share_pct":0.0},{"period":"2024-09","brand_revenue":0.0,"category_revenue":782162.8125,"share_pct":0.0},{"period":"2024-10","brand_revenue":0.0,"category_revenue":833597.25,"share_pct":0.0},{"period":"2024-11","brand_revenue":0.0,"category_revenue":815443.75,"share_pct":0.0},{"period":"2024-12","brand_revenue":0.0,"category_revenue":801572.8125,"share_pct":0.0},{"period":"2025-01","brand_revenue":0.0,"category_revenue":768687.6875,"share_pct":0.0},{"period":"2025-02","brand_revenue":0.0,"category_revenue":667459.0,"share_pct":0.0},{"period":"2025-03","brand_revenue":0.0,"category_revenue":703484.5,"share_pct":0.0},{"period":"2025-04","brand_revenue":0.0,"category_revenue":694399.0,"share_pct":0.0},{"period":"2025-05","brand_revenue":0.0,"category_revenue":675520.1875,"share_pct":0.0},{"period":"2025-06","brand_revenue":0.0,"category_revenue":637806.0,"share_pct":0.0},{"period":"2025-07","brand_revenue":0.0,"category_revenue":638295.8125,"share_pct":0.0},{"period":"2025-08","brand_revenue":0.0,"category_revenue":670995.875,"share_pct":0.0},{"period":"2025-09","brand_revenue":0.0,"category_revenue":615819.1875,"share_pct":0.0},{"period":"2025-10","brand_revenue":0.0,"category_revenue":619563.6875,"share_pct":0.0},{"period":"2025-11","brand_revenue":0.0,"category_revenue":618172.0625,"share_pct":0.0},{"period":"2025-12","brand_revenue":0.0,"category_revenue":587131.3125,"share_pct":0.0},{"period":"2026-01","brand_revenue":0.0,"category_revenue":570025.625,"share_pct":0.0}],"DISPOSABLE VAPE":[{"period":"2024-01","brand_revenue":58525.33203125,"category_revenue":373389.96875,"share_pct":15.699999809265137},{"period":"2024-02","brand_revenue":47182.5,"category_revenue":351112.84375,"share_pct":13.399999618530273},{"period":"2024-03","brand_revenue":46887.87890625,"category_revenue":396276.8125,"share_pct":11.800000190734863},{"period":"2024-04","brand_revenue":30837.80078125,"category_revenue":388780.875,"share_pct":7.900000095367432},{"period":"2024-05","brand_revenue":43609.7890625,"category_revenue":414040.1875,"share_pct":10.5},{"period":"2024-06","brand_revenue":42613.01171875,"category_revenue":415917.6875,"share_pct":10.199999809265137},{"period":"2024-07","brand_revenue":43544.3515625,"category_revenue":432654.625,"share_pct":10.100000381469727},{"period":"2024-08","brand_revenue":30169.830078125,"category_revenue":439463.25,"share_pct":6.900000095367432},{"period":"2024-09","brand_revenue":28019.900390625,"category_revenue":422557.8125,"share_pct":6.599999904632568},{"period":"2024-10","brand_revenue":26535.201171875,"category_revenue":478816.46875,"share_pct":5.5},{"period":"2024-11","brand_revenue":26055.4296875,"category_revenue":477592.09375,"share_pct":5.5},{"period":"2024-12","brand_revenue":6719.89990234375,"category_revenue":488803.59375,"share_pct":1.399999976158142},{"period":"2025-01","brand_revenue":993.5999755859375,"category_revenue":440220.96875,"share_pct":0.20000000298023224},{"period":"2025-02","brand_revenue":0.0,"category_revenue":466908.5,"share_pct":0.0},{"period":"2025-03","brand_revenue":0.0,"category_revenue":539542.6875,"share_pct":0.0},{"period":"2025-04","brand_revenue":0.0,"category_revenue":565855.9375,"share_pct":0.0},{"period":"2025-05","brand_revenue":0.0,"category_revenue":584235.375,"share_pct":0.0},{"period":"2025-06","brand_revenue":0.0,"category_revenue":528341.1875,"share_pct":0.0},{"period":"2025-07","brand_revenue":0.0,"category_revenue":580477.9375,"share_pct":0.0},{"period":"2025-08","brand_revenue":0.0,"category_revenue":561408.25,"share_pct":0.0},{"period":"2025-09","brand_revenue":0.0,"category_revenue":527007.25,"share_pct":0.0},{"period":"2025-10","brand_revenue":0.0,"category_revenue":604677.5,"share_pct":0.0},{"period":"2025-11","brand_revenue":0.0,"category_revenue":592683.6875,"share_pct":0.0},{"period":"2025-12","brand_revenue":0.0,"category_revenue":590758.75,"share_pct":0.0},{"period":"2026-01","brand_revenue":0.0,"category_revenue":559437.9375,"share_pct":0.0}],"CONCENTRATE":[{"period":"2024-01","brand_revenue":51449.03125,"category_revenue":140451.84375,"share_pct":36.599998474121094},{"period":"2024-02","brand_revenue":49422.19921875,"category_revenue":148489.796875,"share_pct":33.29999923706055},{"period":"2024-03","brand_revenue":45072.53125,"category_revenue":150385.71875,"share_pct":30.0},{"period":"2024-04","brand_revenue":19856.349609375,"category_revenue":141098.34375,"share_pct":14.100000381469727},{"period":"2024-05","brand_revenue":35942.8515625,"category_revenue":138411.0,"share_pct":26.0},{"period":"2024-06","brand_revenue":29677.609375,"category_revenue":124289.359375,"share_pct":23.899999618530273},{"period":"2024-07","brand_revenue":33622.30078125,"category_revenue":134488.03125,"share_pct":25.0},{"period":"2024-08","brand_revenue":36313.16796875,"category_revenue":129601.6171875,"share_pct":28.0},{"period":"2024-09","brand_revenue":38473.609375,"category_revenue":130733.671875,"share_pct":29.399999618530273},{"period":"2024-10","brand_revenue":24813.099609375,"category_revenue":129800.34375,"share_pct":19.100000381469727},{"period":"2024-11","brand_revenue":34859.4609375,"category_revenue":140496.015625,"share_pct":24.799999237060547},{"period":"2024-12","brand_revenue":10696.900390625,"category_revenue":129658.171875,"share_pct":8.300000190734863},{"period":"2025-01","brand_revenue":168.0,"category_revenue":130299.6796875,"share_pct":0.10000000149011612},{"period":"2025-02","brand_revenue":0.0,"category_revenue":120199.609375,"share_pct":0.0},{"period":"2025-03","brand_revenue":0.0,"category_revenue":119268.609375,"share_pct":0.0},{"period":"2025-04","brand_revenue":0.0,"category_revenue":137342.25,"share_pct":0.0},{"period":"2025-05","brand_revenue":0.0,"category_revenue":115534.6484375,"share_pct":0.0},{"period":"2025-06","brand_revenue":0.0,"category_revenue":112371.3359375,"share_pct":0.0},{"period":"2025-07","brand_revenue":0.0,"category_revenue":113441.671875,"share_pct":0.0},{"period":"2025-08","brand_revenue":0.0,"category_revenue":109909.5078125,"share_pct":0.0},{"period":"2025-09","brand_revenue":0.0,"category_revenue":105839.6796875,"share_pct":0.0},{"period":"2025-10","brand_revenue":0.0,"category_revenue":111006.1875,"share_pct":0.0},{"period":"2025-11","brand_revenue":0.0,"category_revenue":118309.328125,"share_pct":0.0},{"period":"2025-12","brand_revenue":0.0,"category_revenue":106816.8203125,"share_pct":0.0},{"period":"2026-01","brand_revenue":0.0,"category_revenue":108299.8828125,"share_pct":0.0}]},"velocity_by_category":[{"category":"CONCENTRATE","brand_units_per_day":33.78,"category_avg_units_per_day":7.69,"velocity_index":438.9,"brand_rev_per_unit":15.94,"category_rev_per_unit":19.88,"brands_in_category":27},{"category":"DISPOSABLE VAPE","brand_units_per_day":17.88,"category_avg_units_per_day":14.18,"velocity_index":126.1,"brand_rev_per_unit":31.68,"category_rev_per_unit":32.31,"brands_in_category":35},{"category":"CARTRIDGE","brand_units_per_day":26.37,"category_avg_units_per_day":37.25,"velocity_index":70.8,"brand_rev_per_unit":23.3,"category_rev_per_unit":24.09,"brands_in_category":27}],"store_gaps":[{"store":"Thrive Main Street","category":"DISPOSABLE VAPE","category_revenue_at_store":154562.515625,"opportunity":"Brand not carried"},{"store":"Thrive Main Street","category":"CARTRIDGE","category_revenue_at_store":76197.7734375,"opportunity":"Brand not carried"},{"store":"Thrive Main Street","category":"CONCENTRATE","category_revenue_at_store":21268.361328125,"opportunity":"Brand not carried"}],"product_mix":{"top":[{"product":"FRUITY PEBBLES OG DISPOSABLE VAPE - CITY TREES","units":4420,"revenue":138402.828125,"cost":59724.75,"profit":78678.0703125,"stores":6,"transactions":3953,"margin":56.79999923706055},{"product":"MANGO HAZE DISPOSABLE VAPE - CITY TREES","units":3226,"revenue":104910.6015625,"cost":43840.5,"profit":61070.1015625,"stores":6,"transactions":2963,"margin":58.20000076293945},{"product":"BANANA KUSH CART - CITY TREES","units":3960,"revenue":102201.6015625,"cost":51480.0,"profit":50721.6015625,"stores":6,"transactions":3353,"margin":49.599998474121094},{"product":"UNICORN X DISPOSABLE VAPE - CITY TREES","units":3065,"revenue":97059.46875,"cost":41807.75,"profit":55251.71875,"stores":6,"transactions":2840,"margin":56.900001525878906},{"product":"MANGO HAZE CART - CITY TREES","units":3062,"revenue":79462.1171875,"cost":39374.0,"profit":40088.12109375,"stores":6,"transactions":2563,"margin":50.400001525878906},{"product":"LV CONFIDENTIAL CART - CITY TREES","units":2916,"revenue":74955.953125,"cost":37578.0,"profit":37377.94921875,"stores":6,"transactions":2404,"margin":49.900001525878906},{"product":"PEACH RINGZ CART - CITY TREES","units":2542,"revenue":66359.21875,"cost":33046.0,"profit":33313.21875,"stores":6,"transactions":2168,"margin":50.20000076293945},{"product":"LV CONFIDENTIAL DISPOSABLE VAPE - CITY TREES","units":2131,"revenue":65889.6875,"cost":28625.25,"profit":37264.44140625,"stores":6,"transactions":1951,"margin":56.599998474121094},{"product":"GASOLINA CART - CITY TREES","units":2151,"revenue":56309.58984375,"cost":27963.0,"profit":28346.58984375,"stores":6,"transactions":1827,"margin":50.29999923706055},{"product":"ENERGY CART - CITY TREES","units":1485,"revenue":23389.740234375,"cost":11880.0,"profit":11509.740234375,"stores":6,"transactions":1307,"margin":49.20000076293945},{"product":"REST MIDNIGHT SNACK CART - CITY TREES","units":1454,"revenue":22992.201171875,"cost":11632.0,"profit":11360.2001953125,"stores":6,"transactions":1299,"margin":49.400001525878906},{"product":"FRUITY PEBBLES DISPOSABLE VAPE - CITY TREES","units":649,"revenue":21132.740234375,"cost":9410.5,"profit":11722.240234375,"stores":4,"transactions":575,"margin":55.5},{"product":"GMO CART - CITY TREES","units":1133,"revenue":17891.66015625,"cost":9064.0,"profit":8827.66015625,"stores":6,"transactions":1041,"margin":49.29999923706055},{"product":"1:1 CBD/THC CALM CUCUMBER MELON CART - CITY TREES","units":1079,"revenue":17549.099609375,"cost":8666.0,"profit":8883.099609375,"stores":6,"transactions":907,"margin":50.599998474121094},{"product":"LEMON ESSENCE CR SHATTER - CITY TREES","units":1213,"revenue":16893.509765625,"cost":8491.0,"profit":8402.509765625,"stores":6,"transactions":933,"margin":49.70000076293945},{"product":"FRUIT MINTZ CR SHATTER - CITY TREES","units":840,"revenue":12421.1494140625,"cost":5880.0,"profit":6541.14990234375,"stores":6,"transactions":660,"margin":52.70000076293945},{"product":"COCO CHANEL CR BATTER - CITY TREES","units":673,"revenue":11995.5498046875,"cost":6057.0,"profit":5938.5498046875,"stores":5,"transactions":583,"margin":49.5},{"product":"GOVERNMINT APPLES CR SHATTER - CITY TREES","units":789,"revenue":11107.25,"cost":5523.0,"profit":5584.25,"stores":6,"transactions":604,"margin":50.29999923706055},{"product":"DO-SI-DIESEL CR BATTER - CITY TREES","units":608,"revenue":10909.1103515625,"cost":5472.0,"profit":5437.10986328125,"stores":6,"transactions":548,"margin":49.79999923706055},{"product":"LEMON OG CR SHATTER - CITY TREES","units":628,"revenue":10754.6201171875,"cost":4743.0,"profit":6011.6201171875,"stores":6,"transactions":453,"margin":55.900001525878906}],"bottom":[{"product":"HAN SOLO COOKIES CR BATTER - CITY TREES","units":50,"revenue":959.7000122070312,"cost":400.0,"profit":559.7000122070312,"stores":1,"transactions":42,"margin":58.29999923706055},{"product":"HOLLYWOOD CR SHATTER - CITY TREES","units":60,"revenue":941.4000244140625,"cost":480.0,"profit":461.3999938964844,"stores":1,"transactions":35,"margin":49.0},{"product":"LEMON BOMB CR SHATTER - CITY TREES","units":50,"revenue":792.5999755859375,"cost":400.0,"profit":392.6000061035156,"stores":1,"transactions":43,"margin":49.5},{"product":"SOUR ALIEN RUNTZ CR SHATTER - CITY TREES","units":50,"revenue":776.4100341796875,"cost":400.0,"profit":376.4100036621094,"stores":1,"transactions":40,"margin":48.5},{"product":"SOUR DIESEL CR SHATTER - CITY TREES","units":50,"revenue":617.9500122070312,"cost":400.0,"profit":217.9499969482422,"stores":1,"transactions":31,"margin":35.29999923706055},{"product":"MAC HERER CR SHATTER - CITY TREES","units":40,"revenue":573.2999877929688,"cost":320.0,"profit":253.3000030517578,"stores":1,"transactions":27,"margin":44.20000076293945},{"product":"BLACKJACK CR SUGAR - CITY TREES","units":29,"revenue":518.7000122070312,"cost":261.0,"profit":257.70001220703125,"stores":1,"transactions":26,"margin":49.70000076293945},{"product":"CRITICAL LEMONS CR SUGAR - CITY TREES","units":25,"revenue":428.8500061035156,"cost":200.0,"profit":228.85000610351562,"stores":1,"transactions":24,"margin":53.400001525878906},{"product":"SUNDAE DRIVER CR SUGAR - CITY TREES","units":12,"revenue":189.0,"cost":108.0,"profit":81.0,"stores":1,"transactions":12,"margin":42.900001525878906},{"product":"PEACH RINGZ CART 0.5G - CITY TREES","units":1,"revenue":12.600000381469727,"cost":8.0,"profit":4.599999904632568,"stores":1,"transactions":1,"margin":36.5}],"expansion":[{"product":"FRUITY PEBBLES DISPOSABLE VAPE - CITY TREES","current_stores":4,"total_stores":6,"missing_stores":["Thrive Cactus","Thrive Sammy"],"revenue":21132.740234375},{"product":"COCO CHANEL CR BATTER - CITY TREES","current_stores":5,"total_stores":6,"missing_stores":["Thrive Sammy"],"revenue":11995.5498046875},{"product":"LEMON GUSH MINTS CR SHATTER - CITY TREES","current_stores":5,"total_stores":6,"missing_stores":["Thrive Sammy"],"revenue":10107.16015625},{"product":"STRAWBERRY GOOBER CR SHATTER - CITY TREES","current_stores":4,"total_stores":6,"missing_stores":["Thrive Cactus","Thrive Sammy"],"revenue":8193.900390625},{"product":"TIGER HEAD CR SHATTER - CITY TREES","current_stores":5,"total_stores":6,"missing_stores":["Thrive Reno"],"revenue":8177.97998046875},{"product":"BLUEBERRY BLACKJACK CR SHATTER - CITY TREES","current_stores":5,"total_stores":6,"missing_stores":["Thrive Sammy"],"revenue":6764.10009765625},{"product":"LEMON JELLY HAZE CR SHATTER - CITY TREES","current_stores":4,"total_stores":6,"missing_stores":["Thrive Reno","Thrive Sammy"],"revenue":6465.94970703125},{"product":"LEMON ESSENCE CR BATTER - CITY TREES","current_stores":5,"total_stores":6,"missing_stores":["Thrive Sammy"],"revenue":6327.75},{"product":"LEMON ESSENCE CR SUGAR - CITY TREES","current_stores":5,"total_stores":6,"missing_stores":["Thrive Sammy"],"revenue":6103.009765625},{"product":"YUKUZU OG CR SHATTER - CITY TREES","current_stores":4,"total_stores":6,"missing_stores":["Thrive Reno","Thrive Sammy"],"revenue":5791.7001953125}]},"pricing_consistency":[{"product":"GEORGIA CITRUS PIE CR SHATTER - CITY TREES","min_price":11.391891891891891,"max_price":18.76,"avg_price":14.489963554350878,"std_dev":2.5432892629704558,"store_count":6,"price_range":7.36810810810811,"range_pct":50.8},{"product":"PLATINUM STRAWBERRIES CR SHATTER - CITY TREES","min_price":11.873784245671454,"max_price":18.58783783783784,"avg_price":14.579699848559136,"std_dev":2.283963014124157,"store_count":6,"price_range":6.714053592166385,"range_pct":46.1},{"product":"SOUR POWER CR SHATTER - CITY TREES","min_price":11.907142857142857,"max_price":18.255999348958333,"avg_price":14.397995779157723,"std_dev":2.3379000096838674,"store_count":6,"price_range":6.348856491815477,"range_pct":44.1},{"product":"LEMON OG CR SHATTER - CITY TREES","min_price":14.385999348958334,"max_price":21.566666666666666,"avg_price":17.35149501976104,"std_dev":2.5795958876561205,"store_count":6,"price_range":7.180667317708332,"range_pct":41.4},{"product":"LEMON ESSENCE CR SHATTER - CITY TREES","min_price":11.22999965122768,"max_price":16.825179504833635,"avg_price":13.81144543299135,"std_dev":1.9016272990641738,"store_count":6,"price_range":5.595179853605956,"range_pct":40.5},{"product":"KUSH GUSHERS CR SUGAR - CITY TREES","min_price":10.888265804368622,"max_price":15.63265306122449,"avg_price":12.828551278644793,"std_dev":1.627471054782906,"store_count":6,"price_range":4.744387256855868,"range_pct":37.0},{"product":"BIG FOOT GLUE CR SUGAR - CITY TREES","min_price":12.130999755859374,"max_price":16.901998291015627,"avg_price":13.87788222367515,"std_dev":1.7570960303389727,"store_count":6,"price_range":4.770998535156252,"range_pct":34.4},{"product":"JACK FROST CR SUGAR - CITY TREES","min_price":14.174999237060547,"max_price":19.99199951171875,"avg_price":17.396398645163934,"std_dev":1.9197633525275404,"store_count":6,"price_range":5.817000274658202,"range_pct":33.4},{"product":"LAVA CAKE CR SUGAR - CITY TREES","min_price":13.965000915527344,"max_price":19.74,"avg_price":17.32245474065758,"std_dev":2.0640376365547697,"store_count":6,"price_range":5.774999084472654,"range_pct":33.3},{"product":"CRITICAL BLUEBERRIES CR SUGAR - CITY TREES","min_price":14.23199951171875,"max_price":19.11,"avg_price":16.357000325520833,"std_dev":2.4989015822310443,"store_count":3,"price_range":4.87800048828125,"range_pct":29.8},{"product":"TRAINWRECK CR SHATTER - CITY TREES","min_price":14.169228891225961,"max_price":19.036800537109375,"avg_price":16.386507153633314,"std_dev":2.070302453748717,"store_count":4,"price_range":4.867571645883414,"range_pct":29.7},{"product":"LEMON STOMPER CR BATTER - CITY TREES","min_price":15.045517493938577,"max_price":20.004998779296876,"avg_price":17.70093816080481,"std_dev":1.6472174016168466,"store_count":6,"price_range":4.959481285358299,"range_pct":28.0},{"product":"SUNSET JEALOUSY CR SUGAR - CITY TREES","min_price":14.4239990234375,"max_price":19.05937385559082,"avg_price":16.782467511494954,"std_dev":1.8536499877871506,"store_count":6,"price_range":4.635374832153321,"range_pct":27.6},{"product":"APPLE GELATO OG CR BATTER - CITY TREES","min_price":14.7839990234375,"max_price":19.136250305175782,"avg_price":16.906593372834035,"std_dev":1.7570185077024734,"store_count":5,"price_range":4.3522512817382815,"range_pct":25.7},{"product":"TROPICAL GUSHERS CR SUGAR - CITY TREES","min_price":15.023077157827524,"max_price":19.558823529411764,"avg_price":17.707520620051568,"std_dev":1.7715105612474016,"store_count":6,"price_range":4.53574637158424,"range_pct":25.6},{"product":"SOUR HEADBAND CR SUGAR - CITY TREES","min_price":14.785333251953125,"max_price":19.114000244140627,"avg_price":17.421710531790954,"std_dev":1.611699771967029,"store_count":6,"price_range":4.328666992187502,"range_pct":24.8},{"product":"FRUIT MINTZ CR SHATTER - CITY TREES","min_price":12.944681370511969,"max_price":16.508213588169642,"avg_price":14.521506513231307,"std_dev":1.4823264811572872,"store_count":6,"price_range":3.5635322176576736,"range_pct":24.5},{"product":"PINK DRINK SFV CR SHATTER - CITY TREES","min_price":15.15280029296875,"max_price":19.199999128069198,"avg_price":16.5926999773298,"std_dev":1.8524302338861367,"store_count":4,"price_range":4.047198835100447,"range_pct":24.4},{"product":"SECRET COOKIES CR SHATTER - CITY TREES","min_price":12.013333129882813,"max_price":15.542857578822545,"avg_price":14.453946881975446,"std_dev":1.4636765416298023,"store_count":5,"price_range":3.529524448939732,"range_pct":24.4},{"product":"SOUR GUSH MINTS CR SHATTER - CITY TREES","min_price":14.1960009765625,"max_price":18.144000244140624,"avg_price":16.329494780980376,"std_dev":1.9932359934521229,"store_count":3,"price_range":3.9479992675781244,"range_pct":24.2},{"product":"LEMON GUSHERS CR SUGAR - CITY TREES","min_price":15.204000244140625,"max_price":19.249998434995995,"avg_price":17.26865829693835,"std_dev":1.5422075907551858,"store_count":6,"price_range":4.04599819085537,"range_pct":23.4},{"product":"LIME OG CR SHATTER - CITY TREES","min_price":14.04818115234375,"max_price":17.707919583462253,"avg_price":15.810686923766074,"std_dev":1.598902296021783,"store_count":4,"price_range":3.6597384311185035,"range_pct":23.1},{"product":"SOUR DIESEL CR BATTER - CITY TREES","min_price":15.522221883138021,"max_price":19.4039990234375,"avg_price":17.191370340983074,"std_dev":1.5468351000127225,"store_count":6,"price_range":3.8817771402994783,"range_pct":22.6},{"product":"CANDY TRAIN CR SUGAR - CITY TREES","min_price":12.434343434343434,"max_price":15.525999755859376,"avg_price":13.800360569485946,"std_dev":1.18588381316571,"store_count":6,"price_range":3.0916563215159414,"range_pct":22.4},{"product":"BUDDHA BERRIES CR BATTER - CITY TREES","min_price":15.818480118461277,"max_price":19.697999267578126,"avg_price":17.288719964511152,"std_dev":1.6748530029639093,"store_count":4,"price_range":3.879519149116849,"range_pct":22.4},{"product":"LEMONBERRY CUPCAKE CR SUGAR - CITY TREES","min_price":15.342856893734057,"max_price":19.206922325721155,"avg_price":17.250194153492103,"std_dev":1.4381818767999628,"store_count":6,"price_range":3.8640654319870986,"range_pct":22.4},{"product":"LAVA CAKE CR SHATTER - CITY TREES","min_price":12.796665445963542,"max_price":16.014000244140625,"avg_price":14.400806901800697,"std_dev":1.1998944516816976,"store_count":6,"price_range":3.217334798177083,"range_pct":22.3},{"product":"BANANIMAL MINTS CR BATTER - CITY TREES","min_price":15.809998779296874,"max_price":19.614000244140627,"avg_price":17.11319295064107,"std_dev":1.3082597038827375,"store_count":6,"price_range":3.8040014648437523,"range_pct":22.2},{"product":"GOVERNMINT APPLES CR SHATTER - CITY TREES","min_price":12.693334147135417,"max_price":15.682273171164773,"avg_price":13.862082970450368,"std_dev":1.2953923834160157,"store_count":6,"price_range":2.9889390240293565,"range_pct":21.6},{"product":"GRAPE GUSHERS CR SUGAR - CITY TREES","min_price":15.805262515419408,"max_price":19.596391500885954,"avg_price":17.641388314165248,"std_dev":1.4564864829339559,"store_count":6,"price_range":3.791128985466546,"range_pct":21.5}],"promotional_effectiveness":{"lift":{"fp_units_per_day":72.91,"disc_units_per_day":87.44,"lift_pct":19.9,"fp_avg_revenue_per_unit":26.1,"disc_avg_revenue_per_unit":18.61},"by_deal":[{"deal_name":"Industry - 30% Off","uses":10304,"revenue":250148.35115337372,"discounts":107295.65131282806,"units":14917.0,"cost":143920.5,"margin":42.5,"discount_depth":30.0},{"deal_name":"City Trees 0.9g Carts 2 for $50","uses":1063,"revenue":64335.0,"discounts":12825.0,"units":2572.0,"cost":33337.0,"margin":48.2,"discount_depth":16.6},{"deal_name":"Senior - 10% Off","uses":661,"revenue":24759.600452423096,"discounts":2764.399966955185,"units":978.0,"cost":11152.25,"margin":55.0,"discount_depth":10.0},{"deal_name":"Veterans - 10% Off","uses":660,"revenue":20768.60032749176,"discounts":2301.3999667167664,"units":939.0,"cost":9272.75,"margin":55.4,"discount_depth":10.0},{"deal_name":"Jackpot - Locals 30% Off","uses":552,"revenue":17135.700163841248,"discounts":7312.300100326538,"units":967.0,"cost":9667.0,"margin":43.6,"discount_depth":29.9},{"deal_name":"Senior / Veterans - 20% Off","uses":248,"revenue":9279.999870300293,"discounts":2319.9999675750732,"units":409.0,"cost":4644.5,"margin":50.0,"discount_depth":20.0},{"deal_name":"City Trees 0.9g Disposables 2 for $60","uses":158,"revenue":9756.0,"discounts":1938.0,"units":325.0,"cost":4756.5,"margin":51.2,"discount_depth":16.6},{"deal_name":"30% Off Special","uses":148,"revenue":3868.200019836426,"discounts":1657.8000049591064,"units":187.0,"cost":2277.0,"margin":41.1,"discount_depth":30.0},{"deal_name":"City Trees 0.5g Cartridges 2 for $30","uses":141,"revenue":4581.0,"discounts":909.0,"units":305.0,"cost":2440.0,"margin":46.7,"discount_depth":16.6},{"deal_name":"City Trees 2g for $40 - Concentrate","uses":136,"revenue":5819.0,"discounts":720.0,"units":331.0,"cost":2531.0,"margin":56.5,"discount_depth":11.0},{"deal_name":"LVAC - 25% Off","uses":58,"revenue":1453.5,"discounts":484.5,"units":74.0,"cost":735.75,"margin":49.4,"discount_depth":25.0},{"deal_name":"Employee 30% - NOT FRIDAYS","uses":57,"revenue":1305.5000009536743,"discounts":559.5000123977661,"units":88.0,"cost":730.25,"margin":44.1,"discount_depth":30.0},{"deal_name":"Employee - 40% OFF","uses":48,"revenue":1281.6000242233276,"discounts":854.3999795913696,"units":106.0,"cost":852.0,"margin":33.5,"discount_depth":40.0},{"deal_name":"Veterans Day - 30% Off For Veterans!","uses":2,"revenue":29.399999618530273,"discounts":12.600000381469727,"units":2.0,"cost":16.0,"margin":45.6,"discount_depth":30.0},{"deal_name":"Medical - 10%","uses":1,"revenue":18.0,"discounts":2.0,"units":1.0,"cost":8.0,"margin":55.6,"discount_depth":10.0}]},"growth_opportunities":[{"type":"distribution","title":"Expand to Thrive Main Street","detail":"Store has $252,029 in CARTRIDGE, CONCENTRATE, DISPOSABLE VAPE \u2014 categories where CITY TREES competes.","priority":"high"},{"type":"sku_expansion","title":"Add 'APPLE GELATO OG CR BATTER - CITY TREES' to 1 more store(s)","detail":"Carried in 5 stores. Missing from: Thrive Cactus","priority":"medium"},{"type":"sku_expansion","title":"Add 'BANANA KUSH CART 0.9G - CITY TREES' to 4 more store(s)","detail":"Carried in 2 stores. Missing from: Thrive Cactus, Thrive Cheyenne, Thrive Jackpot, Thrive Sahara","priority":"medium"},{"type":"sku_expansion","title":"Add 'BIG FOOT HAZE CR SHATTER - CITY TREES' to 3 more store(s)","detail":"Carried in 3 stores. Missing from: Thrive Cactus, Thrive Reno, Thrive Sammy","priority":"medium"},{"type":"sku_expansion","title":"Add 'BLACKJACK CR BATTER - CITY TREES' to 1 more store(s)","detail":"Carried in 5 stores. Missing from: Thrive Cactus","priority":"medium"},{"type":"sku_expansion","title":"Add 'BLUEBERRY BLACKJACK CR SHATTER - CITY TREES' to 1 more store(s)","detail":"Carried in 5 stores. Missing from: Thrive Sammy","priority":"medium"},{"type":"velocity","title":"Improve velocity in CARTRIDGE","detail":"Velocity index 71 (below category average). 26.4 units/day vs 37.2 avg.","priority":"medium"}],"trend":[{"period":"2024-01","revenue":279760.90625,"cost":138742.0,"margin":50.4,"units":12363,"transactions":7804,"profit":141018.90625,"revenue_change_pct":null,"units_change_pct":null,"margin_change_pts":null},{"period":"2024-02","revenue":197174.09375,"cost":94740.0,"margin":52.0,"units":9074,"transactions":6430,"profit":102434.1015625,"revenue_change_pct":-29.5,"units_change_pct":-26.6,"margin_change_pts":1.5},{"period":"2024-03","revenue":177573.015625,"cost":86212.0,"margin":51.4,"units":8068,"transactions":5555,"profit":91361.0078125,"revenue_change_pct":-9.9,"units_change_pct":-11.1,"margin_change_pts":-0.5},{"period":"2024-04","revenue":105677.03125,"cost":50849.5,"margin":51.9,"units":4519,"transactions":3226,"profit":54827.53125,"revenue_change_pct":-40.5,"units_change_pct":-44.0,"margin_change_pts":0.4},{"period":"2024-05","revenue":116323.4921875,"cost":55009.5,"margin":52.7,"units":5351,"transactions":3667,"profit":61313.98828125,"revenue_change_pct":10.1,"units_change_pct":18.4,"margin_change_pts":0.8},{"period":"2024-06","revenue":85410.421875,"cost":39330.25,"margin":54.0,"units":3813,"transactions":2609,"profit":46080.171875,"revenue_change_pct":-26.6,"units_change_pct":-28.7,"margin_change_pts":1.2},{"period":"2024-07","revenue":84631.6484375,"cost":36353.25,"margin":57.0,"units":3640,"transactions":2686,"profit":48278.3984375,"revenue_change_pct":-0.9,"units_change_pct":-4.5,"margin_change_pts":3.1},{"period":"2024-08","revenue":66483.0,"cost":28815.0,"margin":56.7,"units":3121,"transactions":2294,"profit":37668.0,"revenue_change_pct":-21.4,"units_change_pct":-14.3,"margin_change_pts":-0.4},{"period":"2024-09","revenue":66493.5078125,"cost":30415.0,"margin":54.3,"units":3350,"transactions":2299,"profit":36078.51171875,"revenue_change_pct":0.0,"units_change_pct":7.3,"margin_change_pts":-2.4},{"period":"2024-10","revenue":51348.30078125,"cost":22237.25,"margin":56.7,"units":2350,"transactions":1664,"profit":29111.05078125,"revenue_change_pct":-22.8,"units_change_pct":-29.9,"margin_change_pts":2.4},{"period":"2024-11","revenue":60914.890625,"cost":26704.0,"margin":56.2,"units":2921,"transactions":2007,"profit":34210.890625,"revenue_change_pct":18.6,"units_change_pct":24.3,"margin_change_pts":-0.5},{"period":"2024-12","revenue":17416.80078125,"cost":7684.0,"margin":55.9,"units":848,"transactions":595,"profit":9732.7998046875,"revenue_change_pct":-71.4,"units_change_pct":-71.0,"margin_change_pts":-0.3},{"period":"2025-01","revenue":1161.5999755859375,"cost":440.0,"margin":62.1,"units":40,"transactions":33,"profit":721.5999755859375,"revenue_change_pct":-93.3,"units_change_pct":-95.3,"margin_change_pts":6.2}]}