{"brand":"PUFFCO","date_range":"2024-01-01 00:00:00 to 2026-01-31 00:00:00","period_label":"All Time","summary":{"total_units":44,"total_revenue":10335.4248046875,"total_cost":7600.0,"total_discounts":5247.0751953125,"total_profit":2735.4248046875,"overall_margin":26.5,"fp_margin":41.79999923706055,"disc_margin":16.899999618530273,"pct_full_price":38.400001525878906,"avg_discount_rate":33.70000076293945,"fp_revenue":3970.0,"disc_revenue":6365.4248046875,"unique_customers":42,"brand":"PUFFCO","date_range":"2024-01-01 00:00:00 to 2026-01-31 00:00:00","months_count":12,"avg_monthly_cost":1266.675,"cost_per_unit":345.45000000000005,"primary_category":"ACCESSORY","primary_cat_margin":61.099998474121094,"category_rank":17,"category_total":136,"margin_vs_category":-34.599998474121094,"velocity_rank":58},"category_breakdown":[{"category_clean":"ACCESSORY","units":42,"revenue":10116.6748046875,"cost":7450.0,"profit":2666.6748046875,"discounts":5153.3251953125,"margin":26.399999618530273,"category_avg_margin":61.099998474121094,"vs_category":-34.7,"rank":17.0,"total_brands":136.0}],"trend":[{"period":"2025-02","revenue":3305.0,"cost":2062.5,"margin":37.6,"units":8,"transactions":8,"profit":1242.5,"revenue_change_pct":null,"units_change_pct":null,"margin_change_pts":null},{"period":"2025-03","revenue":737.5,"cost":412.5,"margin":44.1,"units":6,"transactions":6,"profit":325.0,"revenue_change_pct":-77.7,"units_change_pct":-25.0,"margin_change_pts":6.5},{"period":"2025-04","revenue":1156.25,"cost":950.0,"margin":17.8,"units":4,"transactions":4,"profit":206.25,"revenue_change_pct":56.8,"units_change_pct":-33.3,"margin_change_pts":-26.2},{"period":"2025-10","revenue":1520.0,"cost":1300.0,"margin":14.5,"units":12,"transactions":12,"profit":220.0,"revenue_change_pct":31.5,"units_change_pct":200.0,"margin_change_pts":-3.4},{"period":"2025-11","revenue":2560.4251098632812,"cost":2262.5,"margin":11.6,"units":10,"transactions":10,"profit":297.9249954223633,"revenue_change_pct":68.4,"units_change_pct":-16.7,"margin_change_pts":-2.8},{"period":"2026-01","revenue":1056.25,"cost":612.5,"margin":42.0,"units":4,"transactions":4,"profit":443.75,"revenue_change_pct":-58.7,"units_change_pct":-60.0,"margin_change_pts":30.4}],"share_of_category":[{"category":"ACCESSORY","brand_revenue":10116.6748046875,"category_revenue":4128754.0625,"revenue_share_pct":0.20000000298023224,"brand_units":42,"category_units":2130096,"units_share_pct":0.0},{"category":0.0,"brand_revenue":0.0,"category_revenue":0.0,"revenue_share_pct":0.0,"brand_units":0,"category_units":0,"units_share_pct":0.0}],"share_of_category_trend":{"ACCESSORY":[{"period":"2024-01","brand_revenue":0.0,"category_revenue":153543.9453125,"share_pct":0.0},{"period":"2024-02","brand_revenue":0.0,"category_revenue":152399.47265625,"share_pct":0.0},{"period":"2024-03","brand_revenue":0.0,"category_revenue":154678.876953125,"share_pct":0.0},{"period":"2024-04","brand_revenue":0.0,"category_revenue":163353.65234375,"share_pct":0.0},{"period":"2024-05","brand_revenue":0.0,"category_revenue":179676.4453125,"share_pct":0.0},{"period":"2024-06","brand_revenue":0.0,"category_revenue":185008.828125,"share_pct":0.0},{"period":"2024-07","brand_revenue":0.0,"category_revenue":186675.46875,"share_pct":0.0},{"period":"2024-08","brand_revenue":0.0,"category_revenue":180226.328125,"share_pct":0.0},{"period":"2024-09","brand_revenue":0.0,"category_revenue":162386.298828125,"share_pct":0.0},{"period":"2024-10","brand_revenue":0.0,"category_revenue":166088.73046875,"share_pct":0.0},{"period":"2024-11","brand_revenue":0.0,"category_revenue":171706.09375,"share_pct":0.0},{"period":"2024-12","brand_revenue":0.0,"category_revenue":176502.03125,"share_pct":0.0},{"period":"2025-01","brand_revenue":0.0,"category_revenue":167261.34765625,"share_pct":0.0},{"period":"2025-02","brand_revenue":3305.0,"category_revenue":155260.927734375,"share_pct":2.0999999046325684},{"period":"2025-03","brand_revenue":737.5,"category_revenue":176420.390625,"share_pct":0.4000000059604645},{"period":"2025-04","brand_revenue":1156.25,"category_revenue":182694.82421875,"share_pct":0.6000000238418579},{"period":"2025-05","brand_revenue":0.0,"category_revenue":179904.4921875,"share_pct":0.0},{"period":"2025-06","brand_revenue":0.0,"category_revenue":161148.75,"share_pct":0.0},{"period":"2025-07","brand_revenue":0.0,"category_revenue":165549.8046875,"share_pct":0.0},{"period":"2025-08","brand_revenue":0.0,"category_revenue":171752.05078125,"share_pct":0.0},{"period":"2025-09","brand_revenue":0.0,"category_revenue":168198.9453125,"share_pct":0.0},{"period":"2025-10","brand_revenue":1301.25,"category_revenue":171844.55078125,"share_pct":0.800000011920929},{"period":"2025-11","brand_revenue":2560.4251098632812,"category_revenue":172839.74609375,"share_pct":1.5},{"period":"2025-12","brand_revenue":0.0,"category_revenue":141954.873046875,"share_pct":0.0},{"period":"2026-01","brand_revenue":1056.25,"category_revenue":81677.1484375,"share_pct":1.2999999523162842}]},"discount_depth":[{"tier":"0% (Full Price)","transactions":12,"pct_of_transactions":27.3,"revenue":3970.0,"avg_discount":0.0},{"tier":"1-10%","transactions":0,"pct_of_transactions":0.0,"revenue":0.0,"avg_discount":0},{"tier":"11-20%","transactions":0,"pct_of_transactions":0.0,"revenue":0.0,"avg_discount":0},{"tier":"21-30%","transactions":0,"pct_of_transactions":0.0,"revenue":0.0,"avg_discount":0},{"tier":"31%+","transactions":22,"pct_of_transactions":50.0,"revenue":4107.9248046875,"avg_discount":103.0}],"velocity":{"units_per_day":0.14,"revenue_per_day":31.700000762939453,"avg_units_per_txn":2.0,"days_of_data":326,"total_units":44,"total_transactions":44},"velocity_by_category":[{"category":"ACCESSORY","brand_units_per_day":0.06,"category_avg_units_per_day":20.56,"velocity_index":0.3,"brand_rev_per_unit":192.7,"category_rev_per_unit":1.55,"brands_in_category":136},{"category":0.0,"brand_units_per_day":0.0,"category_avg_units_per_day":0,"velocity_index":0,"brand_rev_per_unit":0.0,"category_rev_per_unit":0.0,"brands_in_category":0}],"deals":[{"deal_name":"Industry - 30% Off","times_used":2,"units":2.0,"revenue":297.5,"discounts":127.5,"cost":212.5,"profit":85.0,"pre_discount_revenue":425.0,"margin":28.6,"avg_discount":60.0},{"deal_name":"Jackpot - Locals 30% Off","times_used":2,"units":2.0,"revenue":743.75,"discounts":318.75,"cost":462.5,"profit":281.25,"pre_discount_revenue":1062.5,"margin":37.8,"avg_discount":60.0},{"deal_name":"Store Credit - $100","times_used":2,"units":2.0,"revenue":470.4249954223633,"discounts":592.0750045776367,"cost":462.5,"profit":7.925000190734863,"pre_discount_revenue":1062.5,"margin":1.7,"avg_discount":111.4}],"top_products":[{"product":"THE PEAK SMART RIG - PUFFCO","units":12,"revenue":3212.5,"cost":2587.5,"profit":625.0,"transactions":12,"margin":19.5},{"product":"PROXY MODULAR VAPORIZER - PUFFCO","units":8,"revenue":2632.9248046875,"cost":2000.0,"profit":632.9249954223633,"transactions":8,"margin":24.0},{"product":"PIVOT - PUFFCO","units":12,"revenue":1767.5,"cost":1375.0,"profit":392.5,"transactions":12,"margin":22.200000762939453},{"product":"PEAK PRO SMART RIG - PUFFCO","units":2,"revenue":1622.5,"cost":937.5,"profit":685.0,"transactions":2,"margin":42.20000076293945},{"product":"PUFFCO PROXY WIZARD ATTACHMENT","units":4,"revenue":531.25,"cost":300.0,"profit":231.25,"transactions":4,"margin":43.5},{"product":"HEATED DAB TOOL - PUFFCO","units":4,"revenue":312.5,"cost":200.0,"profit":112.5,"transactions":4,"margin":36.0},{"product":"RIPPLE SAGE","units":2,"revenue":256.25,"cost":200.0,"profit":56.25,"transactions":2,"margin":22.0}],"products_by_store":{"Elevation Oasis":[{"product":"THE PEAK SMART RIG - PUFFCO","units":12,"revenue":3212.5,"cost":2587.5,"profit":625.0,"transactions":12,"margin":19.5},{"product":"PROXY MODULAR VAPORIZER - PUFFCO","units":8,"revenue":2632.9248046875,"cost":2000.0,"profit":632.9249954223633,"transactions":8,"margin":24.0},{"product":"PIVOT - PUFFCO","units":12,"revenue":1767.5,"cost":1375.0,"profit":392.5,"transactions":12,"margin":22.200000762939453},{"product":"PEAK PRO SMART RIG - PUFFCO","units":2,"revenue":1622.5,"cost":937.5,"profit":685.0,"transactions":2,"margin":42.20000076293945},{"product":"PUFFCO PROXY WIZARD ATTACHMENT","units":4,"revenue":531.25,"cost":300.0,"profit":231.25,"transactions":4,"margin":43.5},{"product":"HEATED DAB TOOL - PUFFCO","units":4,"revenue":312.5,"cost":200.0,"profit":112.5,"transactions":4,"margin":36.0},{"product":"RIPPLE SAGE","units":2,"revenue":256.25,"cost":200.0,"profit":56.25,"transactions":2,"margin":22.0}]},"store_summary":[{"store_clean":"Elevation Oasis","units":44,"revenue":10335.4248046875,"cost":7600.0,"profit":2735.4248046875,"discounts":5247.0751953125,"margin":26.5,"discount_rate":33.70000076293945}],"recommendations":[{"severity":"red","title":"ACCESSORY: BELOW CATEGORY AVERAGE","detail":"Margin (26.4%) is 35 pts below ACCESSORY average. Ranked #17 of 136. Strong case for cost negotiation.","action":"Request 17% cost reduction or evaluate alternative ACCESSORY brands."},{"severity":"yellow","title":"CATEGORY BENCHMARK GAP","detail":"Overall margin (26.5%) trails ACCESSORY average (61.1%) by 34.6 pts.","action":"Negotiate cost reduction or increase retail price."},{"severity":"red","title":"LOW DISCOUNTED MARGIN","detail":"Margin drops to 16.9% when discounted.","action":"Cap discount depth at 20% or negotiate lower wholesale cost."}],"comparison":null}