{"brand":"THE GROWER CIRCLE","date_range":"2024-01-01 00:00:00 to 2026-01-31 00:00:00","period_label":"All Time","summary":{"total_units":103480,"total_revenue":2722385.9375,"total_cost":1386881.25,"total_discounts":681709.0625,"total_profit":1335504.6875,"overall_margin":49.099998474121094,"fp_margin":58.900001525878906,"disc_margin":41.400001525878906,"pct_full_price":43.79999923706055,"avg_discount_rate":20.0,"fp_revenue":1192232.5,"disc_revenue":1530153.4375,"brand":"THE GROWER CIRCLE","date_range":"2024-01-01 00:00:00 to 2026-01-31 00:00:00","primary_category":"EDIBLE","store_coverage":"7/7","stores_present":["Elevation Springs","Elevation Mesa","Elevation Oasis","Elevation Downtown","Elevation Midtown","Elevation Boulevard","Elevation Parkway"],"stores_missing":[],"velocity_rank":12,"velocity_total":32},"distribution":[{"store":"Elevation Springs","carries_brand":true,"sku_count":296,"revenue":610264.1015625,"units":24690,"store_total_revenue":51138750.0,"brand_share_pct":1.2000000476837158},{"store":"Elevation Mesa","carries_brand":true,"sku_count":280,"revenue":540387.578125,"units":21514,"store_total_revenue":47532240.0,"brand_share_pct":1.100000023841858},{"store":"Elevation Oasis","carries_brand":true,"sku_count":208,"revenue":430958.203125,"units":14812,"store_total_revenue":56050145.0,"brand_share_pct":0.800000011920929},{"store":"Elevation Downtown","carries_brand":true,"sku_count":124,"revenue":82449.7265625,"units":3314,"store_total_revenue":1945237.1875,"brand_share_pct":4.199999809265137},{"store":"Elevation Midtown","carries_brand":true,"sku_count":198,"revenue":275832.63671875,"units":9468,"store_total_revenue":30850185.0,"brand_share_pct":0.8999999761581421},{"store":"Elevation Boulevard","carries_brand":true,"sku_count":248,"revenue":297563.80859375,"units":11906,"store_total_revenue":28757865.0,"brand_share_pct":1.0},{"store":"Elevation Parkway","carries_brand":true,"sku_count":270,"revenue":484929.8828125,"units":17776,"store_total_revenue":21987007.5,"brand_share_pct":2.200000047683716}],"share_of_category":[{"category":"EDIBLE","brand_revenue":895261.25,"category_revenue":29378492.5,"revenue_share_pct":3.0,"brand_units":37084,"category_units":1706530,"units_share_pct":2.2},{"category":"FLOWER","brand_revenue":862061.71875,"category_revenue":77755450.0,"revenue_share_pct":1.100000023841858,"brand_units":18446,"category_units":2708446,"units_share_pct":0.7},{"category":"INFUSED PRE ROLL","brand_revenue":476725.3125,"category_revenue":10308101.25,"revenue_share_pct":4.599999904632568,"brand_units":19322,"category_units":488074,"units_share_pct":4.0},{"category":"PRE ROLL","brand_revenue":338072.578125,"category_revenue":14009791.25,"revenue_share_pct":2.4000000953674316,"brand_units":24444,"category_units":1485736,"units_share_pct":1.6},{"category":"PRE ROLL PACK","brand_revenue":51689.150390625,"category_revenue":3903863.75,"revenue_share_pct":1.2999999523162842,"brand_units":1178,"category_units":123714,"units_share_pct":1.0},{"category":"SYRINGE","brand_revenue":47026.552734375,"category_revenue":467399.2578125,"revenue_share_pct":10.100000381469727,"brand_units":1918,"category_units":19216,"units_share_pct":10.0},{"category":"INFUSED PACK","brand_revenue":42949.345703125,"category_revenue":8259010.0,"revenue_share_pct":0.5,"brand_units":868,"category_units":240090,"units_share_pct":0.4},{"category":"CONCENTRATE","brand_revenue":8377.525634765625,"category_revenue":7866357.5,"revenue_share_pct":0.10000000149011612,"brand_units":214,"category_units":316632,"units_share_pct":0.1},{"category":"INFUSED PRE ROLL PACK","brand_revenue":125.0,"category_revenue":250.0,"revenue_share_pct":50.0,"brand_units":2,"category_units":6,"units_share_pct":33.3},{"category":0.0,"brand_revenue":0.0,"category_revenue":0.0,"revenue_share_pct":0.0,"brand_units":0,"category_units":0,"units_share_pct":0.0}],"share_of_category_trend":{"EDIBLE":[{"period":"2024-01","brand_revenue":25788.7744140625,"category_revenue":1115754.921875,"share_pct":2.299999952316284},{"period":"2024-02","brand_revenue":35681.95068359375,"category_revenue":1235210.0,"share_pct":2.9000000953674316},{"period":"2024-03","brand_revenue":28775.47607421875,"category_revenue":1273343.671875,"share_pct":2.299999952316284},{"period":"2024-04","brand_revenue":35373.44970703125,"category_revenue":1298159.0625,"share_pct":2.700000047683716},{"period":"2024-05","brand_revenue":30684.9755859375,"category_revenue":1215880.78125,"share_pct":2.5},{"period":"2024-06","brand_revenue":28107.60009765625,"category_revenue":1181362.421875,"share_pct":2.4000000953674316},{"period":"2024-07","brand_revenue":28629.3505859375,"category_revenue":1128302.8125,"share_pct":2.5},{"period":"2024-08","brand_revenue":26802.62451171875,"category_revenue":1167724.921875,"share_pct":2.299999952316284},{"period":"2024-09","brand_revenue":30612.8759765625,"category_revenue":1114619.53125,"share_pct":2.700000047683716},{"period":"2024-10","brand_revenue":33372.97607421875,"category_revenue":1205149.0625,"share_pct":2.799999952316284},{"period":"2024-11","brand_revenue":36526.6259765625,"category_revenue":1236132.421875,"share_pct":3.0},{"period":"2024-12","brand_revenue":40269.22607421875,"category_revenue":1207318.046875,"share_pct":3.299999952316284},{"period":"2025-01","brand_revenue":30617.2509765625,"category_revenue":1176202.578125,"share_pct":2.5999999046325684},{"period":"2025-02","brand_revenue":33191.875,"category_revenue":1097683.359375,"share_pct":3.0},{"period":"2025-03","brand_revenue":18584.000244140625,"category_revenue":1228067.265625,"share_pct":1.5},{"period":"2025-04","brand_revenue":38849.1748046875,"category_revenue":1290106.171875,"share_pct":3.0},{"period":"2025-05","brand_revenue":43754.501953125,"category_revenue":1191670.3125,"share_pct":3.700000047683716},{"period":"2025-06","brand_revenue":39326.37451171875,"category_revenue":1110702.109375,"share_pct":3.5},{"period":"2025-07","brand_revenue":41506.5771484375,"category_revenue":1096938.125,"share_pct":3.799999952316284},{"period":"2025-08","brand_revenue":35516.35009765625,"category_revenue":1145920.859375,"share_pct":3.0999999046325684},{"period":"2025-09","brand_revenue":35792.19970703125,"category_revenue":1070074.53125,"share_pct":3.299999952316284},{"period":"2025-10","brand_revenue":57505.4736328125,"category_revenue":1168865.78125,"share_pct":4.900000095367432},{"period":"2025-11","brand_revenue":52440.9228515625,"category_revenue":1192334.453125,"share_pct":4.400000095367432},{"period":"2025-12","brand_revenue":42546.875,"category_revenue":1138094.375,"share_pct":3.700000047683716},{"period":"2026-01","brand_revenue":45003.7744140625,"category_revenue":1092874.21875,"share_pct":4.099999904632568}],"FLOWER":[{"period":"2024-01","brand_revenue":0.0,"category_revenue":3552357.8125,"share_pct":0.0},{"period":"2024-02","brand_revenue":0.0,"category_revenue":3535245.625,"share_pct":0.0},{"period":"2024-03","brand_revenue":0.0,"category_revenue":3693805.625,"share_pct":0.0},{"period":"2024-04","brand_revenue":0.0,"category_revenue":3541899.6875,"share_pct":0.0},{"period":"2024-05","brand_revenue":0.0,"category_revenue":3537479.375,"share_pct":0.0},{"period":"2024-06","brand_revenue":0.0,"category_revenue":3403269.6875,"share_pct":0.0},{"period":"2024-07","brand_revenue":11487.750244140625,"category_revenue":3457705.9375,"share_pct":0.30000001192092896},{"period":"2024-08","brand_revenue":38986.8994140625,"category_revenue":3453819.375,"share_pct":1.100000023841858},{"period":"2024-09","brand_revenue":22451.4990234375,"category_revenue":3316441.5625,"share_pct":0.699999988079071},{"period":"2024-10","brand_revenue":30899.1748046875,"category_revenue":3585775.0,"share_pct":0.8999999761581421},{"period":"2024-11","brand_revenue":31459.87548828125,"category_revenue":3454855.3125,"share_pct":0.8999999761581421},{"period":"2024-12","brand_revenue":47925.0244140625,"category_revenue":3226567.8125,"share_pct":1.5},{"period":"2025-01","brand_revenue":80423.8720703125,"category_revenue":2984938.125,"share_pct":2.700000047683716},{"period":"2025-02","brand_revenue":36597.82470703125,"category_revenue":2816220.0,"share_pct":1.2999999523162842},{"period":"2025-03","brand_revenue":30641.99951171875,"category_revenue":2911379.6875,"share_pct":1.100000023841858},{"period":"2025-04","brand_revenue":44976.6015625,"category_revenue":3118895.3125,"share_pct":1.399999976158142},{"period":"2025-05","brand_revenue":25535.849609375,"category_revenue":2887345.0,"share_pct":0.8999999761581421},{"period":"2025-06","brand_revenue":56073.5009765625,"category_revenue":2773698.125,"share_pct":2.0},{"period":"2025-07","brand_revenue":125427.75390625,"category_revenue":2782763.125,"share_pct":4.5},{"period":"2025-08","brand_revenue":56682.40234375,"category_revenue":2733122.8125,"share_pct":2.0999999046325684},{"period":"2025-09","brand_revenue":50236.298828125,"category_revenue":2603501.5625,"share_pct":1.899999976158142},{"period":"2025-10","brand_revenue":45713.6767578125,"category_revenue":2663705.0,"share_pct":1.7000000476837158},{"period":"2025-11","brand_revenue":50011.474609375,"category_revenue":2700189.0625,"share_pct":1.899999976158142},{"period":"2025-12","brand_revenue":42431.1767578125,"category_revenue":2515209.53125,"share_pct":1.7000000476837158},{"period":"2026-01","brand_revenue":34099.05029296875,"category_revenue":2505261.875,"share_pct":1.399999976158142}],"INFUSED PRE ROLL":[{"period":"2024-01","brand_revenue":0.0,"category_revenue":410907.8515625,"share_pct":0.0},{"period":"2024-02","brand_revenue":0.0,"category_revenue":458711.484375,"share_pct":0.0},{"period":"2024-03","brand_revenue":0.0,"category_revenue":427464.375,"share_pct":0.0},{"period":"2024-04","brand_revenue":0.0,"category_revenue":428699.9609375,"share_pct":0.0},{"period":"2024-05","brand_revenue":0.0,"category_revenue":501098.3203125,"share_pct":0.0},{"period":"2024-06","brand_revenue":0.0,"category_revenue":477320.78125,"share_pct":0.0},{"period":"2024-07","brand_revenue":8615.52490234375,"category_revenue":479382.109375,"share_pct":1.7999999523162842},{"period":"2024-08","brand_revenue":31394.87548828125,"category_revenue":474359.1015625,"share_pct":6.599999904632568},{"period":"2024-09","brand_revenue":40058.00048828125,"category_revenue":424280.1171875,"share_pct":9.399999618530273},{"period":"2024-10","brand_revenue":34125.0,"category_revenue":470840.6640625,"share_pct":7.199999809265137},{"period":"2024-11","brand_revenue":28090.25146484375,"category_revenue":424285.1171875,"share_pct":6.599999904632568},{"period":"2024-12","brand_revenue":37753.974609375,"category_revenue":432093.1640625,"share_pct":8.699999809265137},{"period":"2025-01","brand_revenue":49946.1767578125,"category_revenue":358002.890625,"share_pct":14.0},{"period":"2025-02","brand_revenue":38781.12548828125,"category_revenue":325080.17578125,"share_pct":11.899999618530273},{"period":"2025-03","brand_revenue":21132.05078125,"category_revenue":347380.078125,"share_pct":6.099999904632568},{"period":"2025-04","brand_revenue":28551.0986328125,"category_revenue":401341.40625,"share_pct":7.099999904632568},{"period":"2025-05","brand_revenue":22322.97607421875,"category_revenue":378076.09375,"share_pct":5.900000095367432},{"period":"2025-06","brand_revenue":8102.0001220703125,"category_revenue":354019.6484375,"share_pct":2.299999952316284},{"period":"2025-07","brand_revenue":21911.99951171875,"category_revenue":416008.203125,"share_pct":5.300000190734863},{"period":"2025-08","brand_revenue":17286.75048828125,"category_revenue":425283.28125,"share_pct":4.099999904632568},{"period":"2025-09","brand_revenue":26974.07470703125,"category_revenue":378313.75,"share_pct":7.099999904632568},{"period":"2025-10","brand_revenue":15588.800048828125,"category_revenue":389168.3203125,"share_pct":4.0},{"period":"2025-11","brand_revenue":14603.499755859375,"category_revenue":390541.3671875,"share_pct":3.700000047683716},{"period":"2025-12","brand_revenue":14295.625,"category_revenue":392812.34375,"share_pct":3.5999999046325684},{"period":"2026-01","brand_revenue":17191.500244140625,"category_revenue":342630.7421875,"share_pct":5.0}],"PRE ROLL":[{"period":"2024-01","brand_revenue":0.0,"category_revenue":508338.515625,"share_pct":0.0},{"period":"2024-02","brand_revenue":0.0,"category_revenue":489393.671875,"share_pct":0.0},{"period":"2024-03","brand_revenue":0.0,"category_revenue":520052.3828125,"share_pct":0.0},{"period":"2024-04","brand_revenue":0.0,"category_revenue":491300.6640625,"share_pct":0.0},{"period":"2024-05","brand_revenue":0.0,"category_revenue":542202.890625,"share_pct":0.0},{"period":"2024-06","brand_revenue":0.0,"category_revenue":507288.8671875,"share_pct":0.0},{"period":"2024-07","brand_revenue":6861.7498779296875,"category_revenue":524250.9765625,"share_pct":1.2999999523162842},{"period":"2024-08","brand_revenue":30932.0751953125,"category_revenue":612518.7109375,"share_pct":5.0},{"period":"2024-09","brand_revenue":22660.44921875,"category_revenue":586543.0078125,"share_pct":3.9000000953674316},{"period":"2024-10","brand_revenue":17040.250244140625,"category_revenue":641449.1796875,"share_pct":2.700000047683716},{"period":"2024-11","brand_revenue":12544.000244140625,"category_revenue":579866.71875,"share_pct":2.200000047683716},{"period":"2024-12","brand_revenue":15302.750244140625,"category_revenue":582999.5703125,"share_pct":2.5999999046325684},{"period":"2025-01","brand_revenue":18470.74951171875,"category_revenue":544095.3125,"share_pct":3.4000000953674316},{"period":"2025-02","brand_revenue":10812.750244140625,"category_revenue":500875.5859375,"share_pct":2.200000047683716},{"period":"2025-03","brand_revenue":9847.999877929688,"category_revenue":551422.0703125,"share_pct":1.7999999523162842},{"period":"2025-04","brand_revenue":9567.5,"category_revenue":568189.375,"share_pct":1.7000000476837158},{"period":"2025-05","brand_revenue":11359.49951171875,"category_revenue":565516.875,"share_pct":2.0},{"period":"2025-06","brand_revenue":18080.999755859375,"category_revenue":560506.71875,"share_pct":3.200000047683716},{"period":"2025-07","brand_revenue":17757.5,"category_revenue":600916.09375,"share_pct":3.0},{"period":"2025-08","brand_revenue":23348.62548828125,"category_revenue":620247.5,"share_pct":3.799999952316284},{"period":"2025-09","brand_revenue":39945.72509765625,"category_revenue":608971.09375,"share_pct":6.599999904632568},{"period":"2025-10","brand_revenue":24075.27587890625,"category_revenue":645293.1640625,"share_pct":3.700000047683716},{"period":"2025-11","brand_revenue":16778.575439453125,"category_revenue":581113.4765625,"share_pct":2.9000000953674316},{"period":"2025-12","brand_revenue":14299.67529296875,"category_revenue":553088.5546875,"share_pct":2.5999999046325684},{"period":"2026-01","brand_revenue":18386.4501953125,"category_revenue":523350.9375,"share_pct":3.5}],"PRE ROLL PACK":[{"period":"2024-01","brand_revenue":0.0,"category_revenue":169271.89453125,"share_pct":0.0},{"period":"2024-02","brand_revenue":0.0,"category_revenue":174199.375,"share_pct":0.0},{"period":"2024-03","brand_revenue":0.0,"category_revenue":187083.0078125,"share_pct":0.0},{"period":"2024-04","brand_revenue":0.0,"category_revenue":179617.6171875,"share_pct":0.0},{"period":"2024-05","brand_revenue":0.0,"category_revenue":198875.703125,"share_pct":0.0},{"period":"2024-06","brand_revenue":0.0,"category_revenue":182181.42578125,"share_pct":0.0},{"period":"2024-07","brand_revenue":0.0,"category_revenue":189754.43359375,"share_pct":0.0},{"period":"2024-08","brand_revenue":0.0,"category_revenue":163466.5234375,"share_pct":0.0},{"period":"2024-09","brand_revenue":0.0,"category_revenue":145157.197265625,"share_pct":0.0},{"period":"2024-10","brand_revenue":0.0,"category_revenue":143902.822265625,"share_pct":0.0},{"period":"2024-11","brand_revenue":0.0,"category_revenue":169051.3671875,"share_pct":0.0},{"period":"2024-12","brand_revenue":0.0,"category_revenue":186738.92578125,"share_pct":0.0},{"period":"2025-01","brand_revenue":0.0,"category_revenue":222888.57421875,"share_pct":0.0},{"period":"2025-02","brand_revenue":0.0,"category_revenue":186213.06640625,"share_pct":0.0},{"period":"2025-03","brand_revenue":0.0,"category_revenue":195415.56640625,"share_pct":0.0},{"period":"2025-04","brand_revenue":0.0,"category_revenue":188683.2421875,"share_pct":0.0},{"period":"2025-05","brand_revenue":0.0,"category_revenue":231505.29296875,"share_pct":0.0},{"period":"2025-06","brand_revenue":0.0,"category_revenue":169830.2734375,"share_pct":0.0},{"period":"2025-07","brand_revenue":12941.650390625,"category_revenue":130345.849609375,"share_pct":9.899999618530273},{"period":"2025-08","brand_revenue":22262.5,"category_revenue":108797.099609375,"share_pct":20.5},{"period":"2025-09","brand_revenue":12110.0,"category_revenue":99689.677734375,"share_pct":12.100000381469727},{"period":"2025-10","brand_revenue":4375.0,"category_revenue":67141.8505859375,"share_pct":6.5},{"period":"2025-11","brand_revenue":0.0,"category_revenue":80167.7978515625,"share_pct":0.0},{"period":"2025-12","brand_revenue":0.0,"category_revenue":71818.3740234375,"share_pct":0.0},{"period":"2026-01","brand_revenue":0.0,"category_revenue":62066.826171875,"share_pct":0.0}],"SYRINGE":[{"period":"2024-01","brand_revenue":0.0,"category_revenue":14333.75,"share_pct":0.0},{"period":"2024-02","brand_revenue":0.0,"category_revenue":19846.624755859375,"share_pct":0.0},{"period":"2024-03","brand_revenue":0.0,"category_revenue":12633.7744140625,"share_pct":0.0},{"period":"2024-04","brand_revenue":0.0,"category_revenue":12415.625,"share_pct":0.0},{"period":"2024-05","brand_revenue":0.0,"category_revenue":19492.249755859375,"share_pct":0.0},{"period":"2024-06","brand_revenue":0.0,"category_revenue":12967.62451171875,"share_pct":0.0},{"period":"2024-07","brand_revenue":460.0,"category_revenue":20005.999755859375,"share_pct":2.299999952316284},{"period":"2024-08","brand_revenue":3236.824951171875,"category_revenue":20173.074951171875,"share_pct":16.0},{"period":"2024-09","brand_revenue":4809.750061035156,"category_revenue":21770.12451171875,"share_pct":22.100000381469727},{"period":"2024-10","brand_revenue":3611.0000610351562,"category_revenue":17178.75,"share_pct":21.0},{"period":"2024-11","brand_revenue":3263.125,"category_revenue":21491.0009765625,"share_pct":15.199999809265137},{"period":"2024-12","brand_revenue":4898.999938964844,"category_revenue":21944.7509765625,"share_pct":22.299999237060547},{"period":"2025-01","brand_revenue":5867.9998779296875,"category_revenue":22881.10107421875,"share_pct":25.600000381469727},{"period":"2025-02","brand_revenue":989.0000152587891,"category_revenue":17829.87548828125,"share_pct":5.5},{"period":"2025-03","brand_revenue":1276.500015258789,"category_revenue":18932.62451171875,"share_pct":6.699999809265137},{"period":"2025-04","brand_revenue":207.00000762939453,"category_revenue":21586.77490234375,"share_pct":1.0},{"period":"2025-05","brand_revenue":0.0,"category_revenue":15132.874755859375,"share_pct":0.0},{"period":"2025-06","brand_revenue":0.0,"category_revenue":20116.99951171875,"share_pct":0.0},{"period":"2025-07","brand_revenue":0.0,"category_revenue":16304.07470703125,"share_pct":0.0},{"period":"2025-08","brand_revenue":3251.6250610351562,"category_revenue":18957.750244140625,"share_pct":17.200000762939453},{"period":"2025-09","brand_revenue":4375.625,"category_revenue":19922.774658203125,"share_pct":22.0},{"period":"2025-10","brand_revenue":6814.000244140625,"category_revenue":21978.7255859375,"share_pct":31.0},{"period":"2025-11","brand_revenue":2917.8250122070312,"category_revenue":21050.10009765625,"share_pct":13.899999618530273},{"period":"2025-12","brand_revenue":172.5,"category_revenue":19579.324951171875,"share_pct":0.8999999761581421},{"period":"2026-01","brand_revenue":874.7750091552734,"category_revenue":18872.900390625,"share_pct":4.599999904632568}],"INFUSED PACK":[{"period":"2024-01","brand_revenue":0.0,"category_revenue":204601.875,"share_pct":0.0},{"period":"2024-02","brand_revenue":0.0,"category_revenue":221156.7578125,"share_pct":0.0},{"period":"2024-03","brand_revenue":0.0,"category_revenue":257436.93359375,"share_pct":0.0},{"period":"2024-04","brand_revenue":0.0,"category_revenue":301537.3046875,"share_pct":0.0},{"period":"2024-05","brand_revenue":0.0,"category_revenue":301873.0078125,"share_pct":0.0},{"period":"2024-06","brand_revenue":0.0,"category_revenue":300488.6328125,"share_pct":0.0},{"period":"2024-07","brand_revenue":0.0,"category_revenue":303570.80078125,"share_pct":0.0},{"period":"2024-08","brand_revenue":0.0,"category_revenue":283995.625,"share_pct":0.0},{"period":"2024-09","brand_revenue":0.0,"category_revenue":331664.1796875,"share_pct":0.0},{"period":"2024-10","brand_revenue":0.0,"category_revenue":311486.1328125,"share_pct":0.0},{"period":"2024-11","brand_revenue":0.0,"category_revenue":306613.92578125,"share_pct":0.0},{"period":"2024-12","brand_revenue":0.0,"category_revenue":298008.41796875,"share_pct":0.0},{"period":"2025-01","brand_revenue":0.0,"category_revenue":269244.765625,"share_pct":0.0},{"period":"2025-02","brand_revenue":0.0,"category_revenue":309579.8046875,"share_pct":0.0},{"period":"2025-03","brand_revenue":0.0,"category_revenue":312908.80859375,"share_pct":0.0},{"period":"2025-04","brand_revenue":0.0,"category_revenue":389974.3359375,"share_pct":0.0},{"period":"2025-05","brand_revenue":0.0,"category_revenue":404824.9609375,"share_pct":0.0},{"period":"2025-06","brand_revenue":0.0,"category_revenue":383193.4765625,"share_pct":0.0},{"period":"2025-07","brand_revenue":0.0,"category_revenue":437456.640625,"share_pct":0.0},{"period":"2025-08","brand_revenue":2805.2499389648438,"category_revenue":391817.578125,"share_pct":0.699999988079071},{"period":"2025-09","brand_revenue":4857.9998779296875,"category_revenue":367221.40625,"share_pct":1.2999999523162842},{"period":"2025-10","brand_revenue":6483.3502197265625,"category_revenue":423332.109375,"share_pct":1.5},{"period":"2025-11","brand_revenue":12080.0,"category_revenue":395184.53125,"share_pct":3.0999999046325684},{"period":"2025-12","brand_revenue":8470.0,"category_revenue":387500.234375,"share_pct":2.200000047683716},{"period":"2026-01","brand_revenue":8252.750244140625,"category_revenue":364337.6171875,"share_pct":2.299999952316284}],"CONCENTRATE":[{"period":"2024-01","brand_revenue":0.0,"category_revenue":351129.609375,"share_pct":0.0},{"period":"2024-02","brand_revenue":0.0,"category_revenue":371224.4921875,"share_pct":0.0},{"period":"2024-03","brand_revenue":0.0,"category_revenue":375964.296875,"share_pct":0.0},{"period":"2024-04","brand_revenue":0.0,"category_revenue":352745.859375,"share_pct":0.0},{"period":"2024-05","brand_revenue":0.0,"category_revenue":346027.5,"share_pct":0.0},{"period":"2024-06","brand_revenue":0.0,"category_revenue":310723.3984375,"share_pct":0.0},{"period":"2024-07","brand_revenue":0.0,"category_revenue":336220.078125,"share_pct":0.0},{"period":"2024-08","brand_revenue":0.0,"category_revenue":324004.04296875,"share_pct":0.0},{"period":"2024-09","brand_revenue":0.0,"category_revenue":326834.1796875,"share_pct":0.0},{"period":"2024-10","brand_revenue":559.2499923706055,"category_revenue":324500.859375,"share_pct":0.20000000298023224},{"period":"2024-11","brand_revenue":1733.6250305175781,"category_revenue":351240.0390625,"share_pct":0.5},{"period":"2024-12","brand_revenue":0.0,"category_revenue":324145.4296875,"share_pct":0.0},{"period":"2025-01","brand_revenue":0.0,"category_revenue":325749.19921875,"share_pct":0.0},{"period":"2025-02","brand_revenue":0.0,"category_revenue":300499.0234375,"share_pct":0.0},{"period":"2025-03","brand_revenue":0.0,"category_revenue":298171.5234375,"share_pct":0.0},{"period":"2025-04","brand_revenue":0.0,"category_revenue":343355.625,"share_pct":0.0},{"period":"2025-05","brand_revenue":0.0,"category_revenue":288836.62109375,"share_pct":0.0},{"period":"2025-06","brand_revenue":0.0,"category_revenue":280928.33984375,"share_pct":0.0},{"period":"2025-07","brand_revenue":0.0,"category_revenue":283604.1796875,"share_pct":0.0},{"period":"2025-08","brand_revenue":0.0,"category_revenue":274773.76953125,"share_pct":0.0},{"period":"2025-09","brand_revenue":0.0,"category_revenue":264599.19921875,"share_pct":0.0},{"period":"2025-10","brand_revenue":2475.0,"category_revenue":277515.46875,"share_pct":0.8999999761581421},{"period":"2025-11","brand_revenue":2657.650146484375,"category_revenue":295773.3203125,"share_pct":0.8999999761581421},{"period":"2025-12","brand_revenue":951.9999694824219,"category_revenue":267042.05078125,"share_pct":0.4000000059604645},{"period":"2026-01","brand_revenue":0.0,"category_revenue":270749.70703125,"share_pct":0.0}],"INFUSED PRE ROLL PACK":[{"period":"2025-11","brand_revenue":125.0,"category_revenue":125.0,"share_pct":100.0},{"period":"2025-12","brand_revenue":0.0,"category_revenue":125.0,"share_pct":0.0}]},"velocity_by_category":[{"category":"INFUSED PRE ROLL","brand_units_per_day":25.36,"category_avg_units_per_day":25.62,"velocity_index":99.0,"brand_rev_per_unit":19.74,"category_rev_per_unit":16.9,"brands_in_category":25},{"category":"PRE ROLL","brand_units_per_day":32.08,"category_avg_units_per_day":42.38,"velocity_index":75.7,"brand_rev_per_unit":11.06,"category_rev_per_unit":7.54,"brands_in_category":46},{"category":"EDIBLE","brand_units_per_day":48.66,"category_avg_units_per_day":69.98,"velocity_index":69.5,"brand_rev_per_unit":19.31,"category_rev_per_unit":13.77,"brands_in_category":32},{"category":"INFUSED PRE ROLL PACK","brand_units_per_day":0.0,"category_avg_units_per_day":0.0,"velocity_index":66.7,"brand_rev_per_unit":50.0,"category_rev_per_unit":33.33,"brands_in_category":2},{"category":"FLOWER","brand_units_per_day":24.2,"category_avg_units_per_day":55.54,"velocity_index":43.6,"brand_rev_per_unit":37.39,"category_rev_per_unit":22.97,"brands_in_category":64},{"category":"SYRINGE","brand_units_per_day":2.52,"category_avg_units_per_day":6.3,"velocity_index":39.9,"brand_rev_per_unit":19.61,"category_rev_per_unit":19.46,"brands_in_category":4},{"category":"PRE ROLL PACK","brand_units_per_day":1.54,"category_avg_units_per_day":11.6,"velocity_index":13.3,"brand_rev_per_unit":35.1,"category_rev_per_unit":25.24,"brands_in_category":14},{"category":"INFUSED PACK","brand_units_per_day":1.14,"category_avg_units_per_day":26.26,"velocity_index":4.3,"brand_rev_per_unit":39.58,"category_rev_per_unit":27.52,"brands_in_category":12},{"category":"CONCENTRATE","brand_units_per_day":0.28,"category_avg_units_per_day":15.38,"velocity_index":1.8,"brand_rev_per_unit":31.32,"category_rev_per_unit":19.88,"brands_in_category":27},{"category":0.0,"brand_units_per_day":0.0,"category_avg_units_per_day":0,"velocity_index":0,"brand_rev_per_unit":0.0,"category_rev_per_unit":0.0,"brands_in_category":0}],"store_gaps":[{"store":"Elevation Oasis","category":"CONCENTRATE","category_revenue_at_store":2308119.6875,"opportunity":"Category not carried at this store"},{"store":"Elevation Boulevard","category":"CONCENTRATE","category_revenue_at_store":996761.09375,"opportunity":"Category not carried at this store"},{"store":"Elevation Midtown","category":"CONCENTRATE","category_revenue_at_store":960109.0625,"opportunity":"Category not carried at this store"},{"store":"Elevation Downtown","category":"CONCENTRATE","category_revenue_at_store":53170.9033203125,"opportunity":"Category not carried at this store"}],"product_mix":{"top":[{"product":"RAINBOW CRUNCH FLIGHT BITES - TGC","units":8462,"revenue":207820.1171875,"cost":103730.0,"profit":104090.126953125,"stores":7,"transactions":7064,"margin":50.099998474121094},{"product":"SMORES FLIGHT BITES - TGC","units":5834,"revenue":146396.748046875,"cost":70807.8515625,"profit":75588.9013671875,"stores":7,"transactions":4958,"margin":51.599998474121094},{"product":"STRAWBERRY SHORTCAKE FLIGHT BITES - TGC","units":5742,"revenue":139412.40234375,"cost":70122.5,"profit":69289.8974609375,"stores":7,"transactions":4926,"margin":49.70000076293945},{"product":"MANGO TAJIN FLIGHT BITES - TGC","units":5118,"revenue":121900.703125,"cost":62807.5,"profit":59093.1982421875,"stores":7,"transactions":4380,"margin":48.5},{"product":"STRAWGUAVA EIGHTH - TGC","units":2406,"revenue":107253.65234375,"cost":64490.1513671875,"profit":42763.5009765625,"stores":7,"transactions":2050,"margin":39.900001525878906},{"product":"SOUR WATERMELON FLIGHT BITES - TGC","units":3832,"revenue":90288.251953125,"cost":46692.5,"profit":43595.751953125,"stores":7,"transactions":3306,"margin":48.29999923706055},{"product":"SUNSET PUNCH FLIGHT BITES - TGC","units":3552,"revenue":83818.955078125,"cost":42917.5,"profit":40901.4501953125,"stores":7,"transactions":3010,"margin":48.79999923706055},{"product":"DOUBLE DOWN EIGHTH - TGC","units":1368,"revenue":72832.6513671875,"cost":38363.9990234375,"profit":34468.64990234375,"stores":6,"transactions":1140,"margin":47.29999923706055},{"product":"GMO X LEMON EIGHTH - TGC","units":1346,"revenue":58976.923828125,"cost":36466.4990234375,"profit":22510.4248046875,"stores":7,"transactions":1068,"margin":38.20000076293945},{"product":"RS-11 EIGHTH - TGC","units":1032,"revenue":53977.7001953125,"cost":29670.0,"profit":24307.7001953125,"stores":6,"transactions":814,"margin":45.0},{"product":"OREO CAKE EIGHTH - TGC","units":968,"revenue":44631.1767578125,"cost":22546.82373046875,"profit":22084.3505859375,"stores":7,"transactions":824,"margin":49.5},{"product":"STRAWNANA FLIGHT BITES - TGC","units":1598,"revenue":37249.5263671875,"cost":18777.5,"profit":18472.025146484375,"stores":7,"transactions":1404,"margin":49.599998474121094},{"product":"GELATO EIGHTH - TGC","units":630,"revenue":33671.12548828125,"cost":18112.5,"profit":15558.62548828125,"stores":7,"transactions":560,"margin":46.20000076293945},{"product":"LA KUSH CAKE EIGHTH - TGC","units":724,"revenue":33240.80078125,"cost":16647.2998046875,"profit":16593.499755859375,"stores":6,"transactions":598,"margin":49.900001525878906},{"product":"ALOHA SUNRISE FLIGHT BITES - TGC","units":1328,"revenue":32683.62548828125,"cost":15270.0,"profit":17413.62548828125,"stores":7,"transactions":1214,"margin":53.29999923706055},{"product":"SHERBANGER EIGHTH - TGC","units":706,"revenue":31604.1015625,"cost":16235.699462890625,"profit":15368.399658203125,"stores":7,"transactions":602,"margin":48.599998474121094},{"product":"FAMILY TIES EIGHTH - TGC","units":590,"revenue":29782.2998046875,"cost":15824.000244140625,"profit":13958.299560546875,"stores":6,"transactions":506,"margin":46.900001525878906},{"product":"JEALOUSY EIGHTH - TGC","units":610,"revenue":28074.55078125,"cost":14027.7001953125,"profit":14046.8505859375,"stores":7,"transactions":526,"margin":50.0},{"product":"RAW X COSA LIVE RESIN INFUSED PRE ROLL - TGC","units":1174,"revenue":28010.54931640625,"cost":14675.0,"profit":13335.550537109375,"stores":6,"transactions":938,"margin":47.599998474121094},{"product":"POWER OUTAGE EIGHTH - TGC","units":566,"revenue":27870.0244140625,"cost":16157.550048828125,"profit":11712.4755859375,"stores":7,"transactions":518,"margin":42.0}],"bottom":[{"product":"BLUE NERDS PRE ROLL - TGC","units":50,"revenue":639.2499923706055,"cost":250.0,"profit":389.24999237060547,"stores":1,"transactions":36,"margin":60.900001525878906},{"product":"OREO CAKE PRE ROLL - TGC","units":38,"revenue":510.1750183105469,"cost":190.0,"profit":320.1750183105469,"stores":1,"transactions":34,"margin":62.79999923706055},{"product":"GUSHERS PRE ROLL - TGC","units":30,"revenue":435.0,"cost":150.0,"profit":285.0,"stores":1,"transactions":26,"margin":65.5},{"product":"PEACH COBBLER PRE ROLL - TGC","units":22,"revenue":347.5,"cost":110.0,"profit":237.5,"stores":1,"transactions":22,"margin":68.30000305175781},{"product":"SOUR MELON SOLVENTLESS RSO - TGC","units":8,"revenue":189.75000381469727,"cost":92.5,"profit":97.25000381469727,"stores":4,"transactions":8,"margin":51.29999923706055},{"product":"STRAWGUAVA HASH ROSIN INFUSED PRE ROLL 5 PK - TGC","units":4,"revenue":181.25,"cost":96.00000381469727,"profit":85.24999618530273,"stores":2,"transactions":4,"margin":47.0},{"product":"PERMANENT MARKER SOLVENTLESS RSO - TGC","units":6,"revenue":161.00000381469727,"cost":67.5,"profit":93.50000381469727,"stores":1,"transactions":4,"margin":58.099998474121094},{"product":"JET FUEL GELATO HASH ROSIN INFUSED PRE ROLL - TGC","units":2,"revenue":52.5,"cost":25.0,"profit":27.5,"stores":1,"transactions":2,"margin":52.400001525878906},{"product":"RUBBER DONUTS HASH ROSIN INFUSED PRE ROLL - TGC","units":2,"revenue":49.000000953674316,"cost":25.0,"profit":24.000000953674316,"stores":1,"transactions":2,"margin":49.0},{"product":"DULCE LIVE RESIN INFUSED PRE ROLL - TGC","units":2,"revenue":35.0,"cost":17.5,"profit":17.5,"stores":1,"transactions":2,"margin":50.0}],"expansion":[{"product":"DOUBLE DOWN EIGHTH - TGC","current_stores":6,"total_stores":7,"missing_stores":["Elevation Downtown"],"revenue":72832.6513671875},{"product":"RS-11 EIGHTH - TGC","current_stores":6,"total_stores":7,"missing_stores":["Elevation Downtown"],"revenue":53977.7001953125},{"product":"LA KUSH CAKE EIGHTH - TGC","current_stores":6,"total_stores":7,"missing_stores":["Elevation Downtown"],"revenue":33240.80078125},{"product":"FAMILY TIES EIGHTH - TGC","current_stores":6,"total_stores":7,"missing_stores":["Elevation Downtown"],"revenue":29782.2998046875},{"product":"RAW X COSA LIVE RESIN INFUSED PRE ROLL - TGC","current_stores":6,"total_stores":7,"missing_stores":["Elevation Downtown"],"revenue":28010.54931640625},{"product":"PERMANENT MARKER EIGHTH - TGC","current_stores":6,"total_stores":7,"missing_stores":["Elevation Downtown"],"revenue":24408.42529296875},{"product":"PUSH POP HASH ROSIN INFUSED PRE ROLL - TGC","current_stores":6,"total_stores":7,"missing_stores":["Elevation Downtown"],"revenue":21863.00048828125},{"product":"LA KUSH CAKE PRE ROLL - TGC","current_stores":6,"total_stores":7,"missing_stores":["Elevation Downtown"],"revenue":21168.82568359375},{"product":"WHITE GUAVA GELATO PRE ROLL - TGC","current_stores":5,"total_stores":7,"missing_stores":["Elevation Oasis","Elevation Downtown"],"revenue":20605.0},{"product":"ZOO DAWG EIGHTH - TGC","current_stores":5,"total_stores":7,"missing_stores":["Elevation Downtown","Elevation Midtown"],"revenue":19557.9248046875}]},"pricing_consistency":[{"product":"PUSH POP EIGHTH - TGC","min_price":52.744053431919646,"max_price":117.92499542236328,"avg_price":77.7363504318964,"std_dev":14.058936198028356,"store_count":6,"price_range":65.18094199044364,"range_pct":83.8},{"product":"TWO FACE EIGHTH - TGC","min_price":62.17346814213967,"max_price":125.875,"avg_price":86.69441097967025,"std_dev":8.08052981017793,"store_count":14,"price_range":63.70153185786034,"range_pct":73.5},{"product":"ROTTEN LEMONS EIGHTH - TGC","min_price":53.00000610351563,"max_price":102.98863497647373,"avg_price":70.19288117379854,"std_dev":11.36523205361256,"store_count":6,"price_range":49.9886288729581,"range_pct":71.2},{"product":"FANTASY MELON HASH ROSIN INFUSED PRE ROLL - TGC","min_price":28.607593005216575,"max_price":55.44000854492188,"avg_price":44.20970839836512,"std_dev":3.276100330930998,"store_count":14,"price_range":26.832415539705302,"range_pct":60.7},{"product":"GMO X LEMON EIGHTH - TGC","min_price":67.16916272239963,"max_price":121.87727494673295,"avg_price":91.4197941931283,"std_dev":7.126648204441158,"store_count":14,"price_range":54.70811222433332,"range_pct":59.8},{"product":"JEALOUSY PRE ROLL - TGC","min_price":17.5,"max_price":30.152303761449353,"avg_price":25.261202970805876,"std_dev":1.6979307813332085,"store_count":12,"price_range":12.652303761449355,"range_pct":50.1},{"product":"STRAWGUAVA HASH ROSIN INFUSED PRE ROLL - TGC","min_price":33.60951450892857,"max_price":55.15116846838663,"avg_price":44.690557098617376,"std_dev":2.7261190328729827,"store_count":14,"price_range":21.54165395945806,"range_pct":48.2},{"product":"GELATO EIGHTH - TGC","min_price":69.00000254313152,"max_price":115.7857217594069,"avg_price":100.9835512465535,"std_dev":6.266412463643515,"store_count":14,"price_range":46.785719216275375,"range_pct":46.3},{"product":"GARLIC DRIP HASH ROSIN INFUSED PRE ROLL 5 PK - TGC","min_price":67.5,"max_price":107.95454545454545,"avg_price":87.7970779220779,"std_dev":5.251044385541001,"store_count":14,"price_range":40.45454545454545,"range_pct":46.1},{"product":"ZOSA HASH ROSIN INFUSED PRE ROLL - TGC","min_price":34.635872218919836,"max_price":55.70833206176758,"avg_price":46.688142120255165,"std_dev":3.05261685242574,"store_count":14,"price_range":21.07245984284774,"range_pct":45.1},{"product":"BERRY CEREAL FLIGHT BITES - TGC","min_price":32.40909229625355,"max_price":51.75000190734863,"avg_price":43.20287194830688,"std_dev":2.6343233112448186,"store_count":14,"price_range":19.340909611095082,"range_pct":44.8},{"product":"TRIPLE BURGER PRE ROLL - TGC","min_price":19.75,"max_price":29.560000610351565,"avg_price":22.596224502824313,"std_dev":1.4902244794935315,"store_count":12,"price_range":9.810000610351564,"range_pct":43.4},{"product":"ZOO DAWG EIGHTH- TGC","min_price":79.49999809265137,"max_price":119.94318181818181,"avg_price":95.96126290110797,"std_dev":5.371337896988782,"store_count":12,"price_range":40.443183725530446,"range_pct":42.1},{"product":"FAMILY TIES EIGHTH - TGC","min_price":79.48699340820313,"max_price":122.16500244140626,"avg_price":101.96255299005968,"std_dev":6.213204864625304,"store_count":12,"price_range":42.67800903320313,"range_pct":41.9},{"product":"ZMOKERS CLUB PRE ROLL - TGC","min_price":20.206999206542967,"max_price":31.079998779296876,"avg_price":26.624481540977534,"std_dev":1.8283666642054373,"store_count":10,"price_range":10.872999572753908,"range_pct":40.8},{"product":"POWER OUTAGE EIGHTH - TGC","min_price":79.49999809265137,"max_price":119.7800048828125,"avg_price":100.65922756677716,"std_dev":6.342870066723634,"store_count":14,"price_range":40.28000679016113,"range_pct":40.0},{"product":"MAC PRE ROLL - TGC","min_price":23.61166788736979,"max_price":35.0,"avg_price":28.439167277018228,"std_dev":1.920270941146919,"store_count":8,"price_range":11.38833211263021,"range_pct":40.0},{"product":"WHITE GUAVA GELATO PRE ROLL - TGC","min_price":21.29166603088379,"max_price":31.970061342159433,"avg_price":27.02242609666811,"std_dev":1.5385948535618588,"store_count":10,"price_range":10.678395311275644,"range_pct":39.5},{"product":"ZOAP LIVE RESIN INFUSED PRE ROLL - TGC","min_price":35.56756509316934,"max_price":53.39833577473958,"avg_price":46.17452273268632,"std_dev":2.423502278947524,"store_count":14,"price_range":17.83077068157024,"range_pct":38.6},{"product":"THE KIMBER EIGHTH - TGC","min_price":88.33333333333334,"max_price":128.125,"avg_price":104.71527523464628,"std_dev":8.3223696915324,"store_count":6,"price_range":39.79166666666666,"range_pct":38.0},{"product":"LEMONADE FLIGHT BITES - TGC","min_price":36.834795152818835,"max_price":53.726563453674316,"avg_price":44.93318716035357,"std_dev":2.4474117808231832,"store_count":14,"price_range":16.89176830085548,"range_pct":37.6},{"product":"ORANGE MINTS PRE ROLL - TGC","min_price":22.360000610351562,"max_price":33.14000244140625,"avg_price":29.63098549505677,"std_dev":1.5082425878554042,"store_count":12,"price_range":10.780001831054689,"range_pct":36.4},{"product":"SOUR MELON SOLVENTLESS RSO - TGC","min_price":40.250000953674316,"max_price":57.5,"avg_price":47.437500953674316,"std_dev":3.4499999152289624,"store_count":8,"price_range":17.249999046325684,"range_pct":36.4},{"product":"JEALOUSY LIVE RESIN INFUSED PRE ROLL - TGC","min_price":37.85294177485447,"max_price":54.453125,"avg_price":45.677451671098126,"std_dev":2.7905455318528842,"store_count":10,"price_range":16.60018322514553,"range_pct":36.3},{"product":"GELATO MINTZ LIVE RESIN INFUSED PRE ROLL - TGC","min_price":38.958333333333336,"max_price":54.2800048828125,"avg_price":43.93665234601056,"std_dev":2.6172352393042826,"store_count":12,"price_range":15.321671549479166,"range_pct":34.9},{"product":"PERMANENT MARKER PRE ROLL - TGC","min_price":21.789999389648436,"max_price":30.729998779296874,"avg_price":26.202718063369623,"std_dev":1.112559505757887,"store_count":14,"price_range":8.939999389648436,"range_pct":34.1},{"product":"SUPER BOOF LIVE HASH ROSIN - TGC","min_price":107.77777777777779,"max_price":151.66500854492188,"avg_price":129.72139316134982,"std_dev":12.41318339317859,"store_count":4,"price_range":43.887230767144096,"range_pct":33.8},{"product":"FANTASY MELON HASH ROSIN INFUSED PRE ROLL 5 PK - TGC","min_price":80.625,"max_price":113.28125,"avg_price":96.54994092668804,"std_dev":4.708373424808772,"store_count":14,"price_range":32.65625,"range_pct":33.8},{"product":"WAFFLE CONE LIVE RESIN INFUSED PRE ROLL - TGC","min_price":35.2749989827474,"max_price":50.48500061035156,"avg_price":45.4259896277532,"std_dev":2.17806697296421,"store_count":14,"price_range":15.210001627604166,"range_pct":33.5},{"product":"PEACH COBBLER LIVE RESIN INFUSED PRE ROLL - TGC","min_price":34.01000061035156,"max_price":47.32249450683594,"avg_price":41.319165442971624,"std_dev":2.1956585010066427,"store_count":8,"price_range":13.312493896484376,"range_pct":32.2}],"promotional_effectiveness":{"lift":{"fp_units_per_day":51.78,"disc_units_per_day":85.6,"lift_pct":65.4,"fp_avg_revenue_per_unit":61.25,"disc_avg_revenue_per_unit":47.400000000000006},"by_deal":[{"deal_name":"Industry - 30% Off","uses":4198,"revenue":246951.25086069107,"discounts":105896.24898672104,"units":11462.0,"cost":149525.1749999961,"margin":39.5,"discount_depth":60.0},{"deal_name":"Industry 30% Off","uses":3188,"revenue":247295.29373139143,"discounts":107345.96323907375,"units":9761.0,"cost":138889.48639153037,"margin":43.8,"discount_depth":60.6},{"deal_name":"420 2025 - 60% Off","uses":1321,"revenue":74449.0500831604,"discounts":112338.44877958298,"units":5146.0,"cost":80542.5,"margin":-8.2,"discount_depth":120.2},{"deal_name":"Lit4Less - 1/4 for $75","uses":1126,"revenue":177796.33752822876,"discounts":45823.66249322891,"units":3804.0,"cost":88154.34792995453,"margin":50.4,"discount_depth":41.0},{"deal_name":"30% Off Special","uses":932,"revenue":62187.200886011124,"discounts":26805.300022363663,"units":2246.0,"cost":39028.92493247986,"margin":37.2,"discount_depth":60.2},{"deal_name":"Senior - 10% Off","uses":860,"revenue":81984.32669401169,"discounts":9285.67497253418,"units":2839.0,"cost":37565.77498511877,"margin":54.2,"discount_depth":20.4},{"deal_name":"Lit4Less - Premium PR - 5 for $50","uses":848,"revenue":55589.72916881244,"discounts":22471.93750023842,"units":4460.666666666667,"cost":21347.30833328174,"margin":61.6,"discount_depth":57.6},{"deal_name":"50% Off - G2B","uses":797,"revenue":51169.39166545868,"discounts":51571.44166787465,"units":2800.3333333333335,"cost":39374.883090876974,"margin":23.0,"discount_depth":100.4},{"deal_name":"Veterans - 10% Off","uses":593,"revenue":48172.50119239092,"discounts":5479.999938607216,"units":1744.0,"cost":22221.124976919964,"margin":53.9,"discount_depth":20.4},{"deal_name":"Senior / Veterans - 20% Off","uses":367,"revenue":29080.4998087883,"discounts":7314.49994623661,"units":1146.0,"cost":14882.924974630587,"margin":48.8,"discount_depth":40.2},{"deal_name":"Employee 30% - NOT FRIDAYS","uses":334,"revenue":17211.075257062912,"discounts":7532.6749539375305,"units":789.0,"cost":10036.474983212538,"margin":41.7,"discount_depth":60.8},{"deal_name":"Jackpot - Locals 30% Off","uses":306,"revenue":21670.250165462494,"discounts":9287.25002169609,"units":836.0,"cost":12847.449927330017,"margin":40.7,"discount_depth":60.0},{"deal_name":"GW - 50% Off Edibles","uses":232,"revenue":11482.499995231628,"discounts":11517.500004768372,"units":800.0,"cost":10000.0,"margin":12.9,"discount_depth":100.2},{"deal_name":"Employee - 40% OFF","uses":212,"revenue":12325.924962759018,"discounts":8484.074914455414,"units":603.0,"cost":8631.774978637695,"margin":30.0,"discount_depth":81.6},{"deal_name":"LVAC - 25% Off","uses":211,"revenue":9950.625,"discounts":3341.875,"units":508.0,"cost":5253.349986076355,"margin":47.2,"discount_depth":50.2},{"deal_name":"Flight Bites 2 for $40","uses":198,"revenue":22872.474999427795,"discounts":3520.0250005722046,"units":918.0,"cost":10347.5,"margin":54.8,"discount_depth":26.6},{"deal_name":"GW - 1/4 for $60 - Premium Brands","uses":143,"revenue":17925.0,"discounts":13742.5,"units":478.0,"cost":13742.5,"margin":23.3,"discount_depth":86.8},{"deal_name":"40% Off Special","uses":131,"revenue":6394.500029087067,"discounts":4262.999882698059,"units":348.0,"cost":4085.7249875972047,"margin":36.1,"discount_depth":80.0},{"deal_name":"The Growers Circle - 1/4 for $75","uses":92,"revenue":19101.25,"discounts":4868.75,"units":408.0,"cost":11591.974987983704,"margin":39.3,"discount_depth":40.6},{"deal_name":"4/20 40% Off!!!!","uses":71,"revenue":3622.5000524520874,"discounts":2414.9999570846558,"units":210.0,"cost":2625.0,"margin":27.5,"discount_depth":80.0}]},"growth_opportunities":[{"type":"sku_expansion","title":"Add '40 ELEPHANTS EIGHTH - TGC' to 5 more store(s)","detail":"Carried in 2 stores. Missing from: Elevation Springs, Elevation Downtown, Elevation Midtown, Elevation Boulevard, Elevation Parkway","priority":"medium"},{"type":"sku_expansion","title":"Add 'ANIMAL MINTZ LIVE RESIN INFUSED PRE ROLL - TGC' to 5 more store(s)","detail":"Carried in 2 stores. Missing from: Elevation Oasis, Elevation Downtown, Elevation Midtown, Elevation Boulevard, Elevation Parkway","priority":"medium"},{"type":"sku_expansion","title":"Add 'BADA BING LIVE RESIN INFUSED PRE ROLL - TGC' to 3 more store(s)","detail":"Carried in 4 stores. Missing from: Elevation Downtown, Elevation Midtown, Elevation Parkway","priority":"medium"},{"type":"sku_expansion","title":"Add 'BADA BING PRE ROLL - TGC' to 1 more store(s)","detail":"Carried in 6 stores. Missing from: Elevation Downtown","priority":"medium"},{"type":"sku_expansion","title":"Add 'BAVARIAN CREAM EIGHTH - TGC' to 2 more store(s)","detail":"Carried in 5 stores. Missing from: Elevation Downtown, Elevation Midtown","priority":"medium"},{"type":"velocity","title":"Improve velocity in PRE ROLL","detail":"Velocity index 76 (below category average). 16.0 units/day vs 21.2 avg.","priority":"medium"},{"type":"velocity","title":"Improve velocity in EDIBLE","detail":"Velocity index 70 (below category average). 24.3 units/day vs 35.0 avg.","priority":"medium"},{"type":"velocity","title":"Improve velocity in INFUSED PRE ROLL PACK","detail":"Velocity index 67 (below category average). 0.0 units/day vs 0.0 avg.","priority":"medium"},{"type":"velocity","title":"Improve velocity in FLOWER","detail":"Velocity index 44 (below category average). 12.1 units/day vs 27.8 avg.","priority":"medium"},{"type":"velocity","title":"Improve velocity in SYRINGE","detail":"Velocity index 40 (below category average). 1.3 units/day vs 3.1 avg.","priority":"medium"},{"type":"velocity","title":"Improve velocity in PRE ROLL PACK","detail":"Velocity index 13 (below category average). 0.8 units/day vs 5.8 avg.","priority":"medium"},{"type":"velocity","title":"Improve velocity in INFUSED PACK","detail":"Velocity index 4 (below category average). 0.6 units/day vs 13.1 avg.","priority":"medium"},{"type":"velocity","title":"Improve velocity in CONCENTRATE","detail":"Velocity index 2 (below category average). 0.1 units/day vs 7.7 avg.","priority":"medium"},{"type":"velocity","title":"Improve velocity in nan","detail":"Velocity index 0 (below category average). 0.0 units/day vs 0.0 avg.","priority":"medium"}],"trend":[{"period":"2024-01","revenue":25788.7744140625,"cost":12600.0,"margin":51.1,"units":1008,"transactions":726,"profit":13188.7744140625,"revenue_change_pct":null,"units_change_pct":null,"margin_change_pts":null},{"period":"2024-02","revenue":35681.95068359375,"cost":17450.0,"margin":51.1,"units":1396,"transactions":978,"profit":18231.949462890625,"revenue_change_pct":38.4,"units_change_pct":38.5,"margin_change_pts":-0.0},{"period":"2024-03","revenue":28775.47607421875,"cost":14425.0,"margin":49.9,"units":1154,"transactions":786,"profit":14350.474853515625,"revenue_change_pct":-19.4,"units_change_pct":-17.3,"margin_change_pts":-1.2},{"period":"2024-04","revenue":35373.44970703125,"cost":18250.0,"margin":48.4,"units":1460,"transactions":934,"profit":17123.44970703125,"revenue_change_pct":22.9,"units_change_pct":26.5,"margin_change_pts":-1.5},{"period":"2024-05","revenue":30684.9755859375,"cost":14575.0,"margin":52.5,"units":1166,"transactions":794,"profit":16109.9755859375,"revenue_change_pct":-13.3,"units_change_pct":-20.1,"margin_change_pts":4.1},{"period":"2024-06","revenue":28107.60009765625,"cost":13425.0,"margin":52.2,"units":1074,"transactions":794,"profit":14682.60009765625,"revenue_change_pct":-8.4,"units_change_pct":-7.9,"margin_change_pts":-0.3},{"period":"2024-07","revenue":56054.375,"cost":27172.5,"margin":51.5,"units":2096,"transactions":1538,"profit":28881.875,"revenue_change_pct":99.4,"units_change_pct":95.2,"margin_change_pts":-0.7},{"period":"2024-08","revenue":131353.30078125,"cost":62852.5,"margin":52.2,"units":5054,"transactions":3624,"profit":68500.80078125,"revenue_change_pct":134.3,"units_change_pct":141.1,"margin_change_pts":0.6},{"period":"2024-09","revenue":120592.578125,"cost":58865.0,"margin":51.2,"units":4792,"transactions":3598,"profit":61727.5732421875,"revenue_change_pct":-8.2,"units_change_pct":-5.2,"margin_change_pts":-1.0},{"period":"2024-10","revenue":119607.646484375,"cost":58275.09765625,"margin":51.3,"units":4416,"transactions":3228,"profit":61332.548828125,"revenue_change_pct":-0.8,"units_change_pct":-7.8,"margin_change_pts":0.1},{"period":"2024-11","revenue":113715.0,"cost":65648.1494140625,"margin":42.3,"units":4656,"transactions":3218,"profit":48066.8505859375,"revenue_change_pct":-4.9,"units_change_pct":5.4,"margin_change_pts":-9.0},{"period":"2024-12","revenue":146149.970703125,"cost":73430.126953125,"margin":49.8,"units":5236,"transactions":3826,"profit":72719.8486328125,"revenue_change_pct":28.5,"units_change_pct":12.5,"margin_change_pts":7.5},{"period":"2025-01","revenue":185326.0546875,"cost":91942.75390625,"margin":50.4,"units":6096,"transactions":4242,"profit":93383.30078125,"revenue_change_pct":26.8,"units_change_pct":16.4,"margin_change_pts":0.6},{"period":"2025-02","revenue":120372.578125,"cost":61807.5,"margin":48.7,"units":4412,"transactions":3136,"profit":58565.0732421875,"revenue_change_pct":-35.0,"units_change_pct":-27.6,"margin_change_pts":-1.7},{"period":"2025-03","revenue":81482.548828125,"cost":44422.5,"margin":45.5,"units":3034,"transactions":2256,"profit":37060.048828125,"revenue_change_pct":-32.3,"units_change_pct":-31.2,"margin_change_pts":-3.2},{"period":"2025-04","revenue":122151.376953125,"cost":105277.5,"margin":13.8,"units":6832,"transactions":3810,"profit":16873.87451171875,"revenue_change_pct":49.9,"units_change_pct":125.2,"margin_change_pts":-31.7},{"period":"2025-05","revenue":102972.822265625,"cost":50485.625,"margin":51.0,"units":3708,"transactions":2688,"profit":52487.2021484375,"revenue_change_pct":-15.7,"units_change_pct":-45.7,"margin_change_pts":37.2},{"period":"2025-06","revenue":121582.87109375,"cost":63452.5,"margin":47.8,"units":4150,"transactions":2796,"profit":58130.3759765625,"revenue_change_pct":18.1,"units_change_pct":11.9,"margin_change_pts":-3.2},{"period":"2025-07","revenue":219545.46875,"cost":105665.849609375,"margin":51.9,"units":6706,"transactions":4566,"profit":113879.62890625,"revenue_change_pct":80.6,"units_change_pct":61.6,"margin_change_pts":4.1},{"period":"2025-08","revenue":161153.505859375,"cost":74459.375,"margin":53.8,"units":5672,"transactions":3932,"profit":86694.12109375,"revenue_change_pct":-26.6,"units_change_pct":-15.4,"margin_change_pts":1.9},{"period":"2025-09","revenue":174291.93359375,"cost":78650.576171875,"margin":54.9,"units":7114,"transactions":4374,"profit":95641.34765625,"revenue_change_pct":8.2,"units_change_pct":25.4,"margin_change_pts":1.1},{"period":"2025-10","revenue":163030.576171875,"cost":74961.25,"margin":54.0,"units":6290,"transactions":4018,"profit":88069.326171875,"revenue_change_pct":-6.5,"units_change_pct":-11.6,"margin_change_pts":-0.9},{"period":"2025-11","revenue":151614.951171875,"cost":85167.24609375,"margin":43.8,"units":6568,"transactions":3940,"profit":66447.7001953125,"revenue_change_pct":-7.0,"units_change_pct":4.4,"margin_change_pts":-10.2},{"period":"2025-12","revenue":123167.8515625,"cost":56886.123046875,"margin":53.8,"units":4494,"transactions":2912,"profit":66281.7236328125,"revenue_change_pct":-18.8,"units_change_pct":-31.6,"margin_change_pts":10.0},{"period":"2026-01","revenue":123808.30078125,"cost":56734.150390625,"margin":54.2,"units":4896,"transactions":3414,"profit":67074.150390625,"revenue_change_pct":0.5,"units_change_pct":8.9,"margin_change_pts":0.4}]}