{"brand":"WANA","date_range":"2024-01-01 00:00:00 to 2026-01-31 00:00:00","period_label":"All Time","summary":{"total_units":112120,"total_revenue":1945253.28125,"total_cost":907619.6875,"total_discounts":481201.71875,"total_profit":1037633.671875,"overall_margin":53.29999923706055,"fp_margin":60.79999923706055,"disc_margin":46.70000076293945,"pct_full_price":47.0,"avg_discount_rate":19.799999237060547,"fp_revenue":913767.5,"disc_revenue":1031485.78125,"unique_customers":33094,"brand":"WANA","date_range":"2024-01-01 00:00:00 to 2026-01-31 00:00:00","months_count":40,"avg_monthly_cost":45380.975,"cost_per_unit":16.200000000000003,"primary_category":"EDIBLE","primary_cat_margin":50.0,"category_rank":5,"category_total":32,"margin_vs_category":3.299999952316284,"velocity_rank":5},"category_breakdown":[{"category_clean":"EDIBLE","units":112120,"revenue":1945253.28125,"cost":907619.6875,"profit":1037633.671875,"discounts":481201.6796875,"margin":53.29999923706055,"category_avg_margin":50.0,"vs_category":3.3,"rank":5.0,"total_brands":32.0}],"trend":[{"period":"2024-01","revenue":106388.9453125,"cost":51606.25,"margin":51.5,"units":5110,"transactions":3032,"profit":54782.7001953125,"revenue_change_pct":null,"units_change_pct":null,"margin_change_pts":null},{"period":"2024-02","revenue":126958.076171875,"cost":62816.25,"margin":50.5,"units":6622,"transactions":3234,"profit":64141.826171875,"revenue_change_pct":19.3,"units_change_pct":29.6,"margin_change_pts":-1.0},{"period":"2024-03","revenue":113351.396484375,"cost":55748.75,"margin":50.8,"units":6140,"transactions":2892,"profit":57602.6513671875,"revenue_change_pct":-10.7,"units_change_pct":-7.3,"margin_change_pts":0.3},{"period":"2024-04","revenue":114650.478515625,"cost":61752.5,"margin":46.1,"units":6982,"transactions":3102,"profit":52897.9736328125,"revenue_change_pct":1.1,"units_change_pct":13.7,"margin_change_pts":-4.7},{"period":"2024-05","revenue":105343.076171875,"cost":52848.75,"margin":49.8,"units":6138,"transactions":2714,"profit":52494.326171875,"revenue_change_pct":-8.1,"units_change_pct":-12.1,"margin_change_pts":3.7},{"period":"2024-06","revenue":110799.345703125,"cost":52710.0,"margin":52.4,"units":6028,"transactions":2822,"profit":58089.3505859375,"revenue_change_pct":5.2,"units_change_pct":-1.8,"margin_change_pts":2.6},{"period":"2024-07","revenue":127057.94921875,"cost":60078.75,"margin":52.7,"units":7630,"transactions":2994,"profit":66979.19921875,"revenue_change_pct":14.7,"units_change_pct":26.6,"margin_change_pts":0.3},{"period":"2024-08","revenue":115650.029296875,"cost":53726.25,"margin":53.5,"units":6734,"transactions":3192,"profit":61923.7744140625,"revenue_change_pct":-9.0,"units_change_pct":-11.7,"margin_change_pts":0.8},{"period":"2024-09","revenue":105421.025390625,"cost":48745.0,"margin":53.8,"units":6030,"transactions":2826,"profit":56676.025390625,"revenue_change_pct":-8.8,"units_change_pct":-10.5,"margin_change_pts":0.2},{"period":"2024-10","revenue":114459.00390625,"cost":53507.5,"margin":53.3,"units":6754,"transactions":3220,"profit":60951.4990234375,"revenue_change_pct":8.6,"units_change_pct":12.0,"margin_change_pts":-0.5},{"period":"2024-11","revenue":92494.19921875,"cost":46090.0,"margin":50.2,"units":5706,"transactions":2668,"profit":46404.19921875,"revenue_change_pct":-19.2,"units_change_pct":-15.5,"margin_change_pts":-3.1},{"period":"2024-12","revenue":65749.6484375,"cost":29977.5,"margin":54.4,"units":3706,"transactions":1796,"profit":35772.15087890625,"revenue_change_pct":-28.9,"units_change_pct":-35.1,"margin_change_pts":4.2},{"period":"2025-01","revenue":97469.82421875,"cost":44832.5,"margin":54.0,"units":5636,"transactions":2734,"profit":52637.32421875,"revenue_change_pct":48.2,"units_change_pct":52.1,"margin_change_pts":-0.4},{"period":"2025-02","revenue":106170.751953125,"cost":49067.5,"margin":53.8,"units":5918,"transactions":2762,"profit":57103.251953125,"revenue_change_pct":8.9,"units_change_pct":5.0,"margin_change_pts":-0.2},{"period":"2025-03","revenue":105203.3984375,"cost":47666.15234375,"margin":54.7,"units":6022,"transactions":2600,"profit":57537.2509765625,"revenue_change_pct":-0.9,"units_change_pct":1.8,"margin_change_pts":0.9},{"period":"2025-04","revenue":102589.423828125,"cost":52424.7509765625,"margin":48.9,"units":6824,"transactions":2882,"profit":50164.6728515625,"revenue_change_pct":-2.5,"units_change_pct":13.3,"margin_change_pts":-5.8},{"period":"2025-05","revenue":94620.17578125,"cost":39035.6494140625,"margin":58.7,"units":5424,"transactions":2560,"profit":55584.5263671875,"revenue_change_pct":-7.8,"units_change_pct":-20.5,"margin_change_pts":9.8},{"period":"2025-06","revenue":102480.322265625,"cost":33146.650390625,"margin":67.7,"units":6508,"transactions":3022,"profit":69333.6767578125,"revenue_change_pct":8.3,"units_change_pct":20.0,"margin_change_pts":8.9},{"period":"2025-07","revenue":33265.67626953125,"cost":9955.549926757812,"margin":70.1,"units":1942,"transactions":1052,"profit":23310.12451171875,"revenue_change_pct":-67.5,"units_change_pct":-70.2,"margin_change_pts":2.4},{"period":"2025-08","revenue":5130.574951171875,"cost":1883.4249877929688,"margin":63.3,"units":266,"transactions":160,"profit":3247.1499633789062,"revenue_change_pct":-84.6,"units_change_pct":-86.3,"margin_change_pts":-6.8}],"share_of_category":[{"category":"EDIBLE","brand_revenue":1945253.28125,"category_revenue":29378492.5,"revenue_share_pct":6.599999904632568,"brand_units":112120,"category_units":1706530,"units_share_pct":6.6}],"share_of_category_trend":{"EDIBLE":[{"period":"2024-01","brand_revenue":106388.9453125,"category_revenue":1115754.921875,"share_pct":9.5},{"period":"2024-02","brand_revenue":126958.076171875,"category_revenue":1235210.0,"share_pct":10.300000190734863},{"period":"2024-03","brand_revenue":113351.396484375,"category_revenue":1273343.671875,"share_pct":8.899999618530273},{"period":"2024-04","brand_revenue":114650.478515625,"category_revenue":1298159.0625,"share_pct":8.800000190734863},{"period":"2024-05","brand_revenue":105343.076171875,"category_revenue":1215880.78125,"share_pct":8.699999809265137},{"period":"2024-06","brand_revenue":110799.345703125,"category_revenue":1181362.421875,"share_pct":9.399999618530273},{"period":"2024-07","brand_revenue":127057.94921875,"category_revenue":1128302.8125,"share_pct":11.300000190734863},{"period":"2024-08","brand_revenue":115650.029296875,"category_revenue":1167724.921875,"share_pct":9.899999618530273},{"period":"2024-09","brand_revenue":105421.025390625,"category_revenue":1114619.53125,"share_pct":9.5},{"period":"2024-10","brand_revenue":114459.00390625,"category_revenue":1205149.0625,"share_pct":9.5},{"period":"2024-11","brand_revenue":92494.19921875,"category_revenue":1236132.421875,"share_pct":7.5},{"period":"2024-12","brand_revenue":65749.6484375,"category_revenue":1207318.046875,"share_pct":5.400000095367432},{"period":"2025-01","brand_revenue":97469.82421875,"category_revenue":1176202.578125,"share_pct":8.300000190734863},{"period":"2025-02","brand_revenue":106170.751953125,"category_revenue":1097683.359375,"share_pct":9.699999809265137},{"period":"2025-03","brand_revenue":105203.3984375,"category_revenue":1228067.265625,"share_pct":8.600000381469727},{"period":"2025-04","brand_revenue":102589.423828125,"category_revenue":1290106.171875,"share_pct":8.0},{"period":"2025-05","brand_revenue":94620.17578125,"category_revenue":1191670.3125,"share_pct":7.900000095367432},{"period":"2025-06","brand_revenue":102480.322265625,"category_revenue":1110702.109375,"share_pct":9.199999809265137},{"period":"2025-07","brand_revenue":33265.67626953125,"category_revenue":1096938.125,"share_pct":3.0},{"period":"2025-08","brand_revenue":5130.574951171875,"category_revenue":1145920.859375,"share_pct":0.4000000059604645},{"period":"2025-09","brand_revenue":0.0,"category_revenue":1070074.53125,"share_pct":0.0},{"period":"2025-10","brand_revenue":0.0,"category_revenue":1168865.78125,"share_pct":0.0},{"period":"2025-11","brand_revenue":0.0,"category_revenue":1192334.453125,"share_pct":0.0},{"period":"2025-12","brand_revenue":0.0,"category_revenue":1138094.375,"share_pct":0.0},{"period":"2026-01","brand_revenue":0.0,"category_revenue":1092874.21875,"share_pct":0.0}]},"discount_depth":[{"tier":"0% (Full Price)","transactions":32120,"pct_of_transactions":44.7,"revenue":913767.5,"avg_discount":0.0},{"tier":"1-10%","transactions":5812,"pct_of_transactions":8.1,"revenue":197466.26953125,"avg_discount":19.799999237060547},{"tier":"11-20%","transactions":2144,"pct_of_transactions":3.0,"revenue":66324.6728515625,"avg_discount":39.20000076293945},{"tier":"21-30%","transactions":2376,"pct_of_transactions":3.3,"revenue":75044.7265625,"avg_discount":56.400001525878906},{"tier":"31%+","transactions":22008,"pct_of_transactions":30.6,"revenue":541772.1875,"avg_discount":78.5999984741211}],"velocity":{"units_per_day":184.4,"revenue_per_day":3199.425048828125,"avg_units_per_txn":4.3,"days_of_data":608,"total_units":112120,"total_transactions":52264},"velocity_by_category":[{"category":"EDIBLE","brand_units_per_day":147.14,"category_avg_units_per_day":69.98,"velocity_index":210.2,"brand_rev_per_unit":13.88,"category_rev_per_unit":13.77,"brands_in_category":32}],"deals":[{"deal_name":"Industry - 30% Off","times_used":4170,"units":6867.0,"revenue":107878.00014972687,"discounts":46633.25008869171,"cost":61900.14999999665,"profit":45977.84997142851,"pre_discount_revenue":154511.25,"margin":42.6,"avg_discount":60.4},{"deal_name":"WANA Wednesday - 5 for $50","times_used":3706,"units":21395.0,"revenue":267316.79998874664,"discounts":142873.20000648499,"cost":132761.44999992568,"profit":134555.3499162197,"pre_discount_revenue":410190.0,"margin":50.3,"avg_discount":69.6},{"deal_name":"Senior - 10% Off","times_used":2350,"units":4935.0,"revenue":103268.68924379349,"discounts":11605.06254017353,"cost":45532.49999998137,"profit":57736.1876732111,"pre_discount_revenue":114873.75,"margin":55.9,"avg_discount":20.2},{"deal_name":"Wana B2G1","times_used":1638,"units":6770.0,"revenue":97192.64825224876,"discounts":52302.349429130554,"cost":58613.14999998547,"profit":38579.50043916702,"pre_discount_revenue":149495.0,"margin":39.7,"avg_discount":70.0},{"deal_name":"4/20 2025 - Edibles","times_used":948,"units":2134.0,"revenue":23159.25000309944,"discounts":23490.74999809265,"cost":16974.14999996312,"profit":6185.099962353706,"pre_discount_revenue":46650.0,"margin":26.7,"avg_discount":100.8},{"deal_name":"Spark the Summer Sale","times_used":808,"units":1940.0,"revenue":25030.57513475418,"discounts":16819.424934387207,"cost":11861.249999864958,"profit":13169.32491838932,"pre_discount_revenue":41850.0,"margin":52.6,"avg_discount":80.4},{"deal_name":"Senior / Veterans - 20% Off","times_used":734,"units":1595.0,"revenue":29124.325017929077,"discounts":7560.675001740456,"cost":14682.824999992736,"profit":14441.500012874603,"pre_discount_revenue":36685.0,"margin":49.6,"avg_discount":41.2},{"deal_name":"Veterans - 10% Off","times_used":688,"units":1458.0,"revenue":29185.3879737854,"discounts":3447.112491130829,"cost":12700.649999990128,"profit":16484.73748087883,"pre_discount_revenue":32632.5,"margin":56.5,"avg_discount":21.2},{"deal_name":"4/20 50% Off!!!!","times_used":592,"units":1392.0,"revenue":15400.625,"discounts":15434.375,"cost":12401.25,"profit":2999.3749998509884,"pre_discount_revenue":30835.0,"margin":19.5,"avg_discount":100.2},{"deal_name":"GW - 50% Off Edibles","times_used":534,"units":1380.0,"revenue":14717.5,"discounts":14780.0,"cost":11227.5,"profit":3490.0,"pre_discount_revenue":29497.5,"margin":23.7,"avg_discount":100.2},{"deal_name":"Industry 30% Off","times_used":426,"units":688.0,"revenue":10444.125022888184,"discounts":4623.375020027161,"cost":4586.949999961071,"profit":5857.174997329712,"pre_discount_revenue":15067.5,"margin":56.1,"avg_discount":61.4},{"deal_name":"30% Off Special","times_used":246,"units":376.0,"revenue":4915.750020742416,"discounts":2141.750007867813,"cost":942.9249999346212,"profit":3972.824969291687,"pre_discount_revenue":7057.5,"margin":80.8,"avg_discount":60.6},{"deal_name":"Jackpot - Locals 30% Off","times_used":246,"units":370.0,"revenue":5932.500004768372,"discounts":2567.500010728836,"cost":3136.6749999905005,"profit":2795.8249950408936,"pre_discount_revenue":8500.0,"margin":47.1,"avg_discount":60.4},{"deal_name":"WANA 4 for $40 (Classic SKUS Only)","times_used":210,"units":948.0,"revenue":11853.35000038147,"discounts":6101.64999961853,"cost":6120.0,"profit":5733.35000038147,"pre_discount_revenue":17955.0,"margin":48.4,"avg_discount":68.0},{"deal_name":"LVAC - 25% Off","times_used":76,"units":130.0,"revenue":2075.625,"discounts":691.875,"cost":956.3499999977648,"profit":1119.2749977111816,"pre_discount_revenue":2767.5,"margin":53.9,"avg_discount":50.0},{"deal_name":"Employee 30% - NOT FRIDAYS","times_used":56,"units":82.0,"revenue":1338.7499952316284,"discounts":573.7500059604645,"cost":760.0249999994412,"profit":578.7250018119812,"pre_discount_revenue":1912.5,"margin":43.2,"avg_discount":60.0},{"deal_name":"Employee - 40% OFF","times_used":30,"units":42.0,"revenue":485.0499999523163,"discounts":362.4499988555908,"cost":252.57499999832362,"profit":232.4750006198883,"pre_discount_revenue":847.5,"margin":47.9,"avg_discount":85.6},{"deal_name":"Veterans Day - 30% Off For Veterans!","times_used":4,"units":4.0,"revenue":63.00000190734863,"discounts":27.000000476837158,"cost":40.0,"profit":22.999999523162842,"pre_discount_revenue":90.0,"margin":36.5,"avg_discount":60.0},{"deal_name":"Senior Sunday - RENO ONLY - 20% Off","times_used":2,"units":2.0,"revenue":48.00000190734863,"discounts":12.000000476837158,"cost":25.0,"profit":22.999999523162842,"pre_discount_revenue":60.0,"margin":47.9,"avg_discount":40.0},{"deal_name":"Senior Sunday - SAHARA ONLY - 20% Off","times_used":2,"units":2.0,"revenue":48.00000190734863,"discounts":12.000000476837158,"cost":25.0,"profit":22.999999523162842,"pre_discount_revenue":60.0,"margin":47.9,"avg_discount":40.0},{"deal_name":"Medical - 10%","times_used":2,"units":4.0,"revenue":67.5,"discounts":7.5,"cost":25.0,"profit":42.5,"pre_discount_revenue":75.0,"margin":63.0,"avg_discount":20.0}],"top_products":[{"product":"4:2:1:1 CBD/THC/CBG/CBN STAY ASLEEP GUMMIES - WANA","units":13158,"revenue":320793.57421875,"cost":162936.25,"profit":157857.32421875,"transactions":7554,"margin":49.20000076293945},{"product":"NEVADA SUNRISE FAST ACTING SATIVA GUMMIES - WANA","units":14708,"revenue":283851.875,"cost":145278.720703125,"profit":138573.154296875,"transactions":9914,"margin":48.79999923706055},{"product":"ISLAND PUNCH FAST ACTING INDICA GUMMIES - WANA","units":10316,"revenue":196736.03515625,"cost":102987.5,"profit":93748.525390625,"transactions":7032,"margin":47.70000076293945},{"product":"MANGO SATIVA GUMMIES - WANA","units":13148,"revenue":192765.44921875,"cost":84884.951171875,"profit":107880.498046875,"transactions":8406,"margin":56.0},{"product":"1:1 CBD/THC STRAWBERRY MARGARITA GUMMIES - WANA","units":8790,"revenue":186532.79296875,"cost":95111.875,"profit":91420.927734375,"transactions":6282,"margin":49.0},{"product":"1:1:1 THC/CBD/CBG PASSIONFRUIT PINEAPPLE GUMMIES - WANA","units":11982,"revenue":186315.87890625,"cost":81660.3515625,"profit":104655.52734375,"transactions":7458,"margin":56.20000076293945},{"product":"BLUEBERRY INDICA GUMMIES - WANA","units":11752,"revenue":171237.3828125,"cost":74969.7509765625,"profit":96267.626953125,"transactions":7026,"margin":56.20000076293945},{"product":"WATERMELON HYBRID GUMMIES - WANA","units":9394,"revenue":133702.099609375,"cost":57870.6494140625,"profit":75831.4501953125,"transactions":6260,"margin":56.70000076293945},{"product":"2:1 CBD/THC YUZU GUMMIES - WANA","units":7304,"revenue":106490.99609375,"cost":43254.7998046875,"profit":63236.201171875,"transactions":4214,"margin":59.400001525878906},{"product":"TROPICAL TRIO SATIVA GUMMIES - WANA","units":5506,"revenue":78348.4521484375,"cost":32316.69921875,"profit":46031.748046875,"transactions":3618,"margin":58.79999923706055},{"product":"LEMONADE STAND HYBRID GUMMIES - WANA","units":4738,"revenue":67025.2490234375,"cost":26206.826171875,"profit":40818.42529296875,"transactions":3204,"margin":60.900001525878906},{"product":"BERRY PATCH INDICA GUMMIES - WANA","units":640,"revenue":9696.35009765625,"cost":8.00000011920929,"profit":9688.350219726562,"transactions":410,"margin":99.9000015258789},{"product":"LIMONCELLO FAST ACTING HYBRID GUMMIES - WANA","units":490,"revenue":7548.2501220703125,"cost":6.1250001192092896,"profit":7542.1246337890625,"transactions":374,"margin":99.9000015258789},{"product":"5:1:1:1 CBD/THC/CBN/CBG DREAM BERRY GUMMIES - WANA","units":174,"revenue":3923.9498901367188,"cost":2.175000011920929,"profit":3921.77490234375,"transactions":104,"margin":99.9000015258789},{"product":"LEMONADE STAND HYBRID GUMMIES 10pk  - WANA","units":20,"revenue":285.0,"cost":125.0,"profit":160.0,"transactions":20,"margin":56.099998474121094}],"products_by_store":{"Elevation Springs":[{"product":"4:2:1:1 CBD/THC/CBG/CBN STAY ASLEEP GUMMIES - WANA","units":2698,"revenue":66180.7763671875,"cost":33565.0,"profit":32615.77392578125,"transactions":1610,"margin":49.29999923706055},{"product":"NEVADA SUNRISE FAST ACTING SATIVA GUMMIES - WANA","units":2100,"revenue":39786.30126953125,"cost":22175.0,"profit":17611.300048828125,"transactions":1372,"margin":44.29999923706055},{"product":"1:1:1 THC/CBD/CBG PASSIONFRUIT PINEAPPLE GUMMIES - WANA","units":2610,"revenue":38476.2744140625,"cost":17199.89990234375,"profit":21276.37451171875,"transactions":1644,"margin":55.29999923706055},{"product":"1:1 CBD/THC STRAWBERRY MARGARITA GUMMIES - WANA","units":1820,"revenue":37881.52587890625,"cost":19743.75,"profit":18137.774658203125,"transactions":1380,"margin":47.900001525878906},{"product":"MANGO SATIVA GUMMIES - WANA","units":2326,"revenue":33591.72607421875,"cost":15790.0,"profit":17801.724853515625,"transactions":1432,"margin":53.0},{"product":"BLUEBERRY INDICA GUMMIES - WANA","units":2180,"revenue":31412.548828125,"cost":14357.9248046875,"profit":17054.625244140625,"transactions":1292,"margin":54.29999923706055},{"product":"ISLAND PUNCH FAST ACTING INDICA GUMMIES - WANA","units":1684,"revenue":31263.42529296875,"cost":16840.0,"profit":14423.42529296875,"transactions":1086,"margin":46.099998474121094},{"product":"2:1 CBD/THC YUZU GUMMIES - WANA","units":1748,"revenue":24432.4755859375,"cost":10925.0,"profit":13507.4755859375,"transactions":1018,"margin":55.29999923706055},{"product":"WATERMELON HYBRID GUMMIES - WANA","units":1622,"revenue":22294.775390625,"cost":10741.25,"profit":11553.525390625,"transactions":1050,"margin":51.79999923706055},{"product":"TROPICAL TRIO SATIVA GUMMIES - WANA","units":936,"revenue":12640.374755859375,"cost":4689.825134277344,"profit":7950.5499267578125,"transactions":628,"margin":62.900001525878906},{"product":"LEMONADE STAND HYBRID GUMMIES - WANA","units":898,"revenue":12384.949951171875,"cost":4389.949951171875,"profit":7995.0,"transactions":610,"margin":64.5999984741211},{"product":"BERRY PATCH INDICA GUMMIES - WANA","units":158,"revenue":1817.8999328613281,"cost":1.9749999046325684,"profit":1815.9249877929688,"transactions":128,"margin":99.9000015258789},{"product":"LEMONADE STAND HYBRID GUMMIES 10pk  - WANA","units":6,"revenue":87.5,"cost":37.5,"profit":50.0,"transactions":6,"margin":57.099998474121094}],"Elevation Mesa":[{"product":"4:2:1:1 CBD/THC/CBG/CBN STAY ASLEEP GUMMIES - WANA","units":2292,"revenue":53247.626953125,"cost":28803.75,"profit":24443.87451171875,"transactions":1252,"margin":45.900001525878906},{"product":"MANGO SATIVA GUMMIES - WANA","units":2716,"revenue":38961.72607421875,"cost":16577.449951171875,"profit":22384.27490234375,"transactions":1762,"margin":57.5},{"product":"1:1:1 THC/CBD/CBG PASSIONFRUIT PINEAPPLE GUMMIES - WANA","units":2458,"revenue":37560.07568359375,"cost":16924.825439453125,"profit":20635.2490234375,"transactions":1640,"margin":54.900001525878906},{"product":"NEVADA SUNRISE FAST ACTING SATIVA GUMMIES - WANA","units":1994,"revenue":36024.49951171875,"cost":19940.0,"profit":16084.49951171875,"transactions":1426,"margin":44.599998474121094},{"product":"ISLAND PUNCH FAST ACTING INDICA GUMMIES - WANA","units":1784,"revenue":32561.42578125,"cost":17840.0,"profit":14721.424560546875,"transactions":1290,"margin":45.20000076293945},{"product":"BLUEBERRY INDICA GUMMIES - WANA","units":2234,"revenue":31354.05029296875,"cost":14498.75,"profit":16855.30029296875,"transactions":1312,"margin":53.79999923706055},{"product":"1:1 CBD/THC STRAWBERRY MARGARITA GUMMIES - WANA","units":1376,"revenue":28461.42578125,"cost":15217.5,"profit":13243.924560546875,"transactions":1008,"margin":46.5},{"product":"WATERMELON HYBRID GUMMIES - WANA","units":1394,"revenue":18834.725341796875,"cost":8645.449829101562,"profit":10189.27490234375,"transactions":944,"margin":54.099998474121094},{"product":"2:1 CBD/THC YUZU GUMMIES - WANA","units":1128,"revenue":16166.4501953125,"cost":7050.0,"profit":9116.4501953125,"transactions":658,"margin":56.400001525878906},{"product":"TROPICAL TRIO SATIVA GUMMIES - WANA","units":950,"revenue":12967.125244140625,"cost":5937.5,"profit":7029.625244140625,"transactions":676,"margin":54.20000076293945},{"product":"LEMONADE STAND HYBRID GUMMIES - WANA","units":660,"revenue":9105.175170898438,"cost":4125.0,"profit":4980.174865722656,"transactions":500,"margin":54.70000076293945},{"product":"BERRY PATCH INDICA GUMMIES - WANA","units":194,"revenue":3116.1248779296875,"cost":2.424999922513962,"profit":3113.699951171875,"transactions":118,"margin":99.9000015258789},{"product":"LEMONADE STAND HYBRID GUMMIES 10pk  - WANA","units":2,"revenue":26.25,"cost":12.5,"profit":13.75,"transactions":2,"margin":52.400001525878906}],"Elevation Oasis":[{"product":"4:2:1:1 CBD/THC/CBG/CBN STAY ASLEEP GUMMIES - WANA","units":2408,"revenue":62105.048828125,"cost":30097.5,"profit":32007.55126953125,"transactions":1254,"margin":51.5},{"product":"NEVADA SUNRISE FAST ACTING SATIVA GUMMIES - WANA","units":2974,"revenue":57025.8251953125,"cost":28741.25,"profit":28284.5751953125,"transactions":1634,"margin":49.599998474121094},{"product":"ISLAND PUNCH FAST ACTING INDICA GUMMIES - WANA","units":2636,"revenue":51047.099609375,"cost":26360.0,"profit":24687.099609375,"transactions":1584,"margin":48.400001525878906},{"product":"BLUEBERRY INDICA GUMMIES - WANA","units":3420,"revenue":51024.6728515625,"cost":20159.324951171875,"profit":30865.34912109375,"transactions":1838,"margin":60.5},{"product":"1:1 CBD/THC STRAWBERRY MARGARITA GUMMIES - WANA","units":2160,"revenue":47514.5263671875,"cost":23245.0,"profit":24269.52392578125,"transactions":1306,"margin":51.099998474121094},{"product":"1:1:1 THC/CBD/CBG PASSIONFRUIT PINEAPPLE GUMMIES - WANA","units":2658,"revenue":41632.724609375,"cost":18457.5,"profit":23175.224609375,"transactions":1424,"margin":55.70000076293945},{"product":"MANGO SATIVA GUMMIES - WANA","units":2562,"revenue":37333.30078125,"cost":16470.0,"profit":20863.30078125,"transactions":1572,"margin":55.900001525878906},{"product":"WATERMELON HYBRID GUMMIES - WANA","units":2040,"revenue":29655.50048828125,"cost":12761.25,"profit":16894.25048828125,"transactions":1248,"margin":57.0},{"product":"2:1 CBD/THC YUZU GUMMIES - WANA","units":1704,"revenue":25862.548828125,"cost":9140.52490234375,"profit":16722.025146484375,"transactions":878,"margin":64.69999694824219},{"product":"TROPICAL TRIO SATIVA GUMMIES - WANA","units":1240,"revenue":17511.700439453125,"cost":7750.0,"profit":9761.699829101562,"transactions":736,"margin":55.70000076293945},{"product":"LEMONADE STAND HYBRID GUMMIES - WANA","units":1124,"revenue":15570.625,"cost":6089.375,"profit":9481.25,"transactions":638,"margin":60.900001525878906},{"product":"5:1:1:1 CBD/THC/CBN/CBG DREAM BERRY GUMMIES - WANA","units":152,"revenue":3552.6998901367188,"cost":1.899999976158142,"profit":3550.7998657226562,"transactions":84,"margin":99.9000015258789},{"product":"BERRY PATCH INDICA GUMMIES - WANA","units":190,"revenue":3480.1748657226562,"cost":2.3749999701976776,"profit":3477.7999877929688,"transactions":98,"margin":99.9000015258789},{"product":"LIMONCELLO FAST ACTING HYBRID GUMMIES - WANA","units":92,"revenue":1149.000015258789,"cost":1.1499999463558197,"profit":1147.8499603271484,"transactions":72,"margin":99.9000015258789},{"product":"LEMONADE STAND HYBRID GUMMIES 10pk  - WANA","units":2,"revenue":37.5,"cost":12.5,"profit":25.0,"transactions":2,"margin":66.69999694824219}],"Elevation Midtown":[{"product":"4:2:1:1 CBD/THC/CBG/CBN STAY ASLEEP GUMMIES - WANA","units":3130,"revenue":77934.6240234375,"cost":38386.25,"profit":39548.3740234375,"transactions":1936,"margin":50.70000076293945},{"product":"NEVADA SUNRISE FAST ACTING SATIVA GUMMIES - WANA","units":2900,"revenue":55698.1005859375,"cost":28001.25,"profit":27696.8505859375,"transactions":1844,"margin":49.70000076293945},{"product":"1:1:1 THC/CBD/CBG PASSIONFRUIT PINEAPPLE GUMMIES - WANA","units":2084,"revenue":33255.44921875,"cost":13722.5,"profit":19532.950439453125,"transactions":1298,"margin":58.70000076293945},{"product":"MANGO SATIVA GUMMIES - WANA","units":2196,"revenue":32304.22607421875,"cost":14028.75,"profit":18275.474853515625,"transactions":1436,"margin":56.599998474121094},{"product":"ISLAND PUNCH FAST ACTING INDICA GUMMIES - WANA","units":1532,"revenue":29551.57470703125,"cost":15147.5,"profit":14404.07470703125,"transactions":1108,"margin":48.70000076293945},{"product":"BLUEBERRY INDICA GUMMIES - WANA","units":1874,"revenue":28205.47607421875,"cost":12293.75,"profit":15911.724853515625,"transactions":1214,"margin":56.400001525878906},{"product":"1:1 CBD/THC STRAWBERRY MARGARITA GUMMIES - WANA","units":1262,"revenue":26048.75,"cost":13610.0,"profit":12438.75,"transactions":906,"margin":47.79999923706055},{"product":"WATERMELON HYBRID GUMMIES - WANA","units":1744,"revenue":25798.44970703125,"cost":10625.550537109375,"profit":15172.900390625,"transactions":1136,"margin":58.79999923706055},{"product":"2:1 CBD/THC YUZU GUMMIES - WANA","units":1490,"revenue":21242.9248046875,"cost":8688.75,"profit":12554.1748046875,"transactions":848,"margin":59.099998474121094},{"product":"LEMONADE STAND HYBRID GUMMIES - WANA","units":854,"revenue":12113.175048828125,"cost":4090.0,"profit":8023.175048828125,"transactions":538,"margin":66.19999694824219},{"product":"TROPICAL TRIO SATIVA GUMMIES - WANA","units":810,"revenue":11388.85009765625,"cost":4750.625,"profit":6638.22509765625,"transactions":524,"margin":58.29999923706055},{"product":"LEMONADE STAND HYBRID GUMMIES 10pk  - WANA","units":8,"revenue":96.25,"cost":50.0,"profit":46.25,"transactions":8,"margin":48.099998474121094}],"Elevation Boulevard":[{"product":"4:2:1:1 CBD/THC/CBG/CBN STAY ASLEEP GUMMIES - WANA","units":1088,"revenue":24754.55078125,"cost":13667.5,"profit":11087.049560546875,"transactions":606,"margin":44.79999923706055},{"product":"MANGO SATIVA GUMMIES - WANA","units":1642,"revenue":22674.85107421875,"cost":9770.0,"profit":12904.849853515625,"transactions":1072,"margin":56.900001525878906},{"product":"NEVADA SUNRISE FAST ACTING SATIVA GUMMIES - WANA","units":1232,"revenue":21945.1513671875,"cost":11341.2255859375,"profit":10603.924560546875,"transactions":864,"margin":48.29999923706055},{"product":"WATERMELON HYBRID GUMMIES - WANA","units":1494,"revenue":19688.699951171875,"cost":9013.150024414062,"profit":10675.550537109375,"transactions":1046,"margin":54.20000076293945},{"product":"1:1:1 THC/CBD/CBG PASSIONFRUIT PINEAPPLE GUMMIES - WANA","units":1150,"revenue":17249.67529296875,"cost":7393.125,"profit":9856.55029296875,"transactions":746,"margin":57.099998474121094},{"product":"ISLAND PUNCH FAST ACTING INDICA GUMMIES - WANA","units":930,"revenue":16930.150146484375,"cost":9300.0,"profit":7630.150146484375,"transactions":648,"margin":45.099998474121094},{"product":"1:1 CBD/THC STRAWBERRY MARGARITA GUMMIES - WANA","units":854,"revenue":15661.650390625,"cost":8580.625,"profit":7081.0247802734375,"transactions":606,"margin":45.20000076293945},{"product":"BLUEBERRY INDICA GUMMIES - WANA","units":1052,"revenue":14051.175537109375,"cost":6833.75,"profit":7217.4249267578125,"transactions":682,"margin":51.400001525878906},{"product":"TROPICAL TRIO SATIVA GUMMIES - WANA","units":766,"revenue":10476.424560546875,"cost":4787.5,"profit":5688.9251708984375,"transactions":444,"margin":54.29999923706055},{"product":"2:1 CBD/THC YUZU GUMMIES - WANA","units":628,"revenue":9020.449829101562,"cost":3925.0,"profit":5095.450134277344,"transactions":390,"margin":56.5},{"product":"LEMONADE STAND HYBRID GUMMIES - WANA","units":572,"revenue":7683.64990234375,"cost":3575.0,"profit":4108.64990234375,"transactions":428,"margin":53.5},{"product":"LIMONCELLO FAST ACTING HYBRID GUMMIES - WANA","units":198,"revenue":2210.2500915527344,"cost":2.474999874830246,"profit":2207.7749633789062,"transactions":146,"margin":99.9000015258789},{"product":"BERRY PATCH INDICA GUMMIES - WANA","units":98,"revenue":1282.1499633789062,"cost":1.224999949336052,"profit":1280.9249877929688,"transactions":66,"margin":99.9000015258789}],"Elevation Parkway":[{"product":"NEVADA SUNRISE FAST ACTING SATIVA GUMMIES - WANA","units":3508,"revenue":73372.001953125,"cost":35080.0,"profit":38291.99951171875,"transactions":2774,"margin":52.20000076293945},{"product":"4:2:1:1 CBD/THC/CBG/CBN STAY ASLEEP GUMMIES - WANA","units":1542,"revenue":36570.94970703125,"cost":18416.25,"profit":18154.69970703125,"transactions":896,"margin":49.599998474121094},{"product":"ISLAND PUNCH FAST ACTING INDICA GUMMIES - WANA","units":1750,"revenue":35382.35107421875,"cost":17500.0,"profit":17882.349853515625,"transactions":1316,"margin":50.5},{"product":"1:1 CBD/THC STRAWBERRY MARGARITA GUMMIES - WANA","units":1318,"revenue":30964.92431640625,"cost":14715.0,"profit":16249.925537109375,"transactions":1076,"margin":52.5},{"product":"MANGO SATIVA GUMMIES - WANA","units":1706,"revenue":27899.6240234375,"cost":12248.75,"profit":15650.875244140625,"transactions":1132,"margin":56.099998474121094},{"product":"1:1:1 THC/CBD/CBG PASSIONFRUIT PINEAPPLE GUMMIES - WANA","units":1022,"revenue":18141.6748046875,"cost":7962.5,"profit":10179.1748046875,"transactions":706,"margin":56.099998474121094},{"product":"WATERMELON HYBRID GUMMIES - WANA","units":1100,"revenue":17429.949951171875,"cost":6084.000244140625,"profit":11345.94970703125,"transactions":836,"margin":65.0999984741211},{"product":"BLUEBERRY INDICA GUMMIES - WANA","units":992,"revenue":15189.449462890625,"cost":6826.25,"profit":8363.200073242188,"transactions":688,"margin":55.099998474121094},{"product":"TROPICAL TRIO SATIVA GUMMIES - WANA","units":804,"revenue":13363.974609375,"cost":4401.25,"profit":8962.725219726562,"transactions":610,"margin":67.0999984741211},{"product":"LEMONADE STAND HYBRID GUMMIES - WANA","units":630,"revenue":10167.675170898438,"cost":3937.5,"profit":6230.1751708984375,"transactions":490,"margin":61.29999923706055},{"product":"2:1 CBD/THC YUZU GUMMIES - WANA","units":606,"revenue":9766.14990234375,"cost":3525.52490234375,"profit":6240.625,"transactions":422,"margin":63.900001525878906},{"product":"LIMONCELLO FAST ACTING HYBRID GUMMIES - WANA","units":200,"revenue":4188.999938964844,"cost":2.5,"profit":4186.499938964844,"transactions":156,"margin":99.9000015258789},{"product":"5:1:1:1 CBD/THC/CBN/CBG DREAM BERRY GUMMIES - WANA","units":22,"revenue":371.25,"cost":0.2749999985098839,"profit":370.9749984741211,"transactions":20,"margin":99.9000015258789},{"product":"LEMONADE STAND HYBRID GUMMIES 10pk  - WANA","units":2,"revenue":37.5,"cost":12.5,"profit":25.0,"transactions":2,"margin":66.69999694824219}]},"store_summary":[{"store_clean":"Elevation Oasis","units":25362,"revenue":444502.96875,"cost":199289.6484375,"profit":245213.30078125,"discounts":101367.05078125,"margin":55.20000076293945,"discount_rate":18.600000381469727},{"store_clean":"Elevation Midtown","units":19884,"revenue":353637.8515625,"cost":163394.921875,"profit":190242.9296875,"discounts":82787.1484375,"margin":53.79999923706055,"discount_rate":19.0},{"store_clean":"Elevation Springs","units":20786,"revenue":352250.546875,"cost":170457.0703125,"profit":181793.4765625,"discounts":96466.953125,"margin":51.599998474121094,"discount_rate":21.5},{"store_clean":"Elevation Mesa","units":19182,"revenue":318386.6796875,"cost":155575.146484375,"profit":162811.5234375,"discounts":96028.3203125,"margin":51.099998474121094,"discount_rate":23.200000762939453},{"store_clean":"Elevation Parkway","units":15202,"revenue":292846.484375,"cost":130712.3046875,"profit":162134.1796875,"discounts":40156.025390625,"margin":55.400001525878906,"discount_rate":12.100000381469727},{"store_clean":"Elevation Boulevard","units":11704,"revenue":183628.828125,"cost":88190.576171875,"profit":95438.251953125,"discounts":64396.1767578125,"margin":52.0,"discount_rate":26.0}],"recommendations":[{"severity":"info","title":"VOLUME LEVERAGE","detail":"$778,101 revenue provides negotiating leverage.","action":"Use volume as leverage in next vendor meeting."}],"comparison":null}