{"brand":"VERT","date_range":"2024-01-01 00:00:00 to 2026-01-31 00:00:00","period_label":"All Time","summary":{"total_units":2097,"total_revenue":37036.5625,"total_cost":18873.0,"total_discounts":6796.43994140625,"total_profit":18163.55859375,"overall_margin":49.0,"fp_margin":57.099998474121094,"disc_margin":39.20000076293945,"pct_full_price":54.79999923706055,"avg_discount_rate":15.5,"fp_revenue":20296.0,"disc_revenue":16740.55859375,"unique_customers":1218,"brand":"VERT","date_range":"2024-01-01 00:00:00 to 2026-01-31 00:00:00","months_count":9,"avg_monthly_cost":2097.0,"cost_per_unit":9.0,"primary_category":"EDIBLE","primary_cat_margin":50.0,"category_rank":20,"category_total":32,"margin_vs_category":-1.0,"velocity_rank":24},"category_breakdown":[{"category_clean":"EDIBLE","units":2097,"revenue":37036.55859375,"cost":18873.0,"profit":18163.560546875,"discounts":6796.43994140625,"margin":49.0,"category_avg_margin":50.0,"vs_category":-1.0,"rank":20.0,"total_brands":32.0}],"trend":[{"period":"2024-01","revenue":5458.60986328125,"cost":3141.0,"margin":42.5,"units":349,"transactions":258,"profit":2317.60986328125,"revenue_change_pct":null,"units_change_pct":null,"margin_change_pts":null},{"period":"2024-02","revenue":4223.5498046875,"cost":2025.0,"margin":52.1,"units":225,"transactions":171,"profit":2198.550048828125,"revenue_change_pct":-22.6,"units_change_pct":-35.5,"margin_change_pts":9.6},{"period":"2024-03","revenue":7075.1201171875,"cost":3519.0,"margin":50.3,"units":391,"transactions":282,"profit":3556.119873046875,"revenue_change_pct":67.5,"units_change_pct":73.8,"margin_change_pts":-1.8},{"period":"2024-04","revenue":4479.3798828125,"cost":2178.0,"margin":51.4,"units":242,"transactions":195,"profit":2301.3798828125,"revenue_change_pct":-36.7,"units_change_pct":-38.1,"margin_change_pts":1.1},{"period":"2024-05","revenue":3661.60009765625,"cost":1944.0,"margin":46.9,"units":216,"transactions":157,"profit":1717.5999755859375,"revenue_change_pct":-18.3,"units_change_pct":-10.7,"margin_change_pts":-4.5},{"period":"2024-06","revenue":3686.93994140625,"cost":1890.0,"margin":48.7,"units":210,"transactions":152,"profit":1796.93994140625,"revenue_change_pct":0.7,"units_change_pct":-2.8,"margin_change_pts":1.8},{"period":"2024-07","revenue":5293.31005859375,"cost":2637.0,"margin":50.2,"units":293,"transactions":216,"profit":2656.31005859375,"revenue_change_pct":43.6,"units_change_pct":39.5,"margin_change_pts":1.4},{"period":"2024-08","revenue":2647.050048828125,"cost":1269.0,"margin":52.1,"units":141,"transactions":110,"profit":1378.050048828125,"revenue_change_pct":-50.0,"units_change_pct":-51.9,"margin_change_pts":1.9},{"period":"2024-09","revenue":511.0,"cost":270.0,"margin":47.2,"units":30,"transactions":17,"profit":241.0,"revenue_change_pct":-80.7,"units_change_pct":-78.7,"margin_change_pts":-4.9}],"share_of_category":[{"category":"EDIBLE","brand_revenue":37036.5625,"category_revenue":11751397.0,"revenue_share_pct":0.30000001192092896,"brand_units":2097,"category_units":853265,"units_share_pct":0.2}],"share_of_category_trend":{"EDIBLE":[{"period":"2024-01","brand_revenue":5458.60986328125,"category_revenue":446301.96875,"share_pct":1.2000000476837158},{"period":"2024-02","brand_revenue":4223.5498046875,"category_revenue":494084.0,"share_pct":0.8999999761581421},{"period":"2024-03","brand_revenue":7075.1201171875,"category_revenue":509337.46875,"share_pct":1.399999976158142},{"period":"2024-04","brand_revenue":4479.3798828125,"category_revenue":519263.625,"share_pct":0.8999999761581421},{"period":"2024-05","brand_revenue":3661.60009765625,"category_revenue":486352.3125,"share_pct":0.800000011920929},{"period":"2024-06","brand_revenue":3686.93994140625,"category_revenue":472544.96875,"share_pct":0.800000011920929},{"period":"2024-07","brand_revenue":5293.31005859375,"category_revenue":451321.125,"share_pct":1.2000000476837158},{"period":"2024-08","brand_revenue":2647.050048828125,"category_revenue":467089.96875,"share_pct":0.6000000238418579},{"period":"2024-09","brand_revenue":511.0,"category_revenue":445847.8125,"share_pct":0.10000000149011612},{"period":"2024-10","brand_revenue":0.0,"category_revenue":482059.625,"share_pct":0.0},{"period":"2024-11","brand_revenue":0.0,"category_revenue":494452.96875,"share_pct":0.0},{"period":"2024-12","brand_revenue":0.0,"category_revenue":482927.21875,"share_pct":0.0},{"period":"2025-01","brand_revenue":0.0,"category_revenue":470481.03125,"share_pct":0.0},{"period":"2025-02","brand_revenue":0.0,"category_revenue":439073.34375,"share_pct":0.0},{"period":"2025-03","brand_revenue":0.0,"category_revenue":491226.90625,"share_pct":0.0},{"period":"2025-04","brand_revenue":0.0,"category_revenue":516042.46875,"share_pct":0.0},{"period":"2025-05","brand_revenue":0.0,"category_revenue":476668.125,"share_pct":0.0},{"period":"2025-06","brand_revenue":0.0,"category_revenue":444280.84375,"share_pct":0.0},{"period":"2025-07","brand_revenue":0.0,"category_revenue":438775.25,"share_pct":0.0},{"period":"2025-08","brand_revenue":0.0,"category_revenue":458368.34375,"share_pct":0.0},{"period":"2025-09","brand_revenue":0.0,"category_revenue":428029.8125,"share_pct":0.0},{"period":"2025-10","brand_revenue":0.0,"category_revenue":467546.3125,"share_pct":0.0},{"period":"2025-11","brand_revenue":0.0,"category_revenue":476933.78125,"share_pct":0.0},{"period":"2025-12","brand_revenue":0.0,"category_revenue":455237.75,"share_pct":0.0},{"period":"2026-01","brand_revenue":0.0,"category_revenue":437149.6875,"share_pct":0.0}]},"discount_depth":[{"tier":"0% (Full Price)","transactions":865,"pct_of_transactions":48.0,"revenue":20296.0,"avg_discount":0.0},{"tier":"1-10%","transactions":157,"pct_of_transactions":8.7,"revenue":3421.0,"avg_discount":9.899999618530273},{"tier":"11-20%","transactions":142,"pct_of_transactions":7.9,"revenue":3034.00048828125,"avg_discount":17.700000762939453},{"tier":"21-30%","transactions":103,"pct_of_transactions":5.7,"revenue":2089.35009765625,"avg_discount":27.700000762939453},{"tier":"31%+","transactions":160,"pct_of_transactions":8.9,"revenue":2087.31005859375,"avg_discount":52.900001525878906}],"velocity":{"units_per_day":7.82,"revenue_per_day":138.1999969482422,"avg_units_per_txn":1.35,"days_of_data":268,"total_units":2097,"total_transactions":1558},"velocity_by_category":[{"category":"EDIBLE","brand_units_per_day":2.75,"category_avg_units_per_day":34.99,"velocity_index":7.9,"brand_rev_per_unit":17.66,"category_rev_per_unit":13.77,"brands_in_category":32}],"deals":[{"deal_name":"Industry - 30% Off","times_used":193,"units":250.0,"revenue":3677.0999517440796,"discounts":1569.900043964386,"cost":2250.0,"profit":1427.0999565124512,"pre_discount_revenue":5247.0,"margin":38.8,"avg_discount":29.9},{"deal_name":"VERT 50% OFF","times_used":72,"units":93.0,"revenue":928.0,"discounts":928.0,"cost":837.0,"profit":91.0,"pre_discount_revenue":1856.0,"margin":9.8,"avg_discount":50.0},{"deal_name":"Veterans - 10% Off","times_used":36,"units":45.0,"revenue":850.4999828338623,"discounts":94.49999570846558,"cost":405.0,"profit":445.4999828338623,"pre_discount_revenue":945.0,"margin":52.4,"avg_discount":10.0},{"deal_name":"Vert 2 for $30","times_used":30,"units":61.0,"revenue":907.9500007629395,"discounts":373.05000019073486,"cost":549.0,"profit":358.94999980926514,"pre_discount_revenue":1281.0,"margin":39.5,"avg_discount":29.1},{"deal_name":"Senior - 10% Off","times_used":29,"units":35.0,"revenue":658.6499881744385,"discounts":75.34999704360962,"cost":315.0,"profit":343.64998722076416,"pre_discount_revenue":734.0,"margin":52.2,"avg_discount":10.3},{"deal_name":"Senior / Veterans - 20% Off","times_used":26,"units":41.0,"revenue":688.799976348877,"discounts":172.19999408721924,"cost":369.0,"profit":319.80000591278076,"pre_discount_revenue":861.0,"margin":46.4,"avg_discount":20.0},{"deal_name":"30% Off Special","times_used":15,"units":21.0,"revenue":296.73999786376953,"discounts":135.26000261306763,"cost":189.0,"profit":107.73999643325806,"pre_discount_revenue":432.0,"margin":36.3,"avg_discount":31.3},{"deal_name":"Jackpot - Locals 30% Off","times_used":6,"units":9.0,"revenue":129.29999828338623,"discounts":59.70000171661377,"cost":81.0,"profit":48.29999852180481,"pre_discount_revenue":189.0,"margin":37.4,"avg_discount":31.6},{"deal_name":"LVAC - 25% Off","times_used":2,"units":2.0,"revenue":31.5,"discounts":10.5,"cost":18.0,"profit":13.5,"pre_discount_revenue":42.0,"margin":42.9,"avg_discount":25.0},{"deal_name":"Employee - 40% OFF","times_used":1,"units":1.0,"revenue":12.600000381469727,"discounts":8.399999618530273,"cost":9.0,"profit":3.5999999046325684,"pre_discount_revenue":21.0,"margin":28.6,"avg_discount":40.0},{"deal_name":"Employee 30% - NOT FRIDAYS","times_used":1,"units":1.0,"revenue":14.699999809265137,"discounts":6.300000190734863,"cost":9.0,"profit":5.699999809265137,"pre_discount_revenue":21.0,"margin":38.8,"avg_discount":30.0}],"top_products":[{"product":"CHOCOLATE CHIP BROWNIE SQUARE - VERT","units":624,"revenue":11276.490234375,"cost":5616.0,"profit":5660.48974609375,"transactions":536,"margin":50.20000076293945},{"product":"BIRTHDAY CAKE COOKIE SQUARE - VERT","units":351,"revenue":6292.919921875,"cost":3159.0,"profit":3133.919921875,"transactions":303,"margin":49.79999923706055},{"product":"STRAWBERRY SHORTCAKE COOKIE SQUARE - VERT","units":316,"revenue":4774.89990234375,"cost":2844.0,"profit":1930.9000244140625,"transactions":270,"margin":40.400001525878906},{"product":"RED VELVET COOKIE SQUARE - VERT","units":257,"revenue":4466.39013671875,"cost":2313.0,"profit":2153.389892578125,"transactions":224,"margin":48.20000076293945},{"product":"SNICKERDOODLE COOKIE SQUARE - VERT","units":200,"revenue":3597.10009765625,"cost":1800.0,"profit":1797.0999755859375,"transactions":170,"margin":50.0},{"product":"PEANUT BUTTER CHOCOLATE CEREAL BAR - VERT","units":137,"revenue":2452.449951171875,"cost":1233.0,"profit":1219.449951171875,"transactions":120,"margin":49.70000076293945},{"product":"CHOCOLATE CHIP COOKIE SQUARE - VERT","units":116,"revenue":2265.2099609375,"cost":1044.0,"profit":1221.2099609375,"transactions":101,"margin":53.900001525878906},{"product":"NICE CRISPIE SQUARE - VERT","units":60,"revenue":1215.9000244140625,"cost":540.0,"profit":675.9000244140625,"transactions":49,"margin":55.599998474121094},{"product":"CARAMEL BROWNIE SQUARE - VERT","units":36,"revenue":695.2000122070312,"cost":324.0,"profit":371.20001220703125,"transactions":29,"margin":53.400001525878906}],"products_by_store":{"Thrive Cactus":[{"product":"CHOCOLATE CHIP BROWNIE SQUARE - VERT","units":138,"revenue":2418.7099609375,"cost":1242.0,"profit":1176.7099609375,"transactions":116,"margin":48.70000076293945},{"product":"BIRTHDAY CAKE COOKIE SQUARE - VERT","units":68,"revenue":1197.5699462890625,"cost":612.0,"profit":585.5700073242188,"transactions":55,"margin":48.900001525878906},{"product":"RED VELVET COOKIE SQUARE - VERT","units":44,"revenue":780.0,"cost":396.0,"profit":384.0,"transactions":41,"margin":49.20000076293945},{"product":"PEANUT BUTTER CHOCOLATE CEREAL BAR - VERT","units":39,"revenue":704.5499877929688,"cost":351.0,"profit":353.54998779296875,"transactions":33,"margin":50.20000076293945},{"product":"CHOCOLATE CHIP COOKIE SQUARE - VERT","units":20,"revenue":385.3500061035156,"cost":180.0,"profit":205.35000610351562,"transactions":19,"margin":53.29999923706055},{"product":"STRAWBERRY SHORTCAKE COOKIE SQUARE - VERT","units":15,"revenue":238.89999389648438,"cost":135.0,"profit":103.9000015258789,"transactions":15,"margin":43.5},{"product":"SNICKERDOODLE COOKIE SQUARE - VERT","units":5,"revenue":77.69999694824219,"cost":45.0,"profit":32.70000076293945,"transactions":4,"margin":42.099998474121094}],"Thrive Cheyenne":[{"product":"CHOCOLATE CHIP BROWNIE SQUARE - VERT","units":145,"revenue":2485.199951171875,"cost":1305.0,"profit":1180.199951171875,"transactions":124,"margin":47.5},{"product":"BIRTHDAY CAKE COOKIE SQUARE - VERT","units":102,"revenue":1802.4000244140625,"cost":918.0,"profit":884.3999633789062,"transactions":84,"margin":49.099998474121094},{"product":"RED VELVET COOKIE SQUARE - VERT","units":80,"revenue":1404.699951171875,"cost":720.0,"profit":684.7000122070312,"transactions":69,"margin":48.70000076293945},{"product":"STRAWBERRY SHORTCAKE COOKIE SQUARE - VERT","units":62,"revenue":1090.6500244140625,"cost":558.0,"profit":532.6500244140625,"transactions":58,"margin":48.79999923706055},{"product":"SNICKERDOODLE COOKIE SQUARE - VERT","units":48,"revenue":837.4000244140625,"cost":432.0,"profit":405.3999938964844,"transactions":36,"margin":48.400001525878906},{"product":"PEANUT BUTTER CHOCOLATE CEREAL BAR - VERT","units":38,"revenue":703.5,"cost":342.0,"profit":361.5,"transactions":36,"margin":51.400001525878906},{"product":"CHOCOLATE CHIP COOKIE SQUARE - VERT","units":17,"revenue":317.1000061035156,"cost":153.0,"profit":164.09999084472656,"transactions":16,"margin":51.79999923706055}],"Thrive Jackpot":[{"product":"CHOCOLATE CHIP BROWNIE SQUARE - VERT","units":130,"revenue":2560.8701171875,"cost":1170.0,"profit":1390.8699951171875,"transactions":107,"margin":54.29999923706055},{"product":"NICE CRISPIE SQUARE - VERT","units":60,"revenue":1215.9000244140625,"cost":540.0,"profit":675.9000244140625,"transactions":49,"margin":55.599998474121094},{"product":"SNICKERDOODLE COOKIE SQUARE - VERT","units":55,"revenue":1046.4000244140625,"cost":495.0,"profit":551.4000244140625,"transactions":49,"margin":52.70000076293945},{"product":"STRAWBERRY SHORTCAKE COOKIE SQUARE - VERT","units":50,"revenue":958.6500244140625,"cost":450.0,"profit":508.6499938964844,"transactions":45,"margin":53.099998474121094},{"product":"BIRTHDAY CAKE COOKIE SQUARE - VERT","units":49,"revenue":931.3499755859375,"cost":441.0,"profit":490.3500061035156,"transactions":44,"margin":52.599998474121094},{"product":"CHOCOLATE CHIP COOKIE SQUARE - VERT","units":40,"revenue":815.1599731445312,"cost":360.0,"profit":455.1600036621094,"transactions":31,"margin":55.79999923706055},{"product":"RED VELVET COOKIE SQUARE - VERT","units":20,"revenue":401.70001220703125,"cost":180.0,"profit":221.6999969482422,"transactions":16,"margin":55.20000076293945},{"product":"CARAMEL BROWNIE SQUARE - VERT","units":21,"revenue":390.5999755859375,"cost":189.0,"profit":201.60000610351562,"transactions":14,"margin":51.599998474121094}],"Thrive Reno":[{"product":"STRAWBERRY SHORTCAKE COOKIE SQUARE - VERT","units":126,"revenue":1480.800048828125,"cost":1134.0,"profit":346.79998779296875,"transactions":95,"margin":23.399999618530273},{"product":"CHOCOLATE CHIP BROWNIE SQUARE - VERT","units":67,"revenue":1257.5599365234375,"cost":603.0,"profit":654.5599975585938,"transactions":58,"margin":52.0},{"product":"RED VELVET COOKIE SQUARE - VERT","units":41,"revenue":611.4400024414062,"cost":369.0,"profit":242.44000244140625,"transactions":34,"margin":39.70000076293945},{"product":"SNICKERDOODLE COOKIE SQUARE - VERT","units":32,"revenue":536.7000122070312,"cost":288.0,"profit":248.6999969482422,"transactions":26,"margin":46.29999923706055},{"product":"BIRTHDAY CAKE COOKIE SQUARE - VERT","units":31,"revenue":501.8999938964844,"cost":279.0,"profit":222.89999389648438,"transactions":25,"margin":44.400001525878906}],"Thrive Sahara":[{"product":"CHOCOLATE CHIP BROWNIE SQUARE - VERT","units":56,"revenue":944.25,"cost":504.0,"profit":440.25,"transactions":51,"margin":46.599998474121094},{"product":"BIRTHDAY CAKE COOKIE SQUARE - VERT","units":41,"revenue":709.0999755859375,"cost":369.0,"profit":340.1000061035156,"transactions":36,"margin":48.0},{"product":"PEANUT BUTTER CHOCOLATE CEREAL BAR - VERT","units":40,"revenue":674.7999877929688,"cost":360.0,"profit":314.79998779296875,"transactions":31,"margin":46.70000076293945},{"product":"STRAWBERRY SHORTCAKE COOKIE SQUARE - VERT","units":37,"revenue":519.2999877929688,"cost":333.0,"profit":186.3000030517578,"transactions":32,"margin":35.900001525878906},{"product":"SNICKERDOODLE COOKIE SQUARE - VERT","units":24,"revenue":412.6499938964844,"cost":216.0,"profit":196.64999389648438,"transactions":21,"margin":47.70000076293945},{"product":"RED VELVET COOKIE SQUARE - VERT","units":27,"revenue":405.6000061035156,"cost":243.0,"profit":162.60000610351562,"transactions":23,"margin":40.099998474121094},{"product":"CHOCOLATE CHIP COOKIE SQUARE - VERT","units":19,"revenue":350.6999816894531,"cost":171.0,"profit":179.6999969482422,"transactions":18,"margin":51.20000076293945}],"Thrive Sammy":[{"product":"CHOCOLATE CHIP BROWNIE SQUARE - VERT","units":88,"revenue":1609.9000244140625,"cost":792.0,"profit":817.9000244140625,"transactions":80,"margin":50.79999923706055},{"product":"BIRTHDAY CAKE COOKIE SQUARE - VERT","units":60,"revenue":1150.5999755859375,"cost":540.0,"profit":610.5999755859375,"transactions":59,"margin":53.099998474121094},{"product":"RED VELVET COOKIE SQUARE - VERT","units":45,"revenue":862.9500122070312,"cost":405.0,"profit":457.95001220703125,"transactions":41,"margin":53.099998474121094},{"product":"SNICKERDOODLE COOKIE SQUARE - VERT","units":36,"revenue":686.25,"cost":324.0,"profit":362.25,"transactions":34,"margin":52.79999923706055},{"product":"STRAWBERRY SHORTCAKE COOKIE SQUARE - VERT","units":26,"revenue":486.6000061035156,"cost":234.0,"profit":252.60000610351562,"transactions":25,"margin":51.900001525878906},{"product":"CHOCOLATE CHIP COOKIE SQUARE - VERT","units":20,"revenue":396.8999938964844,"cost":180.0,"profit":216.89999389648438,"transactions":17,"margin":54.599998474121094},{"product":"PEANUT BUTTER CHOCOLATE CEREAL BAR - VERT","units":20,"revenue":369.6000061035156,"cost":180.0,"profit":189.60000610351562,"transactions":20,"margin":51.29999923706055},{"product":"CARAMEL BROWNIE SQUARE - VERT","units":15,"revenue":304.6000061035156,"cost":135.0,"profit":169.60000610351562,"transactions":15,"margin":55.70000076293945}]},"store_summary":[{"store_clean":"Thrive Cheyenne","units":492,"revenue":8640.9501953125,"cost":4428.0,"profit":4212.9501953125,"discounts":1686.050048828125,"margin":48.79999923706055,"discount_rate":16.299999237060547},{"store_clean":"Thrive Jackpot","units":425,"revenue":8320.6298828125,"cost":3825.0,"profit":4495.6298828125,"discounts":604.3699951171875,"margin":54.0,"discount_rate":6.800000190734863},{"store_clean":"Thrive Sammy","units":310,"revenue":5867.39990234375,"cost":2790.0,"profit":3077.39990234375,"discounts":642.5999755859375,"margin":52.400001525878906,"discount_rate":9.899999618530273},{"store_clean":"Thrive Cactus","units":329,"revenue":5802.77978515625,"cost":2961.0,"profit":2841.780029296875,"discounts":1106.219970703125,"margin":49.0,"discount_rate":16.0},{"store_clean":"Thrive Reno","units":297,"revenue":4388.39990234375,"cost":2673.0,"profit":1715.4000244140625,"discounts":1679.5999755859375,"margin":39.099998474121094,"discount_rate":27.700000762939453},{"store_clean":"Thrive Sahara","units":244,"revenue":4016.39990234375,"cost":2196.0,"profit":1820.4000244140625,"discounts":1077.5999755859375,"margin":45.29999923706055,"discount_rate":21.200000762939453}],"recommendations":[{"severity":"info","title":"VOLUME LEVERAGE","detail":"$37,037 revenue provides negotiating leverage.","action":"Use volume as leverage in next vendor meeting."}],"comparison":null}