{"brand":"DOTECO","date_range":"2024-01-01 00:00:00 to 2026-01-31 00:00:00","period_label":"All Time","summary":{"total_units":1522,"total_revenue":39151.8994140625,"total_cost":13317.5,"total_discounts":6670.5999755859375,"total_profit":25834.3994140625,"overall_margin":66.0,"fp_margin":70.69999694824219,"disc_margin":55.20000076293945,"pct_full_price":69.5,"avg_discount_rate":14.600000381469727,"fp_revenue":27207.5,"disc_revenue":11944.3994140625,"unique_customers":1416,"brand":"DOTECO","date_range":"2024-01-01 00:00:00 to 2026-01-31 00:00:00","months_count":30,"avg_monthly_cost":887.825,"cost_per_unit":17.5,"primary_category":"BATTERY","primary_cat_margin":62.29999923706055,"category_rank":7,"category_total":19,"margin_vs_category":3.700000047683716,"velocity_rank":7},"category_breakdown":[{"category_clean":"BATTERY","units":1522,"revenue":39151.8994140625,"cost":13317.5,"profit":25834.3994140625,"discounts":6670.5999755859375,"margin":66.0,"category_avg_margin":62.29999923706055,"vs_category":3.7,"rank":7.0,"total_brands":19.0}],"trend":[{"period":"2024-11","revenue":4742.9998779296875,"cost":1452.5,"margin":69.4,"units":166,"transactions":166,"profit":3290.4998779296875,"revenue_change_pct":null,"units_change_pct":null,"margin_change_pts":null},{"period":"2024-12","revenue":9422.5,"cost":3115.0,"margin":66.9,"units":356,"transactions":352,"profit":6307.5,"revenue_change_pct":98.7,"units_change_pct":114.5,"margin_change_pts":-2.4},{"period":"2025-01","revenue":7484.1748046875,"cost":2432.5,"margin":67.5,"units":278,"transactions":276,"profit":5051.675109863281,"revenue_change_pct":-20.6,"units_change_pct":-21.9,"margin_change_pts":0.6},{"period":"2025-02","revenue":3543.75,"cost":1102.5,"margin":68.9,"units":126,"transactions":124,"profit":2441.25,"revenue_change_pct":-52.7,"units_change_pct":-54.7,"margin_change_pts":1.4},{"period":"2025-03","revenue":1709.375,"cost":647.5,"margin":62.1,"units":74,"transactions":74,"profit":1061.875,"revenue_change_pct":-51.8,"units_change_pct":-41.3,"margin_change_pts":-6.8},{"period":"2025-04","revenue":1562.5250244140625,"cost":682.5,"margin":56.3,"units":78,"transactions":78,"profit":880.0250244140625,"revenue_change_pct":-8.6,"units_change_pct":5.4,"margin_change_pts":-5.8},{"period":"2025-05","revenue":1217.5,"cost":577.5,"margin":52.6,"units":66,"transactions":66,"profit":640.0,"revenue_change_pct":-22.1,"units_change_pct":-15.4,"margin_change_pts":-3.8},{"period":"2025-06","revenue":2010.0,"cost":717.5,"margin":64.3,"units":82,"transactions":82,"profit":1292.5,"revenue_change_pct":65.1,"units_change_pct":24.2,"margin_change_pts":11.7},{"period":"2025-07","revenue":2336.25,"cost":770.0,"margin":67.0,"units":88,"transactions":88,"profit":1566.25,"revenue_change_pct":16.2,"units_change_pct":7.3,"margin_change_pts":2.7},{"period":"2025-08","revenue":2013.75,"cost":717.5,"margin":64.4,"units":82,"transactions":80,"profit":1296.25,"revenue_change_pct":-13.8,"units_change_pct":-6.8,"margin_change_pts":-2.7},{"period":"2025-09","revenue":1095.625,"cost":385.0,"margin":64.9,"units":44,"transactions":44,"profit":710.625,"revenue_change_pct":-45.6,"units_change_pct":-46.3,"margin_change_pts":0.5},{"period":"2025-10","revenue":660.0,"cost":227.5,"margin":65.5,"units":26,"transactions":26,"profit":432.5,"revenue_change_pct":-39.8,"units_change_pct":-40.9,"margin_change_pts":0.7},{"period":"2025-11","revenue":400.0,"cost":140.0,"margin":65.0,"units":16,"transactions":16,"profit":260.0,"revenue_change_pct":-39.4,"units_change_pct":-38.5,"margin_change_pts":-0.5},{"period":"2025-12","revenue":456.25,"cost":140.0,"margin":69.3,"units":16,"transactions":14,"profit":316.25,"revenue_change_pct":14.1,"units_change_pct":0,"margin_change_pts":4.3},{"period":"2026-01","revenue":497.20001220703125,"cost":210.0,"margin":57.8,"units":24,"transactions":22,"profit":287.1999931335449,"revenue_change_pct":9.0,"units_change_pct":50.0,"margin_change_pts":-11.6}],"share_of_category":[{"category":"BATTERY","brand_revenue":39151.8994140625,"category_revenue":1041867.1875,"revenue_share_pct":3.799999952316284,"brand_units":1522,"category_units":41118,"units_share_pct":3.7}],"share_of_category_trend":{"BATTERY":[{"period":"2024-01","brand_revenue":0.0,"category_revenue":78523.75,"share_pct":0.0},{"period":"2024-02","brand_revenue":0.0,"category_revenue":79510.9765625,"share_pct":0.0},{"period":"2024-03","brand_revenue":0.0,"category_revenue":80066.9482421875,"share_pct":0.0},{"period":"2024-04","brand_revenue":0.0,"category_revenue":65688.7744140625,"share_pct":0.0},{"period":"2024-05","brand_revenue":0.0,"category_revenue":61493.57421875,"share_pct":0.0},{"period":"2024-06","brand_revenue":0.0,"category_revenue":67340.751953125,"share_pct":0.0},{"period":"2024-07","brand_revenue":0.0,"category_revenue":70591.1767578125,"share_pct":0.0},{"period":"2024-08","brand_revenue":0.0,"category_revenue":64657.8759765625,"share_pct":0.0},{"period":"2024-09","brand_revenue":0.0,"category_revenue":52538.3740234375,"share_pct":0.0},{"period":"2024-10","brand_revenue":0.0,"category_revenue":49278.92578125,"share_pct":0.0},{"period":"2024-11","brand_revenue":4742.9998779296875,"category_revenue":39889.69970703125,"share_pct":11.899999618530273},{"period":"2024-12","brand_revenue":9422.5,"category_revenue":38273.87451171875,"share_pct":24.600000381469727},{"period":"2025-01","brand_revenue":7484.1748046875,"category_revenue":24301.0498046875,"share_pct":30.799999237060547},{"period":"2025-02","brand_revenue":3543.75,"category_revenue":15730.625,"share_pct":22.5},{"period":"2025-03","brand_revenue":1709.375,"category_revenue":17904.124755859375,"share_pct":9.5},{"period":"2025-04","brand_revenue":1562.5250244140625,"category_revenue":17018.02490234375,"share_pct":9.199999809265137},{"period":"2025-05","brand_revenue":1217.5,"category_revenue":21588.3740234375,"share_pct":5.599999904632568},{"period":"2025-06","brand_revenue":2010.0,"category_revenue":20285.274658203125,"share_pct":9.899999618530273},{"period":"2025-07","brand_revenue":2336.25,"category_revenue":26462.7490234375,"share_pct":8.800000190734863},{"period":"2025-08","brand_revenue":2013.75,"category_revenue":27441.025390625,"share_pct":7.300000190734863},{"period":"2025-09","brand_revenue":1095.625,"category_revenue":24531.35009765625,"share_pct":4.5},{"period":"2025-10","brand_revenue":660.0,"category_revenue":27787.275390625,"share_pct":2.4000000953674316},{"period":"2025-11","brand_revenue":400.0,"category_revenue":23690.8251953125,"share_pct":1.7000000476837158},{"period":"2025-12","brand_revenue":456.25,"category_revenue":24923.798828125,"share_pct":1.7999999523162842},{"period":"2026-01","brand_revenue":497.20001220703125,"category_revenue":22347.9248046875,"share_pct":2.200000047683716}]},"discount_depth":[{"tier":"0% (Full Price)","transactions":896,"pct_of_transactions":59.4,"revenue":27207.5,"avg_discount":0.0},{"tier":"1-10%","transactions":66,"pct_of_transactions":4.4,"revenue":1803.75,"avg_discount":19.600000381469727},{"tier":"11-20%","transactions":34,"pct_of_transactions":2.3,"revenue":845.5000305175781,"avg_discount":39.0},{"tier":"21-30%","transactions":14,"pct_of_transactions":0.9,"revenue":330.0,"avg_discount":49.20000076293945},{"tier":"31%+","transactions":222,"pct_of_transactions":14.7,"revenue":3006.400146484375,"avg_discount":108.5999984741211}],"velocity":{"units_per_day":3.5,"revenue_per_day":90.0,"avg_units_per_txn":2.02,"days_of_data":435,"total_units":1522,"total_transactions":1508},"velocity_by_category":[{"category":"BATTERY","brand_units_per_day":2.0,"category_avg_units_per_day":2.84,"velocity_index":70.3,"brand_rev_per_unit":20.58,"category_rev_per_unit":20.27,"brands_in_category":19}],"deals":[{"deal_name":"Industry - 30% Off","times_used":144,"units":144.0,"revenue":3150.0,"discounts":1350.0,"cost":1260.0,"profit":1890.0,"pre_discount_revenue":4500.0,"margin":60.0,"avg_discount":60.0},{"deal_name":"Industry 30% Off","times_used":50,"units":50.0,"revenue":1058.75,"discounts":453.75,"cost":437.5,"profit":621.25,"pre_discount_revenue":1512.5,"margin":58.7,"avg_discount":60.0},{"deal_name":"Jackpot - Locals 30% Off","times_used":28,"units":28.0,"revenue":577.5,"discounts":247.5,"cost":245.0,"profit":332.5,"pre_discount_revenue":825.0,"margin":57.6,"avg_discount":60.0},{"deal_name":"Veterans - 10% Off","times_used":28,"units":28.0,"revenue":735.9500002861023,"discounts":91.5499997138977,"cost":245.0,"profit":490.9500002861023,"pre_discount_revenue":827.5,"margin":66.7,"avg_discount":22.2},{"deal_name":"Senior - 10% Off","times_used":24,"units":24.0,"revenue":622.5,"discounts":90.0,"cost":210.0,"profit":412.5,"pre_discount_revenue":712.5,"margin":66.3,"avg_discount":25.2},{"deal_name":"Senior / Veterans - 20% Off","times_used":14,"units":14.0,"revenue":340.0,"discounts":85.0,"cost":122.5,"profit":217.5,"pre_discount_revenue":425.0,"margin":64.0,"avg_discount":40.0},{"deal_name":"Employee 30% - NOT FRIDAYS","times_used":2,"units":2.0,"revenue":12.5,"discounts":50.0,"cost":17.5,"profit":-5.0,"pre_discount_revenue":62.5,"margin":-40.0,"avg_discount":160.0}],"top_products":[{"product":"CBS900 BATTERY - DOTECO","units":1522,"revenue":39151.8994140625,"cost":13317.5,"profit":25834.3994140625,"transactions":1508,"margin":66.0}],"products_by_store":{"Elevation Springs":[{"product":"CBS900 BATTERY - DOTECO","units":6,"revenue":168.75,"cost":52.5,"profit":116.25,"transactions":6,"margin":68.9000015258789}],"Elevation Mesa":[{"product":"CBS900 BATTERY - DOTECO","units":524,"revenue":13504.1748046875,"cost":4585.0,"profit":8919.1748046875,"transactions":520,"margin":66.0}],"Elevation Oasis":[{"product":"CBS900 BATTERY - DOTECO","units":838,"revenue":21339.599609375,"cost":7332.5,"profit":14007.099609375,"transactions":830,"margin":65.5999984741211}],"Elevation Parkway":[{"product":"CBS900 BATTERY - DOTECO","units":154,"revenue":4139.375,"cost":1347.5,"profit":2791.875,"transactions":152,"margin":67.4000015258789}]},"store_summary":[{"store_clean":"Elevation Oasis","units":838,"revenue":21339.599609375,"cost":7332.5,"profit":14007.099609375,"discounts":3107.9000854492188,"margin":65.5999984741211,"discount_rate":12.699999809265137},{"store_clean":"Elevation Mesa","units":524,"revenue":13504.1748046875,"cost":4585.0,"profit":8919.1748046875,"discounts":2870.8248901367188,"margin":66.0,"discount_rate":17.5},{"store_clean":"Elevation Parkway","units":154,"revenue":4139.375,"cost":1347.5,"profit":2791.875,"discounts":673.125,"margin":67.4000015258789,"discount_rate":14.0},{"store_clean":"Elevation Springs","units":6,"revenue":168.75,"cost":52.5,"profit":116.25,"discounts":18.75,"margin":68.9000015258789,"discount_rate":10.0}],"recommendations":[{"severity":"info","title":"VOLUME LEVERAGE","detail":"$15,661 revenue provides negotiating leverage.","action":"Use volume as leverage in next vendor meeting."}],"comparison":null}