{"brand":"HIPPIE JELLIES","date_range":"2024-01-01 00:00:00 to 2026-01-31 00:00:00","period_label":"All Time","summary":{"total_units":3234,"total_revenue":63762.001953125,"total_cost":35112.4267578125,"total_discounts":12895.499267578125,"total_profit":28649.5751953125,"overall_margin":44.900001525878906,"fp_margin":53.400001525878906,"disc_margin":38.900001525878906,"pct_full_price":41.79999923706055,"avg_discount_rate":16.799999237060547,"fp_revenue":26645.0,"disc_revenue":37117.001953125,"brand":"HIPPIE JELLIES","date_range":"2024-01-01 00:00:00 to 2026-01-31 00:00:00","primary_category":"EDIBLE","store_coverage":"6/7","stores_present":["Elevation Springs","Elevation Mesa","Elevation Oasis","Elevation Midtown","Elevation Boulevard","Elevation Parkway"],"stores_missing":["Elevation Downtown"],"velocity_rank":25,"velocity_total":32},"distribution":[{"store":"Elevation Springs","carries_brand":true,"sku_count":6,"revenue":15082.35107421875,"units":772,"store_total_revenue":51138750.0,"brand_share_pct":0.0},{"store":"Elevation Mesa","carries_brand":true,"sku_count":6,"revenue":11863.44970703125,"units":612,"store_total_revenue":47532240.0,"brand_share_pct":0.0},{"store":"Elevation Oasis","carries_brand":true,"sku_count":6,"revenue":15168.75,"units":772,"store_total_revenue":56050145.0,"brand_share_pct":0.0},{"store":"Elevation Downtown","carries_brand":false,"sku_count":0,"revenue":0.0,"units":0,"store_total_revenue":1945237.1875,"brand_share_pct":0},{"store":"Elevation Midtown","carries_brand":true,"sku_count":4,"revenue":6189.5001220703125,"units":320,"store_total_revenue":30850185.0,"brand_share_pct":0.0},{"store":"Elevation Boulevard","carries_brand":true,"sku_count":6,"revenue":7327.5,"units":390,"store_total_revenue":28757865.0,"brand_share_pct":0.0},{"store":"Elevation Parkway","carries_brand":true,"sku_count":6,"revenue":8130.4498291015625,"units":368,"store_total_revenue":21987007.5,"brand_share_pct":0.0}],"share_of_category":[{"category":"EDIBLE","brand_revenue":63762.001953125,"category_revenue":29378492.5,"revenue_share_pct":0.20000000298023224,"brand_units":3234,"category_units":1706530,"units_share_pct":0.2}],"share_of_category_trend":{"EDIBLE":[{"period":"2024-01","brand_revenue":1778.9500427246094,"category_revenue":1115754.921875,"share_pct":0.20000000298023224},{"period":"2024-02","brand_revenue":9133.825073242188,"category_revenue":1235210.0,"share_pct":0.699999988079071},{"period":"2024-03","brand_revenue":8501.35009765625,"category_revenue":1273343.671875,"share_pct":0.699999988079071},{"period":"2024-04","brand_revenue":10606.75048828125,"category_revenue":1298159.0625,"share_pct":0.800000011920929},{"period":"2024-05","brand_revenue":12803.575439453125,"category_revenue":1215880.78125,"share_pct":1.100000023841858},{"period":"2024-06","brand_revenue":16707.2998046875,"category_revenue":1181362.421875,"share_pct":1.399999976158142},{"period":"2024-07","brand_revenue":3647.7499389648438,"category_revenue":1128302.8125,"share_pct":0.30000001192092896},{"period":"2024-08","brand_revenue":410.75000762939453,"category_revenue":1167724.921875,"share_pct":0.0},{"period":"2024-09","brand_revenue":171.74999237060547,"category_revenue":1114619.53125,"share_pct":0.0},{"period":"2024-10","brand_revenue":0.0,"category_revenue":1205149.0625,"share_pct":0.0},{"period":"2024-11","brand_revenue":0.0,"category_revenue":1236132.421875,"share_pct":0.0},{"period":"2024-12","brand_revenue":0.0,"category_revenue":1207318.046875,"share_pct":0.0},{"period":"2025-01","brand_revenue":0.0,"category_revenue":1176202.578125,"share_pct":0.0},{"period":"2025-02","brand_revenue":0.0,"category_revenue":1097683.359375,"share_pct":0.0},{"period":"2025-03","brand_revenue":0.0,"category_revenue":1228067.265625,"share_pct":0.0},{"period":"2025-04","brand_revenue":0.0,"category_revenue":1290106.171875,"share_pct":0.0},{"period":"2025-05","brand_revenue":0.0,"category_revenue":1191670.3125,"share_pct":0.0},{"period":"2025-06","brand_revenue":0.0,"category_revenue":1110702.109375,"share_pct":0.0},{"period":"2025-07","brand_revenue":0.0,"category_revenue":1096938.125,"share_pct":0.0},{"period":"2025-08","brand_revenue":0.0,"category_revenue":1145920.859375,"share_pct":0.0},{"period":"2025-09","brand_revenue":0.0,"category_revenue":1070074.53125,"share_pct":0.0},{"period":"2025-10","brand_revenue":0.0,"category_revenue":1168865.78125,"share_pct":0.0},{"period":"2025-11","brand_revenue":0.0,"category_revenue":1192334.453125,"share_pct":0.0},{"period":"2025-12","brand_revenue":0.0,"category_revenue":1138094.375,"share_pct":0.0},{"period":"2026-01","brand_revenue":0.0,"category_revenue":1092874.21875,"share_pct":0.0}]},"velocity_by_category":[{"category":"EDIBLE","brand_units_per_day":4.24,"category_avg_units_per_day":69.98,"velocity_index":6.1,"brand_rev_per_unit":15.77,"category_rev_per_unit":13.77,"brands_in_category":32}],"store_gaps":[{"store":"Elevation Downtown","category":"EDIBLE","category_revenue_at_store":354431.015625,"opportunity":"Brand not carried"}],"product_mix":{"top":[{"product":"1:1 THC/CBD ASSORTED SOUR GUMMIES - HIPPIE JELLIES","units":1416,"revenue":29186.25,"cost":16030.0,"profit":13156.25,"stores":6,"transactions":936,"margin":45.099998474121094},{"product":"ASSORTED SOUR GUMMIES - HIPPIE JELLIES","units":1380,"revenue":25556.4990234375,"cost":14428.67431640625,"profit":11127.82470703125,"stores":6,"transactions":956,"margin":43.5},{"product":"2:1 THC/CBN ASSORTED SOUR GUMMIES - HIPPIE JELLIES","units":438,"revenue":9019.249877929688,"cost":4653.75,"profit":4365.4998779296875,"stores":5,"transactions":286,"margin":48.400001525878906}],"bottom":[],"expansion":[{"product":"2:1 THC/CBN ASSORTED SOUR GUMMIES - HIPPIE JELLIES","current_stores":5,"total_stores":6,"missing_stores":["Elevation Midtown"],"revenue":9019.249877929688}]},"pricing_consistency":[{"product":"2:1 THC/CBN ASSORTED SOUR GUMMIES - HIPPIE JELLIES","min_price":32.711539635291466,"max_price":45.912498474121094,"avg_price":40.69614773900483,"std_dev":2.0685755037950293,"store_count":10,"price_range":13.200958838829632,"range_pct":32.4},{"product":"ASSORTED SOUR GUMMIES - HIPPIE JELLIES","min_price":34.11113164196276,"max_price":42.05709977583452,"avg_price":37.60443597862645,"std_dev":1.1367021520153306,"store_count":12,"price_range":7.945968133871766,"range_pct":21.1},{"product":"1:1 THC/CBD ASSORTED SOUR GUMMIES - HIPPIE JELLIES","min_price":37.779597139906606,"max_price":46.19967008891859,"avg_price":41.26819095689839,"std_dev":1.1317286762128285,"store_count":12,"price_range":8.420072949011978,"range_pct":20.4}],"promotional_effectiveness":{"lift":{"fp_units_per_day":7.54,"disc_units_per_day":12.92,"lift_pct":71.3,"fp_avg_revenue_per_unit":47.75,"disc_avg_revenue_per_unit":35.05},"by_deal":[{"deal_name":"4/20 50% Off!!!!","uses":94,"revenue":3317.5,"discounts":3317.5,"units":298.0,"cost":2955.5249738693237,"margin":10.9,"discount_depth":100.0},{"deal_name":"Hippies Jellies 3 for $50","uses":79,"revenue":10180.149917602539,"discounts":1077.3500019311905,"units":488.0,"cost":5091.52498960495,"margin":50.0,"discount_depth":19.2},{"deal_name":"Industry - 30% Off","uses":77,"revenue":2717.249984741211,"discounts":1182.7499878406525,"units":166.0,"cost":1767.14998960495,"margin":35.0,"discount_depth":60.6},{"deal_name":"Hippies Jellies B2G1","uses":33,"revenue":4406.024856567383,"discounts":2096.474986076355,"units":254.0,"cost":3058.8999938964844,"margin":30.6,"discount_depth":64.4},{"deal_name":"30% Off Special","uses":28,"revenue":1049.9999928474426,"discounts":549.9999916553497,"units":70.0,"cost":706.25,"margin":32.7,"discount_depth":68.8},{"deal_name":"Veterans - 10% Off","uses":27,"revenue":1246.0000085830688,"discounts":193.99999916553497,"units":60.0,"cost":653.149995803833,"margin":47.6,"discount_depth":27.0},{"deal_name":"Senior - 10% Off","uses":25,"revenue":1736.9999957084656,"discounts":192.99999862909317,"units":78.0,"cost":863.0499958992004,"margin":50.3,"discount_depth":20.0},{"deal_name":"Senior / Veterans - 20% Off","uses":5,"revenue":183.99999856948853,"discounts":45.99999964237213,"units":10.0,"cost":112.97499895095825,"margin":38.6,"discount_depth":40.0},{"deal_name":"25% OFF SALE","uses":4,"revenue":196.875,"discounts":65.625,"units":10.0,"cost":125.0,"margin":36.5,"discount_depth":50.0},{"deal_name":"25% Off Special","uses":4,"revenue":135.0,"discounts":45.0,"units":8.0,"cost":90.0,"margin":33.3,"discount_depth":50.0},{"deal_name":"Jackpot - Locals 30% Off","uses":4,"revenue":175.0,"discounts":75.0,"units":10.0,"cost":115.0,"margin":34.3,"discount_depth":60.0},{"deal_name":"Voucher - 35% Off One Item","uses":1,"revenue":27.625000476837158,"discounts":14.874999523162842,"units":2.0,"cost":21.724998950958252,"margin":21.4,"discount_depth":70.0}]},"growth_opportunities":[{"type":"distribution","title":"Expand to Elevation Downtown","detail":"Store has $141,772 in EDIBLE \u2014 categories where HIPPIE JELLIES competes.","priority":"high"},{"type":"sku_expansion","title":"Add '2:1 THC/CBN ASSORTED SOUR GUMMIES - HIPPIE JELLIES' to 1 more store(s)","detail":"Carried in 5 stores. Missing from: Elevation Midtown","priority":"medium"},{"type":"velocity","title":"Improve velocity in EDIBLE","detail":"Velocity index 6 (below category average). 2.1 units/day vs 35.0 avg.","priority":"medium"}],"trend":[{"period":"2024-01","revenue":1778.9500427246094,"cost":998.1999969482422,"margin":43.9,"units":84,"transactions":74,"profit":780.7499694824219,"revenue_change_pct":null,"units_change_pct":null,"margin_change_pts":null},{"period":"2024-02","revenue":9133.825073242188,"cost":5020.0250244140625,"margin":45.0,"units":414,"transactions":262,"profit":4113.800048828125,"revenue_change_pct":413.4,"units_change_pct":392.9,"margin_change_pts":1.2},{"period":"2024-03","revenue":8501.35009765625,"cost":4848.924865722656,"margin":43.0,"units":406,"transactions":212,"profit":3652.4249267578125,"revenue_change_pct":-6.9,"units_change_pct":-1.9,"margin_change_pts":-2.1},{"period":"2024-04","revenue":10606.75048828125,"cost":6736.0498046875,"margin":36.5,"units":642,"transactions":412,"profit":3870.7000732421875,"revenue_change_pct":24.8,"units_change_pct":58.1,"margin_change_pts":-6.5},{"period":"2024-05","revenue":12803.575439453125,"cost":6541.7498779296875,"margin":48.9,"units":614,"transactions":454,"profit":6261.824951171875,"revenue_change_pct":20.7,"units_change_pct":-4.4,"margin_change_pts":12.4},{"period":"2024-06","revenue":16707.2998046875,"cost":8687.474975585938,"margin":48.0,"units":852,"transactions":486,"profit":8019.8248291015625,"revenue_change_pct":30.5,"units_change_pct":38.8,"margin_change_pts":-0.9},{"period":"2024-07","revenue":3647.7499389648438,"cost":1876.25,"margin":48.6,"units":184,"transactions":138,"profit":1771.4999389648438,"revenue_change_pct":-78.2,"units_change_pct":-78.4,"margin_change_pts":0.6},{"period":"2024-08","revenue":410.75000762939453,"cost":276.25,"margin":32.7,"units":26,"transactions":18,"profit":134.49999809265137,"revenue_change_pct":-88.7,"units_change_pct":-85.9,"margin_change_pts":-15.8},{"period":"2024-09","revenue":171.74999237060547,"cost":127.5,"margin":25.8,"units":12,"transactions":8,"profit":44.25000190734863,"revenue_change_pct":-58.2,"units_change_pct":-53.8,"margin_change_pts":-7.0}]}