{"brand":"HIPPIE JELLIES","date_range":"2024-01-01 00:00:00 to 2026-01-31 00:00:00","period_label":"All Time","summary":{"total_units":3234,"total_revenue":63762.001953125,"total_cost":35112.4267578125,"total_discounts":12895.499267578125,"total_profit":28649.5751953125,"overall_margin":44.900001525878906,"fp_margin":53.400001525878906,"disc_margin":38.900001525878906,"pct_full_price":41.79999923706055,"avg_discount_rate":16.799999237060547,"fp_revenue":26645.0,"disc_revenue":37117.001953125,"unique_customers":1824,"brand":"HIPPIE JELLIES","date_range":"2024-01-01 00:00:00 to 2026-01-31 00:00:00","months_count":18,"avg_monthly_cost":3901.375,"cost_per_unit":21.724999999999998,"primary_category":"EDIBLE","primary_cat_margin":50.0,"category_rank":23,"category_total":32,"margin_vs_category":-5.099999904632568,"velocity_rank":25},"category_breakdown":[{"category_clean":"EDIBLE","units":3234,"revenue":63762.001953125,"cost":35112.42431640625,"profit":28649.5751953125,"discounts":12895.50048828125,"margin":44.900001525878906,"category_avg_margin":50.0,"vs_category":-5.1,"rank":23.0,"total_brands":32.0}],"trend":[{"period":"2024-01","revenue":1778.9500427246094,"cost":998.1999969482422,"margin":43.9,"units":84,"transactions":74,"profit":780.7499694824219,"revenue_change_pct":null,"units_change_pct":null,"margin_change_pts":null},{"period":"2024-02","revenue":9133.825073242188,"cost":5020.0250244140625,"margin":45.0,"units":414,"transactions":262,"profit":4113.800048828125,"revenue_change_pct":413.4,"units_change_pct":392.9,"margin_change_pts":1.2},{"period":"2024-03","revenue":8501.35009765625,"cost":4848.924865722656,"margin":43.0,"units":406,"transactions":212,"profit":3652.4249267578125,"revenue_change_pct":-6.9,"units_change_pct":-1.9,"margin_change_pts":-2.1},{"period":"2024-04","revenue":10606.75048828125,"cost":6736.0498046875,"margin":36.5,"units":642,"transactions":412,"profit":3870.7000732421875,"revenue_change_pct":24.8,"units_change_pct":58.1,"margin_change_pts":-6.5},{"period":"2024-05","revenue":12803.575439453125,"cost":6541.7498779296875,"margin":48.9,"units":614,"transactions":454,"profit":6261.824951171875,"revenue_change_pct":20.7,"units_change_pct":-4.4,"margin_change_pts":12.4},{"period":"2024-06","revenue":16707.2998046875,"cost":8687.474975585938,"margin":48.0,"units":852,"transactions":486,"profit":8019.8248291015625,"revenue_change_pct":30.5,"units_change_pct":38.8,"margin_change_pts":-0.9},{"period":"2024-07","revenue":3647.7499389648438,"cost":1876.25,"margin":48.6,"units":184,"transactions":138,"profit":1771.4999389648438,"revenue_change_pct":-78.2,"units_change_pct":-78.4,"margin_change_pts":0.6},{"period":"2024-08","revenue":410.75000762939453,"cost":276.25,"margin":32.7,"units":26,"transactions":18,"profit":134.49999809265137,"revenue_change_pct":-88.7,"units_change_pct":-85.9,"margin_change_pts":-15.8},{"period":"2024-09","revenue":171.74999237060547,"cost":127.5,"margin":25.8,"units":12,"transactions":8,"profit":44.25000190734863,"revenue_change_pct":-58.2,"units_change_pct":-53.8,"margin_change_pts":-7.0}],"share_of_category":[{"category":"EDIBLE","brand_revenue":63762.001953125,"category_revenue":29378492.5,"revenue_share_pct":0.20000000298023224,"brand_units":3234,"category_units":1706530,"units_share_pct":0.2}],"share_of_category_trend":{"EDIBLE":[{"period":"2024-01","brand_revenue":1778.9500427246094,"category_revenue":1115754.921875,"share_pct":0.20000000298023224},{"period":"2024-02","brand_revenue":9133.825073242188,"category_revenue":1235210.0,"share_pct":0.699999988079071},{"period":"2024-03","brand_revenue":8501.35009765625,"category_revenue":1273343.671875,"share_pct":0.699999988079071},{"period":"2024-04","brand_revenue":10606.75048828125,"category_revenue":1298159.0625,"share_pct":0.800000011920929},{"period":"2024-05","brand_revenue":12803.575439453125,"category_revenue":1215880.78125,"share_pct":1.100000023841858},{"period":"2024-06","brand_revenue":16707.2998046875,"category_revenue":1181362.421875,"share_pct":1.399999976158142},{"period":"2024-07","brand_revenue":3647.7499389648438,"category_revenue":1128302.8125,"share_pct":0.30000001192092896},{"period":"2024-08","brand_revenue":410.75000762939453,"category_revenue":1167724.921875,"share_pct":0.0},{"period":"2024-09","brand_revenue":171.74999237060547,"category_revenue":1114619.53125,"share_pct":0.0},{"period":"2024-10","brand_revenue":0.0,"category_revenue":1205149.0625,"share_pct":0.0},{"period":"2024-11","brand_revenue":0.0,"category_revenue":1236132.421875,"share_pct":0.0},{"period":"2024-12","brand_revenue":0.0,"category_revenue":1207318.046875,"share_pct":0.0},{"period":"2025-01","brand_revenue":0.0,"category_revenue":1176202.578125,"share_pct":0.0},{"period":"2025-02","brand_revenue":0.0,"category_revenue":1097683.359375,"share_pct":0.0},{"period":"2025-03","brand_revenue":0.0,"category_revenue":1228067.265625,"share_pct":0.0},{"period":"2025-04","brand_revenue":0.0,"category_revenue":1290106.171875,"share_pct":0.0},{"period":"2025-05","brand_revenue":0.0,"category_revenue":1191670.3125,"share_pct":0.0},{"period":"2025-06","brand_revenue":0.0,"category_revenue":1110702.109375,"share_pct":0.0},{"period":"2025-07","brand_revenue":0.0,"category_revenue":1096938.125,"share_pct":0.0},{"period":"2025-08","brand_revenue":0.0,"category_revenue":1145920.859375,"share_pct":0.0},{"period":"2025-09","brand_revenue":0.0,"category_revenue":1070074.53125,"share_pct":0.0},{"period":"2025-10","brand_revenue":0.0,"category_revenue":1168865.78125,"share_pct":0.0},{"period":"2025-11","brand_revenue":0.0,"category_revenue":1192334.453125,"share_pct":0.0},{"period":"2025-12","brand_revenue":0.0,"category_revenue":1138094.375,"share_pct":0.0},{"period":"2026-01","brand_revenue":0.0,"category_revenue":1092874.21875,"share_pct":0.0}]},"discount_depth":[{"tier":"0% (Full Price)","transactions":898,"pct_of_transactions":41.2,"revenue":26645.0,"avg_discount":0.0},{"tier":"1-10%","transactions":256,"pct_of_transactions":11.8,"revenue":10113.099975585938,"avg_discount":15.0},{"tier":"11-20%","transactions":206,"pct_of_transactions":9.5,"revenue":9096.651000976562,"avg_discount":30.200000762939453},{"tier":"21-30%","transactions":288,"pct_of_transactions":13.2,"revenue":5439.05029296875,"avg_discount":56.20000076293945},{"tier":"31%+","transactions":362,"pct_of_transactions":16.6,"revenue":8835.2001953125,"avg_discount":95.80000305175781}],"velocity":{"units_per_day":12.64,"revenue_per_day":249.07499313354492,"avg_units_per_txn":3.14,"days_of_data":256,"total_units":3234,"total_transactions":2064},"velocity_by_category":[{"category":"EDIBLE","brand_units_per_day":4.24,"category_avg_units_per_day":69.98,"velocity_index":6.1,"brand_rev_per_unit":15.77,"category_rev_per_unit":13.77,"brands_in_category":32}],"deals":[{"deal_name":"4/20 50% Off!!!!","times_used":188,"units":298.0,"revenue":3317.5,"discounts":3317.5,"cost":2955.5249738693237,"profit":361.97499990463257,"pre_discount_revenue":6635.0,"margin":10.9,"avg_discount":100.0},{"deal_name":"Hippies Jellies 3 for $50","times_used":158,"units":488.0,"revenue":10180.149917602539,"discounts":1077.3500019311905,"cost":5091.52498960495,"profit":5088.624910116196,"pre_discount_revenue":11257.5,"margin":50.0,"avg_discount":19.2},{"deal_name":"Industry - 30% Off","times_used":154,"units":166.0,"revenue":2717.249984741211,"discounts":1182.7499878406525,"cost":1767.14998960495,"profit":950.1000098511577,"pre_discount_revenue":3900.0,"margin":35.0,"avg_discount":60.6},{"deal_name":"Hippies Jellies B2G1","times_used":66,"units":254.0,"revenue":4406.024856567383,"discounts":2096.474986076355,"cost":3058.8999938964844,"profit":1347.1249961853027,"pre_discount_revenue":6502.5,"margin":30.6,"avg_discount":64.4},{"deal_name":"30% Off Special","times_used":56,"units":70.0,"revenue":1049.9999928474426,"discounts":549.9999916553497,"cost":706.25,"profit":343.75000417232513,"pre_discount_revenue":1600.0,"margin":32.7,"avg_discount":68.8},{"deal_name":"Veterans - 10% Off","times_used":54,"units":60.0,"revenue":1246.0000085830688,"discounts":193.99999916553497,"cost":653.149995803833,"profit":592.8500092029572,"pre_discount_revenue":1440.0,"margin":47.6,"avg_discount":27.0},{"deal_name":"Senior - 10% Off","times_used":50,"units":78.0,"revenue":1736.9999957084656,"discounts":192.99999862909317,"cost":863.0499958992004,"profit":873.9499986171722,"pre_discount_revenue":1930.0,"margin":50.3,"avg_discount":20.0},{"deal_name":"Senior / Veterans - 20% Off","times_used":10,"units":10.0,"revenue":183.99999856948853,"discounts":45.99999964237213,"cost":112.97499895095825,"profit":71.02499961853027,"pre_discount_revenue":230.0,"margin":38.6,"avg_discount":40.0},{"deal_name":"25% OFF SALE","times_used":8,"units":10.0,"revenue":196.875,"discounts":65.625,"cost":125.0,"profit":71.875,"pre_discount_revenue":262.5,"margin":36.5,"avg_discount":50.0},{"deal_name":"25% Off Special","times_used":8,"units":8.0,"revenue":135.0,"discounts":45.0,"cost":90.0,"profit":45.0,"pre_discount_revenue":180.0,"margin":33.3,"avg_discount":50.0},{"deal_name":"Jackpot - Locals 30% Off","times_used":8,"units":10.0,"revenue":175.0,"discounts":75.0,"cost":115.0,"profit":60.0,"pre_discount_revenue":250.0,"margin":34.3,"avg_discount":60.0},{"deal_name":"Voucher - 35% Off One Item","times_used":2,"units":2.0,"revenue":27.625000476837158,"discounts":14.874999523162842,"cost":21.724998950958252,"profit":5.899999737739563,"pre_discount_revenue":42.5,"margin":21.4,"avg_discount":70.0}],"top_products":[{"product":"1:1 THC/CBD ASSORTED SOUR GUMMIES - HIPPIE JELLIES","units":1416,"revenue":29186.25,"cost":16030.0,"profit":13156.25,"transactions":936,"margin":45.099998474121094},{"product":"ASSORTED SOUR GUMMIES - HIPPIE JELLIES","units":1380,"revenue":25556.4990234375,"cost":14428.67431640625,"profit":11127.82470703125,"transactions":956,"margin":43.5},{"product":"2:1 THC/CBN ASSORTED SOUR GUMMIES - HIPPIE JELLIES","units":438,"revenue":9019.249877929688,"cost":4653.75,"profit":4365.4998779296875,"transactions":286,"margin":48.400001525878906}],"products_by_store":{"Elevation Springs":[{"product":"1:1 THC/CBD ASSORTED SOUR GUMMIES - HIPPIE JELLIES","units":334,"revenue":6836.824951171875,"cost":3750.0,"profit":3086.824951171875,"transactions":256,"margin":45.099998474121094},{"product":"ASSORTED SOUR GUMMIES - HIPPIE JELLIES","units":344,"revenue":6259.024658203125,"cost":3468.2501220703125,"profit":2790.775146484375,"transactions":260,"margin":44.599998474121094},{"product":"2:1 THC/CBN ASSORTED SOUR GUMMIES - HIPPIE JELLIES","units":94,"revenue":1986.4999389648438,"cost":998.75,"profit":987.7500152587891,"transactions":54,"margin":49.70000076293945}],"Elevation Mesa":[{"product":"1:1 THC/CBD ASSORTED SOUR GUMMIES - HIPPIE JELLIES","units":254,"revenue":5252.5250244140625,"cost":2912.5,"profit":2340.0250244140625,"transactions":156,"margin":44.599998474121094},{"product":"ASSORTED SOUR GUMMIES - HIPPIE JELLIES","units":256,"revenue":4634.024963378906,"cost":2498.1500244140625,"profit":2135.8749389648438,"transactions":186,"margin":46.099998474121094},{"product":"2:1 THC/CBN ASSORTED SOUR GUMMIES - HIPPIE JELLIES","units":102,"revenue":1976.9000244140625,"cost":1083.75,"profit":893.1500244140625,"transactions":70,"margin":45.20000076293945}],"Elevation Oasis":[{"product":"1:1 THC/CBD ASSORTED SOUR GUMMIES - HIPPIE JELLIES","units":330,"revenue":6901.4251708984375,"cost":3710.0,"profit":3191.4248657226562,"transactions":156,"margin":46.20000076293945},{"product":"ASSORTED SOUR GUMMIES - HIPPIE JELLIES","units":292,"revenue":4980.224914550781,"cost":3102.5,"profit":1877.7250671386719,"transactions":144,"margin":37.70000076293945},{"product":"2:1 THC/CBN ASSORTED SOUR GUMMIES - HIPPIE JELLIES","units":150,"revenue":3287.0999145507812,"cost":1593.75,"profit":1693.3499145507812,"transactions":94,"margin":51.5}],"Elevation Midtown":[{"product":"1:1 THC/CBD ASSORTED SOUR GUMMIES - HIPPIE JELLIES","units":174,"revenue":3286.824951171875,"cost":1957.5,"profit":1329.324951171875,"transactions":112,"margin":40.400001525878906},{"product":"ASSORTED SOUR GUMMIES - HIPPIE JELLIES","units":146,"revenue":2902.6748657226562,"cost":1585.9249877929688,"profit":1316.7500305175781,"transactions":94,"margin":45.400001525878906}],"Elevation Boulevard":[{"product":"1:1 THC/CBD ASSORTED SOUR GUMMIES - HIPPIE JELLIES","units":172,"revenue":3397.4749755859375,"cost":1880.0,"profit":1517.4749755859375,"transactions":140,"margin":44.70000076293945},{"product":"ASSORTED SOUR GUMMIES - HIPPIE JELLIES","units":166,"revenue":3079.5248413085938,"cost":1642.6249694824219,"profit":1436.9000244140625,"transactions":138,"margin":46.70000076293945},{"product":"2:1 THC/CBN ASSORTED SOUR GUMMIES - HIPPIE JELLIES","units":52,"revenue":850.5000305175781,"cost":552.5,"profit":297.99999237060547,"transactions":38,"margin":35.0}],"Elevation Parkway":[{"product":"ASSORTED SOUR GUMMIES - HIPPIE JELLIES","units":176,"revenue":3701.0250854492188,"cost":2131.2249755859375,"profit":1569.7999572753906,"transactions":134,"margin":42.400001525878906},{"product":"1:1 THC/CBD ASSORTED SOUR GUMMIES - HIPPIE JELLIES","units":152,"revenue":3511.1749267578125,"cost":1820.0,"profit":1691.1749267578125,"transactions":116,"margin":48.20000076293945},{"product":"2:1 THC/CBN ASSORTED SOUR GUMMIES - HIPPIE JELLIES","units":40,"revenue":918.2499694824219,"cost":425.0,"profit":493.25000762939453,"transactions":30,"margin":53.70000076293945}]},"store_summary":[{"store_clean":"Elevation Oasis","units":772,"revenue":15168.75,"cost":8406.25,"profit":6762.5,"discounts":3411.25,"margin":44.599998474121094,"discount_rate":18.399999618530273},{"store_clean":"Elevation Springs","units":772,"revenue":15082.349853515625,"cost":8217.000122070312,"profit":6865.3497314453125,"discounts":3097.6498413085938,"margin":45.5,"discount_rate":17.0},{"store_clean":"Elevation Mesa","units":612,"revenue":11863.44970703125,"cost":6494.4000244140625,"profit":5369.0496826171875,"discounts":2811.5499877929688,"margin":45.29999923706055,"discount_rate":19.200000762939453},{"store_clean":"Elevation Parkway","units":368,"revenue":8130.4498291015625,"cost":4376.2249755859375,"profit":3754.224853515625,"discounts":527.0499801635742,"margin":46.20000076293945,"discount_rate":6.099999904632568},{"store_clean":"Elevation Boulevard","units":390,"revenue":7327.5,"cost":4075.1248168945312,"profit":3252.3748779296875,"discounts":1765.0,"margin":44.400001525878906,"discount_rate":19.399999618530273},{"store_clean":"Elevation Midtown","units":320,"revenue":6189.5001220703125,"cost":3543.4249877929688,"profit":2646.0751342773438,"discounts":1283.0000305175781,"margin":42.79999923706055,"discount_rate":17.200000762939453}],"recommendations":[{"severity":"yellow","title":"CATEGORY BENCHMARK GAP","detail":"Overall margin (44.9%) trails EDIBLE average (50.0%) by 5.1 pts.","action":"Negotiate cost reduction or increase retail price."},{"severity":"info","title":"VOLUME LEVERAGE","detail":"$25,505 revenue provides negotiating leverage.","action":"Use volume as leverage in next vendor meeting."}],"comparison":null}