{"brand":"KANHA","date_range":"2024-01-01 00:00:00 to 2026-01-31 00:00:00","period_label":"All Time","summary":{"total_units":119102,"total_revenue":2395746.875,"total_cost":1228538.75,"total_discounts":776748.125,"total_profit":1167208.125,"overall_margin":48.70000076293945,"fp_margin":60.70000076293945,"disc_margin":38.0,"pct_full_price":47.20000076293945,"avg_discount_rate":24.5,"fp_revenue":1131250.0,"disc_revenue":1264496.875,"brand":"KANHA","date_range":"2024-01-01 00:00:00 to 2026-01-31 00:00:00","primary_category":"EDIBLE","store_coverage":"7/7","stores_present":["Elevation Springs","Elevation Mesa","Elevation Oasis","Elevation Downtown","Elevation Midtown","Elevation Boulevard","Elevation Parkway"],"stores_missing":[],"velocity_rank":3,"velocity_total":32},"distribution":[{"store":"Elevation Springs","carries_brand":true,"sku_count":34,"revenue":528865.9375,"units":26582,"store_total_revenue":51138750.0,"brand_share_pct":1.0},{"store":"Elevation Mesa","carries_brand":true,"sku_count":32,"revenue":401739.609375,"units":20930,"store_total_revenue":47532240.0,"brand_share_pct":0.800000011920929},{"store":"Elevation Oasis","carries_brand":true,"sku_count":30,"revenue":581728.28125,"units":29276,"store_total_revenue":56050145.0,"brand_share_pct":1.0},{"store":"Elevation Downtown","carries_brand":true,"sku_count":20,"revenue":9606.37451171875,"units":442,"store_total_revenue":1945237.1875,"brand_share_pct":0.5},{"store":"Elevation Midtown","carries_brand":true,"sku_count":32,"revenue":345689.296875,"units":17132,"store_total_revenue":30850185.0,"brand_share_pct":1.100000023841858},{"store":"Elevation Boulevard","carries_brand":true,"sku_count":34,"revenue":236808.14453125,"units":12000,"store_total_revenue":28757865.0,"brand_share_pct":0.800000011920929},{"store":"Elevation Parkway","carries_brand":true,"sku_count":34,"revenue":291309.23828125,"units":12740,"store_total_revenue":21987007.5,"brand_share_pct":1.2999999523162842}],"share_of_category":[{"category":"EDIBLE","brand_revenue":2395746.875,"category_revenue":29378492.5,"revenue_share_pct":8.199999809265137,"brand_units":119102,"category_units":1706530,"units_share_pct":7.0}],"share_of_category_trend":{"EDIBLE":[{"period":"2024-01","brand_revenue":105349.873046875,"category_revenue":1115754.921875,"share_pct":9.399999618530273},{"period":"2024-02","brand_revenue":93869.697265625,"category_revenue":1235210.0,"share_pct":7.599999904632568},{"period":"2024-03","brand_revenue":80908.92578125,"category_revenue":1273343.671875,"share_pct":6.400000095367432},{"period":"2024-04","brand_revenue":89155.224609375,"category_revenue":1298159.0625,"share_pct":6.900000095367432},{"period":"2024-05","brand_revenue":77636.1474609375,"category_revenue":1215880.78125,"share_pct":6.400000095367432},{"period":"2024-06","brand_revenue":82333.5546875,"category_revenue":1181362.421875,"share_pct":7.0},{"period":"2024-07","brand_revenue":82259.580078125,"category_revenue":1128302.8125,"share_pct":7.300000190734863},{"period":"2024-08","brand_revenue":76378.525390625,"category_revenue":1167724.921875,"share_pct":6.5},{"period":"2024-09","brand_revenue":79012.7001953125,"category_revenue":1114619.53125,"share_pct":7.099999904632568},{"period":"2024-10","brand_revenue":82568.3984375,"category_revenue":1205149.0625,"share_pct":6.900000095367432},{"period":"2024-11","brand_revenue":96690.80078125,"category_revenue":1236132.421875,"share_pct":7.800000190734863},{"period":"2024-12","brand_revenue":103972.87109375,"category_revenue":1207318.046875,"share_pct":8.600000381469727},{"period":"2025-01","brand_revenue":110887.8515625,"category_revenue":1176202.578125,"share_pct":9.399999618530273},{"period":"2025-02","brand_revenue":126283.876953125,"category_revenue":1097683.359375,"share_pct":11.5},{"period":"2025-03","brand_revenue":96077.421875,"category_revenue":1228067.265625,"share_pct":7.800000190734863},{"period":"2025-04","brand_revenue":133854.970703125,"category_revenue":1290106.171875,"share_pct":10.399999618530273},{"period":"2025-05","brand_revenue":87536.97265625,"category_revenue":1191670.3125,"share_pct":7.300000190734863},{"period":"2025-06","brand_revenue":63228.1005859375,"category_revenue":1110702.109375,"share_pct":5.699999809265137},{"period":"2025-07","brand_revenue":90624.853515625,"category_revenue":1096938.125,"share_pct":8.300000190734863},{"period":"2025-08","brand_revenue":107514.27734375,"category_revenue":1145920.859375,"share_pct":9.399999618530273},{"period":"2025-09","brand_revenue":108746.5234375,"category_revenue":1070074.53125,"share_pct":10.199999809265137},{"period":"2025-10","brand_revenue":108616.62109375,"category_revenue":1168865.78125,"share_pct":9.300000190734863},{"period":"2025-11","brand_revenue":117702.548828125,"category_revenue":1192334.453125,"share_pct":9.899999618530273},{"period":"2025-12","brand_revenue":104715.546875,"category_revenue":1138094.375,"share_pct":9.199999809265137},{"period":"2026-01","brand_revenue":89820.9765625,"category_revenue":1092874.21875,"share_pct":8.199999809265137}]},"velocity_by_category":[{"category":"EDIBLE","brand_units_per_day":156.3,"category_avg_units_per_day":69.98,"velocity_index":223.3,"brand_rev_per_unit":16.09,"category_rev_per_unit":13.77,"brands_in_category":32}],"store_gaps":[],"product_mix":{"top":[{"product":"1:1:1 CBN/CBD/THC TRANQUILITY GUMMIES - KANHA","units":18898,"revenue":390385.78125,"cost":211609.375,"profit":178776.40625,"stores":7,"transactions":10966,"margin":45.79999923706055},{"product":"1:1 CBD/THC PINK LEMONADE GUMMIES - KANHA","units":15664,"revenue":325889.35546875,"cost":166043.3984375,"profit":159845.947265625,"stores":7,"transactions":9920,"margin":49.0},{"product":"CRAN POMEGRANATE SATIVA NANO GUMMIES - KANHA","units":15152,"revenue":287584.08203125,"cost":146672.998046875,"profit":140911.07421875,"stores":7,"transactions":9880,"margin":49.0},{"product":"BLOOD ORANGE BLISS VEGAN INDICA NANO GUMMIES - KANHA","units":14386,"revenue":263066.015625,"cost":152851.25,"profit":110214.775390625,"stores":6,"transactions":8340,"margin":41.900001525878906},{"product":"2:1 CBG/THC ACAI BLUEBERRY GUMMIES - KANHA","units":10820,"revenue":219941.40625,"cost":119987.1484375,"profit":99954.248046875,"stores":7,"transactions":7112,"margin":45.400001525878906},{"product":"CHERRY SATIVA GUMMIES - KANHA","units":12852,"revenue":210282.6953125,"cost":114277.94921875,"profit":96004.74609375,"stores":7,"transactions":7434,"margin":45.70000076293945},{"product":"LUSCIOUS LEMON VEGAN SATIVA NANO GUMMIES - KANHA","units":10078,"revenue":190390.25390625,"cost":106201.34765625,"profit":84188.896484375,"stores":6,"transactions":6604,"margin":44.20000076293945},{"product":"CHERRY LIMEADE SATIVA GUMMY BELT - KANHA","units":3816,"revenue":99867.197265625,"cost":40437.9248046875,"profit":59429.27734375,"stores":7,"transactions":2988,"margin":59.5},{"product":"BLUEBERRY LEMON DROP HYBRID GUMMY BELT - KANHA","units":3552,"revenue":91581.572265625,"cost":38173.69873046875,"profit":53407.8759765625,"stores":7,"transactions":2822,"margin":58.29999923706055},{"product":"SOUR BERRY BLISS VEGAN INDICA NANO GUMMIES - KANHA","units":2752,"revenue":65471.97265625,"cost":24278.89892578125,"profit":41193.076171875,"stores":7,"transactions":2050,"margin":62.900001525878906},{"product":"SOUR ISLAND BREEZE VEGAN SATIVA NANO GUMMIES - KANHA","units":2568,"revenue":61780.8251953125,"cost":22662.60009765625,"profit":39118.22509765625,"stores":7,"transactions":2026,"margin":63.29999923706055},{"product":"SOUR MELON RUSH VEGAN HYBRID NANO GUMMIES - KANHA","units":2380,"revenue":57189.6728515625,"cost":21003.5009765625,"profit":36186.17431640625,"stores":7,"transactions":2008,"margin":63.29999923706055},{"product":"STRAWBERRY LEMONADE INDICA GUMMY BELT - KANHA","units":1642,"revenue":46700.0,"cost":20011.099853515625,"profit":26688.89892578125,"stores":6,"transactions":1262,"margin":57.099998474121094},{"product":"SOUR CHERRY LIMEADE SATIVA BELTS - KANHA","units":2240,"revenue":42363.4521484375,"cost":21763.75,"profit":20599.69970703125,"stores":6,"transactions":1522,"margin":48.599998474121094},{"product":"SOUR STRAWBERRY LEMONADE INDICA BELTS - KANHA","units":2248,"revenue":41574.9267578125,"cost":21798.75,"profit":19776.175537109375,"stores":6,"transactions":1462,"margin":47.599998474121094},{"product":"CHERRY LIMEADE SATIVA GUMMIE BELT - KANHA","units":30,"revenue":941.5000152587891,"cost":435.0,"profit":506.50001525878906,"stores":5,"transactions":22,"margin":53.79999923706055},{"product":"BLUEBERRY LEMON DROP HYBRID GUMMIE BELT - KANHA","units":24,"revenue":736.1500549316406,"cost":330.0,"profit":406.1499786376953,"stores":3,"transactions":14,"margin":55.20000076293945}],"bottom":[],"expansion":[{"product":"BLOOD ORANGE BLISS VEGAN INDICA NANO GUMMIES - KANHA","current_stores":6,"total_stores":7,"missing_stores":["Elevation Downtown"],"revenue":263066.015625},{"product":"LUSCIOUS LEMON VEGAN SATIVA NANO GUMMIES - KANHA","current_stores":6,"total_stores":7,"missing_stores":["Elevation Downtown"],"revenue":190390.25390625},{"product":"STRAWBERRY LEMONADE INDICA GUMMY BELT - KANHA","current_stores":6,"total_stores":7,"missing_stores":["Elevation Downtown"],"revenue":46700.0},{"product":"SOUR CHERRY LIMEADE SATIVA BELTS - KANHA","current_stores":6,"total_stores":7,"missing_stores":["Elevation Downtown"],"revenue":42363.4521484375},{"product":"SOUR STRAWBERRY LEMONADE INDICA BELTS - KANHA","current_stores":6,"total_stores":7,"missing_stores":["Elevation Downtown"],"revenue":41574.9267578125},{"product":"CHERRY LIMEADE SATIVA GUMMIE BELT - KANHA","current_stores":5,"total_stores":7,"missing_stores":["Elevation Oasis","Elevation Downtown"],"revenue":941.5000152587891},{"product":"BLUEBERRY LEMON DROP HYBRID GUMMIE BELT - KANHA","current_stores":3,"total_stores":7,"missing_stores":["Elevation Mesa","Elevation Oasis","Elevation Downtown","Elevation Midtown"],"revenue":736.1500549316406}]},"pricing_consistency":[{"product":"SOUR BERRY BLISS VEGAN INDICA NANO GUMMIES - KANHA","min_price":43.862332305217755,"max_price":70.0,"avg_price":50.17362248808148,"std_dev":3.680587098205463,"store_count":14,"price_range":26.137667694782245,"range_pct":52.1},{"product":"SOUR MELON RUSH VEGAN HYBRID NANO GUMMIES - KANHA","min_price":44.272153934318865,"max_price":62.99999872843425,"avg_price":49.4834392603294,"std_dev":2.7222552995508993,"store_count":14,"price_range":18.727844794115384,"range_pct":37.8},{"product":"CHERRY LIMEADE SATIVA GUMMIE BELT - KANHA","min_price":49.000000953674316,"max_price":70.0,"avg_price":56.57272729006681,"std_dev":4.188800041949632,"store_count":10,"price_range":20.999999046325684,"range_pct":37.1},{"product":"CHERRY LIMEADE SATIVA GUMMY BELT - KANHA","min_price":39.203124046325684,"max_price":55.9240174025632,"avg_price":50.28356215938396,"std_dev":2.2256333972205358,"store_count":14,"price_range":16.720893356237518,"range_pct":33.3},{"product":"SOUR ISLAND BREEZE VEGAN SATIVA NANO GUMMIES - KANHA","min_price":44.055883071001844,"max_price":59.50000127156575,"avg_price":48.88213495483426,"std_dev":2.226856317233702,"store_count":14,"price_range":15.44411820056391,"range_pct":31.6},{"product":"BLUEBERRY LEMON DROP HYBRID GUMMIE BELT - KANHA","min_price":49.000000953674316,"max_price":66.50000095367432,"avg_price":55.738888846503365,"std_dev":3.7671467340219986,"store_count":6,"price_range":17.5,"range_pct":31.4},{"product":"STRAWBERRY LEMONADE INDICA GUMMY BELT - KANHA","min_price":52.12931900573292,"max_price":64.721929831583,"avg_price":56.41544332773634,"std_dev":1.9529461422018812,"store_count":12,"price_range":12.592610825850077,"range_pct":22.3},{"product":"BLUEBERRY LEMON DROP HYBRID GUMMY BELT - KANHA","min_price":48.04660816288474,"max_price":58.56250127156575,"avg_price":52.35767500381296,"std_dev":1.629233684510594,"store_count":14,"price_range":10.515893108681018,"range_pct":20.1},{"product":"CHERRY SATIVA GUMMIES - KANHA","min_price":31.61709833187006,"max_price":38.02173780358356,"avg_price":33.564479757597844,"std_dev":1.0176845648940283,"store_count":14,"price_range":6.404639471713498,"range_pct":19.1},{"product":"2:1 CBG/THC ACAI BLUEBERRY GUMMIES - KANHA","min_price":38.30220252567329,"max_price":45.48365187067474,"avg_price":41.1348477186167,"std_dev":0.858993568234231,"store_count":14,"price_range":7.181449345001454,"range_pct":17.5},{"product":"CRAN POMEGRANATE SATIVA NANO GUMMIES - KANHA","min_price":35.95480552848923,"max_price":42.45404411764706,"avg_price":38.87815280632736,"std_dev":0.9562302941879415,"store_count":14,"price_range":6.499238589157823,"range_pct":16.7},{"product":"LUSCIOUS LEMON VEGAN SATIVA NANO GUMMIES - KANHA","min_price":35.89980149837268,"max_price":42.28161712875939,"avg_price":38.1819813047166,"std_dev":0.9539613055623247,"store_count":12,"price_range":6.381815630386716,"range_pct":16.7},{"product":"SOUR CHERRY LIMEADE SATIVA BELTS - KANHA","min_price":35.73527822381423,"max_price":41.542937715174794,"avg_price":38.192262652160096,"std_dev":0.8423738393127037,"store_count":12,"price_range":5.807659491360564,"range_pct":15.2},{"product":"BLOOD ORANGE BLISS VEGAN INDICA NANO GUMMIES - KANHA","min_price":35.27665949192177,"max_price":40.53911932583513,"avg_price":36.9469072806733,"std_dev":0.7415050621101958,"store_count":12,"price_range":5.262459833913362,"range_pct":14.2},{"product":"1:1:1 CBN/CBD/THC TRANQUILITY GUMMIES - KANHA","min_price":39.57154390062074,"max_price":45.278754554718375,"avg_price":42.10337774583101,"std_dev":0.9444391082070347,"store_count":14,"price_range":5.707210654097641,"range_pct":13.6},{"product":"SOUR STRAWBERRY LEMONADE INDICA BELTS - KANHA","min_price":35.79009707611386,"max_price":40.151213118173544,"avg_price":37.154973508530084,"std_dev":0.7198624105247104,"store_count":12,"price_range":4.361116042059687,"range_pct":11.7},{"product":"1:1 CBD/THC PINK LEMONADE GUMMIES - KANHA","min_price":40.28666144533417,"max_price":45.150001525878906,"avg_price":42.387512983693185,"std_dev":0.7424984759187188,"store_count":14,"price_range":4.863340080544738,"range_pct":11.5}],"promotional_effectiveness":{"lift":{"fp_units_per_day":56.34,"disc_units_per_day":101.1,"lift_pct":79.4,"fp_avg_revenue_per_unit":53.525,"disc_avg_revenue_per_unit":32.9},"by_deal":[{"deal_name":"KANHA BOGO","uses":4289,"revenue":374516.34037435055,"discounts":373518.65891456604,"units":28906.0,"cost":320659.0000104904,"margin":14.4,"discount_depth":99.8},{"deal_name":"Industry - 30% Off","uses":1139,"revenue":58376.22495174408,"discounts":25238.774939775467,"units":3289.0,"cost":35676.25,"margin":38.9,"discount_depth":60.4},{"deal_name":"Industry 30% Off","uses":1010,"revenue":76125.13761709134,"discounts":33315.695461034775,"units":3758.6666666666665,"cost":33204.741387168564,"margin":56.4,"discount_depth":60.8},{"deal_name":"Senior - 10% Off","uses":928,"revenue":95781.66218280792,"discounts":10829.587530493736,"units":4015.0,"cost":40577.312373518944,"margin":57.6,"discount_depth":20.4},{"deal_name":"Kanha 3 for $45","uses":796,"revenue":108446.76250457764,"discounts":51868.23749542236,"units":5799.5,"cost":50491.59307658672,"margin":53.4,"discount_depth":64.8},{"deal_name":"KANHA 3 for $45","uses":764,"revenue":103091.76249980927,"discounts":55495.737500190735,"units":5513.0,"cost":44007.061891555786,"margin":57.3,"discount_depth":70.0},{"deal_name":"Kanha Buy 2 Get 1","uses":455,"revenue":63222.998270988464,"discounts":32801.99966907501,"units":3859.0,"cost":41042.5,"margin":35.1,"discount_depth":68.4},{"deal_name":"50% Off - G2B","uses":399,"revenue":26267.441666523613,"discounts":26619.641665617622,"units":1823.3333333333333,"cost":14639.274817307789,"margin":44.3,"discount_depth":100.6},{"deal_name":"Senior / Veterans - 20% Off","uses":361,"revenue":35432.51254081726,"discounts":8877.487511634827,"units":1696.0,"cost":16930.224952697754,"margin":52.2,"discount_depth":40.0},{"deal_name":"Veterans - 10% Off","uses":299,"revenue":25034.024953842163,"discounts":2894.725000858307,"units":1059.0,"cost":10639.824965596199,"margin":57.5,"discount_depth":20.8},{"deal_name":"4/20 2025 - Edibles","uses":271,"revenue":13829.049999415874,"discounts":14035.949997901917,"units":1086.0,"cost":11981.25,"margin":13.4,"discount_depth":100.8},{"deal_name":"4/20 50% Off!!!!","uses":227,"revenue":13660.0,"discounts":14035.0,"units":1106.0,"cost":11781.25,"margin":13.8,"discount_depth":101.4},{"deal_name":"Kanha Buy 1 Get 1","uses":212,"revenue":20337.750174999237,"discounts":20232.24979877472,"units":1570.0,"cost":17407.750000953674,"margin":14.4,"discount_depth":99.8},{"deal_name":"KANHA Buy 1 Get 1","uses":169,"revenue":14918.350067138672,"discounts":14796.649904251099,"units":1180.0,"cost":12672.5,"margin":15.1,"discount_depth":99.6},{"deal_name":"Jackpot - Locals 30% Off","uses":151,"revenue":10851.937518119812,"discounts":4698.06245803833,"units":570.0,"cost":5634.924980401993,"margin":48.1,"discount_depth":60.4},{"deal_name":"Kanha - 3 for $45","uses":148,"revenue":19801.687499284744,"discounts":10565.812500715256,"units":1057.0,"cost":8412.537373304367,"margin":57.5,"discount_depth":69.6},{"deal_name":"GW - 50% Off Edibles","uses":114,"revenue":5770.0,"discounts":5770.0,"units":444.0,"cost":4936.25,"margin":14.4,"discount_depth":100.0},{"deal_name":"30% Off Special","uses":88,"revenue":4692.062442302704,"discounts":2037.9374873638153,"units":231.0,"cost":2149.8499751091003,"margin":54.2,"discount_depth":60.6},{"deal_name":"Employee 30% - NOT FRIDAYS","uses":46,"revenue":2010.725016593933,"discounts":861.7749834060669,"units":96.0,"cost":1039.4499957561493,"margin":48.3,"discount_depth":60.0},{"deal_name":"LVAC - 25% Off","uses":38,"revenue":1878.75,"discounts":626.25,"units":88.0,"cost":813.6999952793121,"margin":56.7,"discount_depth":50.0}]},"growth_opportunities":[{"type":"sku_expansion","title":"Add 'BLOOD ORANGE BLISS VEGAN INDICA NANO GUMMIES - KANHA' to 1 more store(s)","detail":"Carried in 6 stores. Missing from: Elevation Downtown","priority":"medium"},{"type":"sku_expansion","title":"Add 'BLUEBERRY LEMON DROP HYBRID GUMMIE BELT - KANHA' to 4 more store(s)","detail":"Carried in 3 stores. Missing from: Elevation Mesa, Elevation Oasis, Elevation Downtown, Elevation Midtown","priority":"medium"},{"type":"sku_expansion","title":"Add 'CHERRY LIMEADE SATIVA GUMMIE BELT - KANHA' to 2 more store(s)","detail":"Carried in 5 stores. Missing from: Elevation Oasis, Elevation Downtown","priority":"medium"},{"type":"sku_expansion","title":"Add 'LUSCIOUS LEMON VEGAN SATIVA NANO GUMMIES - KANHA' to 1 more store(s)","detail":"Carried in 6 stores. Missing from: Elevation Downtown","priority":"medium"},{"type":"sku_expansion","title":"Add 'SOUR CHERRY LIMEADE SATIVA BELTS - KANHA' to 1 more store(s)","detail":"Carried in 6 stores. Missing from: Elevation Downtown","priority":"medium"}],"trend":[{"period":"2024-01","revenue":105349.873046875,"cost":51918.75,"margin":50.7,"units":4888,"transactions":2472,"profit":53431.123046875,"revenue_change_pct":null,"units_change_pct":null,"margin_change_pts":null},{"period":"2024-02","revenue":93869.697265625,"cost":46362.5,"margin":50.6,"units":4358,"transactions":2102,"profit":47507.2021484375,"revenue_change_pct":-10.9,"units_change_pct":-10.8,"margin_change_pts":-0.1},{"period":"2024-03","revenue":80908.92578125,"cost":40133.125,"margin":50.4,"units":3754,"transactions":1954,"profit":40775.80078125,"revenue_change_pct":-13.8,"units_change_pct":-13.9,"margin_change_pts":-0.2},{"period":"2024-04","revenue":89155.224609375,"cost":49198.125,"margin":44.8,"units":4630,"transactions":2308,"profit":39957.099609375,"revenue_change_pct":10.2,"units_change_pct":23.3,"margin_change_pts":-5.6},{"period":"2024-05","revenue":77636.1474609375,"cost":37986.25,"margin":51.1,"units":3550,"transactions":1852,"profit":39649.89990234375,"revenue_change_pct":-12.9,"units_change_pct":-23.3,"margin_change_pts":6.3},{"period":"2024-06","revenue":82333.5546875,"cost":49753.75,"margin":39.6,"units":4580,"transactions":2348,"profit":32579.7998046875,"revenue_change_pct":6.1,"units_change_pct":29.0,"margin_change_pts":-11.5},{"period":"2024-07","revenue":82259.580078125,"cost":47461.875,"margin":42.3,"units":4308,"transactions":2270,"profit":34797.7001953125,"revenue_change_pct":-0.1,"units_change_pct":-5.9,"margin_change_pts":2.7},{"period":"2024-08","revenue":76378.525390625,"cost":45787.5,"margin":40.1,"units":4122,"transactions":2070,"profit":30591.025390625,"revenue_change_pct":-7.1,"units_change_pct":-4.3,"margin_change_pts":-2.3},{"period":"2024-09","revenue":79012.7001953125,"cost":46485.625,"margin":41.2,"units":4214,"transactions":2150,"profit":32527.0751953125,"revenue_change_pct":3.4,"units_change_pct":2.2,"margin_change_pts":1.1},{"period":"2024-10","revenue":82568.3984375,"cost":50426.875,"margin":38.9,"units":4516,"transactions":2220,"profit":32141.52587890625,"revenue_change_pct":4.5,"units_change_pct":7.2,"margin_change_pts":-2.2},{"period":"2024-11","revenue":96690.80078125,"cost":58641.25,"margin":39.4,"units":5310,"transactions":2678,"profit":38049.55078125,"revenue_change_pct":17.1,"units_change_pct":17.6,"margin_change_pts":0.4},{"period":"2024-12","revenue":103972.87109375,"cost":61922.5,"margin":40.4,"units":5576,"transactions":2870,"profit":42050.3759765625,"revenue_change_pct":7.5,"units_change_pct":5.0,"margin_change_pts":1.1},{"period":"2025-01","revenue":110887.8515625,"cost":67925.0,"margin":38.7,"units":6102,"transactions":2964,"profit":42962.8515625,"revenue_change_pct":6.7,"units_change_pct":9.4,"margin_change_pts":-1.7},{"period":"2025-02","revenue":126283.876953125,"cost":78967.7490234375,"margin":37.5,"units":7108,"transactions":3444,"profit":47316.123046875,"revenue_change_pct":13.9,"units_change_pct":16.5,"margin_change_pts":-1.3},{"period":"2025-03","revenue":96077.421875,"cost":58408.125,"margin":39.2,"units":5210,"transactions":2554,"profit":37669.29931640625,"revenue_change_pct":-23.9,"units_change_pct":-26.7,"margin_change_pts":1.7},{"period":"2025-04","revenue":133854.970703125,"cost":83210.0,"margin":37.8,"units":7268,"transactions":3610,"profit":50644.9755859375,"revenue_change_pct":39.3,"units_change_pct":39.5,"margin_change_pts":-1.4},{"period":"2025-05","revenue":87536.97265625,"cost":51863.75,"margin":40.8,"units":4450,"transactions":2300,"profit":35673.22509765625,"revenue_change_pct":-34.6,"units_change_pct":-38.8,"margin_change_pts":2.9},{"period":"2025-06","revenue":63228.1005859375,"cost":30418.75,"margin":51.9,"units":2542,"transactions":1532,"profit":32809.3505859375,"revenue_change_pct":-27.8,"units_change_pct":-42.9,"margin_change_pts":11.1},{"period":"2025-07","revenue":90624.853515625,"cost":45488.1005859375,"margin":49.8,"units":4018,"transactions":1880,"profit":45136.748046875,"revenue_change_pct":43.3,"units_change_pct":58.1,"margin_change_pts":-2.1},{"period":"2025-08","revenue":107514.27734375,"cost":36351.6748046875,"margin":66.2,"units":4690,"transactions":2204,"profit":71162.6025390625,"revenue_change_pct":18.6,"units_change_pct":16.7,"margin_change_pts":16.4},{"period":"2025-09","revenue":108746.5234375,"cost":35530.6982421875,"margin":67.3,"units":4600,"transactions":2176,"profit":73215.8251953125,"revenue_change_pct":1.1,"units_change_pct":-1.9,"margin_change_pts":1.1},{"period":"2025-10","revenue":108616.62109375,"cost":38708.49853515625,"margin":64.4,"units":4856,"transactions":2338,"profit":69908.125,"revenue_change_pct":-0.1,"units_change_pct":5.6,"margin_change_pts":-3.0},{"period":"2025-11","revenue":117702.548828125,"cost":47518.75,"margin":59.6,"units":6018,"transactions":2594,"profit":70183.798828125,"revenue_change_pct":8.4,"units_change_pct":23.9,"margin_change_pts":-4.7},{"period":"2025-12","revenue":104715.546875,"cost":36411.59912109375,"margin":65.2,"units":4544,"transactions":2174,"profit":68303.9501953125,"revenue_change_pct":-11.0,"units_change_pct":-24.5,"margin_change_pts":5.6},{"period":"2026-01","revenue":89820.9765625,"cost":31657.87353515625,"margin":64.8,"units":3890,"transactions":1980,"profit":58163.1005859375,"revenue_change_pct":-14.2,"units_change_pct":-14.4,"margin_change_pts":-0.5}]}