{"brand":"KANHA","date_range":"2024-01-01 00:00:00 to 2026-01-31 00:00:00","period_label":"All Time","summary":{"total_units":119102,"total_revenue":2395746.875,"total_cost":1228538.75,"total_discounts":776748.125,"total_profit":1167208.125,"overall_margin":48.70000076293945,"fp_margin":60.70000076293945,"disc_margin":38.0,"pct_full_price":47.20000076293945,"avg_discount_rate":24.5,"fp_revenue":1131250.0,"disc_revenue":1264496.875,"unique_customers":38404,"brand":"KANHA","date_range":"2024-01-01 00:00:00 to 2026-01-31 00:00:00","months_count":50,"avg_monthly_cost":49141.549999999996,"cost_per_unit":20.625,"primary_category":"EDIBLE","primary_cat_margin":50.0,"category_rank":3,"category_total":32,"margin_vs_category":-1.2999999523162842,"velocity_rank":3},"category_breakdown":[{"category_clean":"EDIBLE","units":119102,"revenue":2395746.875,"cost":1228538.671875,"profit":1167208.125,"discounts":776748.125,"margin":48.70000076293945,"category_avg_margin":50.0,"vs_category":-1.3,"rank":3.0,"total_brands":32.0}],"trend":[{"period":"2024-01","revenue":105349.873046875,"cost":51918.75,"margin":50.7,"units":4888,"transactions":2472,"profit":53431.123046875,"revenue_change_pct":null,"units_change_pct":null,"margin_change_pts":null},{"period":"2024-02","revenue":93869.697265625,"cost":46362.5,"margin":50.6,"units":4358,"transactions":2102,"profit":47507.2021484375,"revenue_change_pct":-10.9,"units_change_pct":-10.8,"margin_change_pts":-0.1},{"period":"2024-03","revenue":80908.92578125,"cost":40133.125,"margin":50.4,"units":3754,"transactions":1954,"profit":40775.80078125,"revenue_change_pct":-13.8,"units_change_pct":-13.9,"margin_change_pts":-0.2},{"period":"2024-04","revenue":89155.224609375,"cost":49198.125,"margin":44.8,"units":4630,"transactions":2308,"profit":39957.099609375,"revenue_change_pct":10.2,"units_change_pct":23.3,"margin_change_pts":-5.6},{"period":"2024-05","revenue":77636.1474609375,"cost":37986.25,"margin":51.1,"units":3550,"transactions":1852,"profit":39649.89990234375,"revenue_change_pct":-12.9,"units_change_pct":-23.3,"margin_change_pts":6.3},{"period":"2024-06","revenue":82333.5546875,"cost":49753.75,"margin":39.6,"units":4580,"transactions":2348,"profit":32579.7998046875,"revenue_change_pct":6.1,"units_change_pct":29.0,"margin_change_pts":-11.5},{"period":"2024-07","revenue":82259.580078125,"cost":47461.875,"margin":42.3,"units":4308,"transactions":2270,"profit":34797.7001953125,"revenue_change_pct":-0.1,"units_change_pct":-5.9,"margin_change_pts":2.7},{"period":"2024-08","revenue":76378.525390625,"cost":45787.5,"margin":40.1,"units":4122,"transactions":2070,"profit":30591.025390625,"revenue_change_pct":-7.1,"units_change_pct":-4.3,"margin_change_pts":-2.3},{"period":"2024-09","revenue":79012.7001953125,"cost":46485.625,"margin":41.2,"units":4214,"transactions":2150,"profit":32527.0751953125,"revenue_change_pct":3.4,"units_change_pct":2.2,"margin_change_pts":1.1},{"period":"2024-10","revenue":82568.3984375,"cost":50426.875,"margin":38.9,"units":4516,"transactions":2220,"profit":32141.52587890625,"revenue_change_pct":4.5,"units_change_pct":7.2,"margin_change_pts":-2.2},{"period":"2024-11","revenue":96690.80078125,"cost":58641.25,"margin":39.4,"units":5310,"transactions":2678,"profit":38049.55078125,"revenue_change_pct":17.1,"units_change_pct":17.6,"margin_change_pts":0.4},{"period":"2024-12","revenue":103972.87109375,"cost":61922.5,"margin":40.4,"units":5576,"transactions":2870,"profit":42050.3759765625,"revenue_change_pct":7.5,"units_change_pct":5.0,"margin_change_pts":1.1},{"period":"2025-01","revenue":110887.8515625,"cost":67925.0,"margin":38.7,"units":6102,"transactions":2964,"profit":42962.8515625,"revenue_change_pct":6.7,"units_change_pct":9.4,"margin_change_pts":-1.7},{"period":"2025-02","revenue":126283.876953125,"cost":78967.7490234375,"margin":37.5,"units":7108,"transactions":3444,"profit":47316.123046875,"revenue_change_pct":13.9,"units_change_pct":16.5,"margin_change_pts":-1.3},{"period":"2025-03","revenue":96077.421875,"cost":58408.125,"margin":39.2,"units":5210,"transactions":2554,"profit":37669.29931640625,"revenue_change_pct":-23.9,"units_change_pct":-26.7,"margin_change_pts":1.7},{"period":"2025-04","revenue":133854.970703125,"cost":83210.0,"margin":37.8,"units":7268,"transactions":3610,"profit":50644.9755859375,"revenue_change_pct":39.3,"units_change_pct":39.5,"margin_change_pts":-1.4},{"period":"2025-05","revenue":87536.97265625,"cost":51863.75,"margin":40.8,"units":4450,"transactions":2300,"profit":35673.22509765625,"revenue_change_pct":-34.6,"units_change_pct":-38.8,"margin_change_pts":2.9},{"period":"2025-06","revenue":63228.1005859375,"cost":30418.75,"margin":51.9,"units":2542,"transactions":1532,"profit":32809.3505859375,"revenue_change_pct":-27.8,"units_change_pct":-42.9,"margin_change_pts":11.1},{"period":"2025-07","revenue":90624.853515625,"cost":45488.1005859375,"margin":49.8,"units":4018,"transactions":1880,"profit":45136.748046875,"revenue_change_pct":43.3,"units_change_pct":58.1,"margin_change_pts":-2.1},{"period":"2025-08","revenue":107514.27734375,"cost":36351.6748046875,"margin":66.2,"units":4690,"transactions":2204,"profit":71162.6025390625,"revenue_change_pct":18.6,"units_change_pct":16.7,"margin_change_pts":16.4},{"period":"2025-09","revenue":108746.5234375,"cost":35530.6982421875,"margin":67.3,"units":4600,"transactions":2176,"profit":73215.8251953125,"revenue_change_pct":1.1,"units_change_pct":-1.9,"margin_change_pts":1.1},{"period":"2025-10","revenue":108616.62109375,"cost":38708.49853515625,"margin":64.4,"units":4856,"transactions":2338,"profit":69908.125,"revenue_change_pct":-0.1,"units_change_pct":5.6,"margin_change_pts":-3.0},{"period":"2025-11","revenue":117702.548828125,"cost":47518.75,"margin":59.6,"units":6018,"transactions":2594,"profit":70183.798828125,"revenue_change_pct":8.4,"units_change_pct":23.9,"margin_change_pts":-4.7},{"period":"2025-12","revenue":104715.546875,"cost":36411.59912109375,"margin":65.2,"units":4544,"transactions":2174,"profit":68303.9501953125,"revenue_change_pct":-11.0,"units_change_pct":-24.5,"margin_change_pts":5.6},{"period":"2026-01","revenue":89820.9765625,"cost":31657.87353515625,"margin":64.8,"units":3890,"transactions":1980,"profit":58163.1005859375,"revenue_change_pct":-14.2,"units_change_pct":-14.4,"margin_change_pts":-0.5}],"share_of_category":[{"category":"EDIBLE","brand_revenue":2395746.875,"category_revenue":29378492.5,"revenue_share_pct":8.199999809265137,"brand_units":119102,"category_units":1706530,"units_share_pct":7.0}],"share_of_category_trend":{"EDIBLE":[{"period":"2024-01","brand_revenue":105349.873046875,"category_revenue":1115754.921875,"share_pct":9.399999618530273},{"period":"2024-02","brand_revenue":93869.697265625,"category_revenue":1235210.0,"share_pct":7.599999904632568},{"period":"2024-03","brand_revenue":80908.92578125,"category_revenue":1273343.671875,"share_pct":6.400000095367432},{"period":"2024-04","brand_revenue":89155.224609375,"category_revenue":1298159.0625,"share_pct":6.900000095367432},{"period":"2024-05","brand_revenue":77636.1474609375,"category_revenue":1215880.78125,"share_pct":6.400000095367432},{"period":"2024-06","brand_revenue":82333.5546875,"category_revenue":1181362.421875,"share_pct":7.0},{"period":"2024-07","brand_revenue":82259.580078125,"category_revenue":1128302.8125,"share_pct":7.300000190734863},{"period":"2024-08","brand_revenue":76378.525390625,"category_revenue":1167724.921875,"share_pct":6.5},{"period":"2024-09","brand_revenue":79012.7001953125,"category_revenue":1114619.53125,"share_pct":7.099999904632568},{"period":"2024-10","brand_revenue":82568.3984375,"category_revenue":1205149.0625,"share_pct":6.900000095367432},{"period":"2024-11","brand_revenue":96690.80078125,"category_revenue":1236132.421875,"share_pct":7.800000190734863},{"period":"2024-12","brand_revenue":103972.87109375,"category_revenue":1207318.046875,"share_pct":8.600000381469727},{"period":"2025-01","brand_revenue":110887.8515625,"category_revenue":1176202.578125,"share_pct":9.399999618530273},{"period":"2025-02","brand_revenue":126283.876953125,"category_revenue":1097683.359375,"share_pct":11.5},{"period":"2025-03","brand_revenue":96077.421875,"category_revenue":1228067.265625,"share_pct":7.800000190734863},{"period":"2025-04","brand_revenue":133854.970703125,"category_revenue":1290106.171875,"share_pct":10.399999618530273},{"period":"2025-05","brand_revenue":87536.97265625,"category_revenue":1191670.3125,"share_pct":7.300000190734863},{"period":"2025-06","brand_revenue":63228.1005859375,"category_revenue":1110702.109375,"share_pct":5.699999809265137},{"period":"2025-07","brand_revenue":90624.853515625,"category_revenue":1096938.125,"share_pct":8.300000190734863},{"period":"2025-08","brand_revenue":107514.27734375,"category_revenue":1145920.859375,"share_pct":9.399999618530273},{"period":"2025-09","brand_revenue":108746.5234375,"category_revenue":1070074.53125,"share_pct":10.199999809265137},{"period":"2025-10","brand_revenue":108616.62109375,"category_revenue":1168865.78125,"share_pct":9.300000190734863},{"period":"2025-11","brand_revenue":117702.548828125,"category_revenue":1192334.453125,"share_pct":9.899999618530273},{"period":"2025-12","brand_revenue":104715.546875,"category_revenue":1138094.375,"share_pct":9.199999809265137},{"period":"2026-01","brand_revenue":89820.9765625,"category_revenue":1092874.21875,"share_pct":8.199999809265137}]},"discount_depth":[{"tier":"0% (Full Price)","transactions":36206,"pct_of_transactions":47.4,"revenue":1131250.0,"avg_discount":0.0},{"tier":"1-10%","transactions":4638,"pct_of_transactions":6.1,"revenue":181599.1015625,"avg_discount":20.0},{"tier":"11-20%","transactions":2514,"pct_of_transactions":3.3,"revenue":88250.029296875,"avg_discount":37.599998474121094},{"tier":"21-30%","transactions":5076,"pct_of_transactions":6.6,"revenue":142280.46875,"avg_discount":56.400001525878906},{"tier":"31%+","transactions":23004,"pct_of_transactions":30.1,"revenue":730051.015625,"avg_discount":91.5999984741211}],"velocity":{"units_per_day":156.3,"revenue_per_day":3144.0249633789062,"avg_units_per_txn":4.04,"days_of_data":762,"total_units":119102,"total_transactions":59044},"velocity_by_category":[{"category":"EDIBLE","brand_units_per_day":156.3,"category_avg_units_per_day":69.98,"velocity_index":223.3,"brand_rev_per_unit":16.09,"category_rev_per_unit":13.77,"brands_in_category":32}],"deals":[{"deal_name":"KANHA BOGO","times_used":8578,"units":28906.0,"revenue":374516.34037435055,"discounts":373518.65891456604,"cost":320659.0000104904,"profit":53857.33801078051,"pre_discount_revenue":748035.0,"margin":14.4,"avg_discount":99.8},{"deal_name":"Industry - 30% Off","times_used":2278,"units":3289.0,"revenue":58376.22495174408,"discounts":25238.774939775467,"cost":35676.25,"profit":22699.97505262494,"pre_discount_revenue":83615.0,"margin":38.9,"avg_discount":60.4},{"deal_name":"Industry 30% Off","times_used":2020,"units":3758.6666666666665,"revenue":76125.13761709134,"discounts":33315.695461034775,"cost":33204.741387168564,"profit":42920.395177795246,"pre_discount_revenue":109440.83333333334,"margin":56.4,"avg_discount":60.8},{"deal_name":"Senior - 10% Off","times_used":1856,"units":4015.0,"revenue":95781.66218280792,"discounts":10829.587530493736,"cost":40577.312373518944,"profit":55204.34999153018,"pre_discount_revenue":106611.25,"margin":57.6,"avg_discount":20.4},{"deal_name":"Kanha 3 for $45","times_used":1592,"units":5799.5,"revenue":108446.76250457764,"discounts":51868.23749542236,"cost":50491.59307658672,"profit":57955.16905564815,"pre_discount_revenue":160315.0,"margin":53.4,"avg_discount":64.8},{"deal_name":"KANHA 3 for $45","times_used":1528,"units":5513.0,"revenue":103091.76249980927,"discounts":55495.737500190735,"cost":44007.061891555786,"profit":59084.700253903866,"pre_discount_revenue":158587.5,"margin":57.3,"avg_discount":70.0},{"deal_name":"Kanha Buy 2 Get 1","times_used":910,"units":3859.0,"revenue":63222.998270988464,"discounts":32801.99966907501,"cost":41042.5,"profit":22180.500195622444,"pre_discount_revenue":96025.0,"margin":35.1,"avg_discount":68.4},{"deal_name":"50% Off - G2B","times_used":798,"units":1823.3333333333333,"revenue":26267.441666523613,"discounts":26619.641665617622,"cost":14639.274817307789,"profit":11628.166809529066,"pre_discount_revenue":52887.08333333333,"margin":44.3,"avg_discount":100.6},{"deal_name":"Senior / Veterans - 20% Off","times_used":722,"units":1696.0,"revenue":35432.51254081726,"discounts":8877.487511634827,"cost":16930.224952697754,"profit":18502.287484407425,"pre_discount_revenue":44310.0,"margin":52.2,"avg_discount":40.0},{"deal_name":"Veterans - 10% Off","times_used":598,"units":1059.0,"revenue":25034.024953842163,"discounts":2894.725000858307,"cost":10639.824965596199,"profit":14394.199969768524,"pre_discount_revenue":27928.75,"margin":57.5,"avg_discount":20.8},{"deal_name":"4/20 2025 - Edibles","times_used":542,"units":1086.0,"revenue":13829.049999415874,"discounts":14035.949997901917,"cost":11981.25,"profit":1847.7999997138977,"pre_discount_revenue":27865.0,"margin":13.4,"avg_discount":100.8},{"deal_name":"4/20 50% Off!!!!","times_used":454,"units":1106.0,"revenue":13660.0,"discounts":14035.0,"cost":11781.25,"profit":1878.75,"pre_discount_revenue":27695.0,"margin":13.8,"avg_discount":101.4},{"deal_name":"Kanha Buy 1 Get 1","times_used":424,"units":1570.0,"revenue":20337.750174999237,"discounts":20232.24979877472,"cost":17407.750000953674,"profit":2930.0000232458115,"pre_discount_revenue":40570.0,"margin":14.4,"avg_discount":99.8},{"deal_name":"KANHA Buy 1 Get 1","times_used":338,"units":1180.0,"revenue":14918.350067138672,"discounts":14796.649904251099,"cost":12672.5,"profit":2245.850029438734,"pre_discount_revenue":29715.0,"margin":15.1,"avg_discount":99.6},{"deal_name":"Jackpot - Locals 30% Off","times_used":302,"units":570.0,"revenue":10851.937518119812,"discounts":4698.06245803833,"cost":5634.924980401993,"profit":5217.012462615967,"pre_discount_revenue":15550.0,"margin":48.1,"avg_discount":60.4},{"deal_name":"Kanha - 3 for $45","times_used":296,"units":1057.0,"revenue":19801.687499284744,"discounts":10565.812500715256,"cost":8412.537373304367,"profit":11389.150045514107,"pre_discount_revenue":30367.5,"margin":57.5,"avg_discount":69.6},{"deal_name":"GW - 50% Off Edibles","times_used":228,"units":444.0,"revenue":5770.0,"discounts":5770.0,"cost":4936.25,"profit":833.75,"pre_discount_revenue":11540.0,"margin":14.4,"avg_discount":100.0},{"deal_name":"30% Off Special","times_used":176,"units":231.0,"revenue":4692.062442302704,"discounts":2037.9374873638153,"cost":2149.8499751091003,"profit":2542.212448120117,"pre_discount_revenue":6730.0,"margin":54.2,"avg_discount":60.6},{"deal_name":"Employee 30% - NOT FRIDAYS","times_used":92,"units":96.0,"revenue":2010.725016593933,"discounts":861.7749834060669,"cost":1039.4499957561493,"profit":971.2749874591827,"pre_discount_revenue":2872.5,"margin":48.3,"avg_discount":60.0},{"deal_name":"LVAC - 25% Off","times_used":76,"units":88.0,"revenue":1878.75,"discounts":626.25,"cost":813.6999952793121,"profit":1065.0499844551086,"pre_discount_revenue":2505.0,"margin":56.7,"avg_discount":50.0},{"deal_name":"Employee - 40% OFF","times_used":66,"units":88.0,"revenue":1618.4999585151672,"discounts":1078.9999914169312,"cost":1007.9999959468842,"profit":610.5000084638596,"pre_discount_revenue":2697.5,"margin":37.7,"avg_discount":80.0},{"deal_name":"Store Credit - $15","times_used":46,"units":83.16666666666667,"revenue":1752.4124966065087,"discounts":656.3375000158946,"cost":669.5062460501988,"profit":1082.9062704741955,"pre_discount_revenue":2408.75,"margin":61.8,"avg_discount":54.4},{"deal_name":"Store Credit - $25","times_used":42,"units":66.83333333333333,"revenue":1419.133329987526,"discounts":641.2833333015442,"cost":555.718742609024,"profit":863.4145920351148,"pre_discount_revenue":2060.4166666666665,"margin":60.8,"avg_discount":62.2},{"deal_name":"35% Off Special","times_used":30,"units":32.0,"revenue":620.750002861023,"discounts":334.24999713897705,"cost":266.349995136261,"profit":354.399995803833,"pre_discount_revenue":955.0,"margin":57.1,"avg_discount":70.0},{"deal_name":"Store Credit - $50","times_used":18,"units":32.166666666666664,"revenue":407.0083325107893,"discounts":495.0750005245209,"cost":243.80207916100818,"profit":163.20625125740963,"pre_discount_revenue":902.0833333333333,"margin":40.1,"avg_discount":109.8},{"deal_name":"25-30% Off","times_used":16,"units":24.0,"revenue":495.0,"discounts":165.0,"cost":270.0,"profit":225.0,"pre_discount_revenue":660.0,"margin":45.5,"avg_discount":50.0},{"deal_name":"Medical - 10%","times_used":12,"units":28.0,"revenue":665.9999847412109,"discounts":74.00000095367432,"cost":235.27499437332153,"profit":430.72500705718994,"pre_discount_revenue":740.0,"margin":64.7,"avg_discount":20.0},{"deal_name":"Kanha Pink Lem - 2 for $25","times_used":12,"units":24.0,"revenue":375.0,"discounts":245.0,"cost":270.0,"profit":105.0,"pre_discount_revenue":620.0,"margin":28.0,"avg_discount":79.0},{"deal_name":"Sammy Davis Early Bird - 15% Off","times_used":8,"units":10.0,"revenue":255.0,"discounts":45.0,"cost":88.24999928474426,"profit":166.74999475479126,"pre_discount_revenue":300.0,"margin":65.4,"avg_discount":30.0},{"deal_name":"Store Credit - $100","times_used":6,"units":23.0,"revenue":236.34999990463257,"discounts":414.9000024795532,"cost":176.22500360012054,"profit":60.125000923871994,"pre_discount_revenue":651.25,"margin":25.4,"avg_discount":127.4},{"deal_name":"Store Credit - $75","times_used":6,"units":8.333333333333334,"revenue":73.06666652361552,"discounts":181.51666561762494,"cost":70.47499914964041,"profit":2.5916670262813564,"pre_discount_revenue":254.58333333333337,"margin":3.5,"avg_discount":142.6},{"deal_name":"Main St Happy Hour - 25% Off","times_used":4,"units":6.0,"revenue":108.75,"discounts":36.25,"cost":38.77500057220459,"profit":69.97499942779541,"pre_discount_revenue":145.0,"margin":64.3,"avg_discount":50.0},{"deal_name":"Reno - Early Bird - Senior / Veterans - 20%","times_used":4,"units":8.0,"revenue":175.99999904632568,"discounts":43.99999976158142,"cost":59.89999771118164,"profit":116.10000371932983,"pre_discount_revenue":220.0,"margin":66.0,"avg_discount":40.0},{"deal_name":"Senior Sunday - RENO ONLY - 20% Off","times_used":2,"units":2.0,"revenue":40.0,"discounts":10.0,"cost":21.25,"profit":18.75,"pre_discount_revenue":50.0,"margin":46.9,"avg_discount":40.0}],"top_products":[{"product":"1:1:1 CBN/CBD/THC TRANQUILITY GUMMIES - KANHA","units":18898,"revenue":390385.78125,"cost":211609.375,"profit":178776.40625,"transactions":10966,"margin":45.79999923706055},{"product":"1:1 CBD/THC PINK LEMONADE GUMMIES - KANHA","units":15664,"revenue":325889.35546875,"cost":166043.3984375,"profit":159845.947265625,"transactions":9920,"margin":49.0},{"product":"CRAN POMEGRANATE SATIVA NANO GUMMIES - KANHA","units":15152,"revenue":287584.08203125,"cost":146672.998046875,"profit":140911.07421875,"transactions":9880,"margin":49.0},{"product":"BLOOD ORANGE BLISS VEGAN INDICA NANO GUMMIES - KANHA","units":14386,"revenue":263066.015625,"cost":152851.25,"profit":110214.775390625,"transactions":8340,"margin":41.900001525878906},{"product":"2:1 CBG/THC ACAI BLUEBERRY GUMMIES - KANHA","units":10820,"revenue":219941.40625,"cost":119987.1484375,"profit":99954.248046875,"transactions":7112,"margin":45.400001525878906},{"product":"CHERRY SATIVA GUMMIES - KANHA","units":12852,"revenue":210282.6953125,"cost":114277.94921875,"profit":96004.74609375,"transactions":7434,"margin":45.70000076293945},{"product":"LUSCIOUS LEMON VEGAN SATIVA NANO GUMMIES - KANHA","units":10078,"revenue":190390.25390625,"cost":106201.34765625,"profit":84188.896484375,"transactions":6604,"margin":44.20000076293945},{"product":"CHERRY LIMEADE SATIVA GUMMY BELT - KANHA","units":3816,"revenue":99867.197265625,"cost":40437.9248046875,"profit":59429.27734375,"transactions":2988,"margin":59.5},{"product":"BLUEBERRY LEMON DROP HYBRID GUMMY BELT - KANHA","units":3552,"revenue":91581.572265625,"cost":38173.69873046875,"profit":53407.8759765625,"transactions":2822,"margin":58.29999923706055},{"product":"SOUR BERRY BLISS VEGAN INDICA NANO GUMMIES - KANHA","units":2752,"revenue":65471.97265625,"cost":24278.89892578125,"profit":41193.076171875,"transactions":2050,"margin":62.900001525878906},{"product":"SOUR ISLAND BREEZE VEGAN SATIVA NANO GUMMIES - KANHA","units":2568,"revenue":61780.8251953125,"cost":22662.60009765625,"profit":39118.22509765625,"transactions":2026,"margin":63.29999923706055},{"product":"SOUR MELON RUSH VEGAN HYBRID NANO GUMMIES - KANHA","units":2380,"revenue":57189.6728515625,"cost":21003.5009765625,"profit":36186.17431640625,"transactions":2008,"margin":63.29999923706055},{"product":"STRAWBERRY LEMONADE INDICA GUMMY BELT - KANHA","units":1642,"revenue":46700.0,"cost":20011.099853515625,"profit":26688.89892578125,"transactions":1262,"margin":57.099998474121094},{"product":"SOUR CHERRY LIMEADE SATIVA BELTS - KANHA","units":2240,"revenue":42363.4521484375,"cost":21763.75,"profit":20599.69970703125,"transactions":1522,"margin":48.599998474121094},{"product":"SOUR STRAWBERRY LEMONADE INDICA BELTS - KANHA","units":2248,"revenue":41574.9267578125,"cost":21798.75,"profit":19776.175537109375,"transactions":1462,"margin":47.599998474121094},{"product":"CHERRY LIMEADE SATIVA GUMMIE BELT - KANHA","units":30,"revenue":941.5000152587891,"cost":435.0,"profit":506.50001525878906,"transactions":22,"margin":53.79999923706055},{"product":"BLUEBERRY LEMON DROP HYBRID GUMMIE BELT - KANHA","units":24,"revenue":736.1500549316406,"cost":330.0,"profit":406.1499786376953,"transactions":14,"margin":55.20000076293945}],"products_by_store":{"Elevation Springs":[{"product":"1:1:1 CBN/CBD/THC TRANQUILITY GUMMIES - KANHA","units":4072,"revenue":85840.17578125,"cost":45623.1005859375,"profit":40217.0751953125,"transactions":2566,"margin":46.900001525878906},{"product":"1:1 CBD/THC PINK LEMONADE GUMMIES - KANHA","units":3770,"revenue":79457.099609375,"cost":40325.27587890625,"profit":39131.826171875,"transactions":2590,"margin":49.20000076293945},{"product":"BLOOD ORANGE BLISS VEGAN INDICA NANO GUMMIES - KANHA","units":3528,"revenue":62228.02734375,"cost":37485.0,"profit":24743.02490234375,"transactions":2108,"margin":39.79999923706055},{"product":"CRAN POMEGRANATE SATIVA NANO GUMMIES - KANHA","units":3046,"revenue":58151.650390625,"cost":29787.548828125,"profit":28364.09912109375,"transactions":2142,"margin":48.79999923706055},{"product":"2:1 CBG/THC ACAI BLUEBERRY GUMMIES - KANHA","units":2272,"revenue":46448.876953125,"cost":25706.59912109375,"profit":20742.275390625,"transactions":1590,"margin":44.70000076293945},{"product":"LUSCIOUS LEMON VEGAN SATIVA NANO GUMMIES - KANHA","units":2410,"revenue":45132.7734375,"cost":25606.25,"profit":19526.524658203125,"transactions":1604,"margin":43.29999923706055},{"product":"CHERRY SATIVA GUMMIES - KANHA","units":2810,"revenue":44699.90234375,"cost":25540.0,"profit":19159.89990234375,"transactions":1582,"margin":42.900001525878906},{"product":"CHERRY LIMEADE SATIVA GUMMY BELT - KANHA","units":796,"revenue":20095.6494140625,"cost":8158.8751220703125,"profit":11936.77490234375,"transactions":622,"margin":59.400001525878906},{"product":"BLUEBERRY LEMON DROP HYBRID GUMMY BELT - KANHA","units":796,"revenue":19122.550048828125,"cost":8246.4501953125,"profit":10876.099853515625,"transactions":592,"margin":56.900001525878906},{"product":"SOUR BERRY BLISS VEGAN INDICA NANO GUMMIES - KANHA","units":622,"revenue":14688.125,"cost":5489.1497802734375,"profit":9198.975219726562,"transactions":486,"margin":62.599998474121094},{"product":"SOUR ISLAND BREEZE VEGAN SATIVA NANO GUMMIES - KANHA","units":582,"revenue":13350.550537109375,"cost":5136.14990234375,"profit":8214.400024414062,"transactions":446,"margin":61.5},{"product":"SOUR MELON RUSH VEGAN HYBRID NANO GUMMIES - KANHA","units":578,"revenue":13224.124755859375,"cost":5100.849914550781,"profit":8123.275146484375,"transactions":486,"margin":61.400001525878906},{"product":"STRAWBERRY LEMONADE INDICA GUMMY BELT - KANHA","units":336,"revenue":9150.750122070312,"cost":4113.75,"profit":5037.0001220703125,"transactions":268,"margin":55.0},{"product":"SOUR CHERRY LIMEADE SATIVA BELTS - KANHA","units":506,"revenue":9041.024780273438,"cost":4901.875,"profit":4139.150085449219,"transactions":326,"margin":45.79999923706055},{"product":"SOUR STRAWBERRY LEMONADE INDICA BELTS - KANHA","units":454,"revenue":8136.6497802734375,"cost":4398.125,"profit":3738.5250854492188,"transactions":284,"margin":45.900001525878906}],"Elevation Mesa":[{"product":"1:1 CBD/THC PINK LEMONADE GUMMIES - KANHA","units":3602,"revenue":74479.4482421875,"cost":38746.59912109375,"profit":35732.84912109375,"transactions":2156,"margin":48.0},{"product":"1:1:1 CBN/CBD/THC TRANQUILITY GUMMIES - KANHA","units":3102,"revenue":61390.0,"cost":36066.6259765625,"profit":25323.3740234375,"transactions":1812,"margin":41.20000076293945},{"product":"BLOOD ORANGE BLISS VEGAN INDICA NANO GUMMIES - KANHA","units":2710,"revenue":48860.8984375,"cost":28793.75,"profit":20067.149658203125,"transactions":1662,"margin":41.099998474121094},{"product":"CRAN POMEGRANATE SATIVA NANO GUMMIES - KANHA","units":2694,"revenue":48431.123046875,"cost":26836.14990234375,"profit":21594.9755859375,"transactions":1664,"margin":44.599998474121094},{"product":"CHERRY SATIVA GUMMIES - KANHA","units":2278,"revenue":36011.875,"cost":20475.94970703125,"profit":15535.92529296875,"transactions":1432,"margin":43.099998474121094},{"product":"2:1 CBG/THC ACAI BLUEBERRY GUMMIES - KANHA","units":1838,"revenue":35199.72412109375,"cost":20906.025390625,"profit":14293.699951171875,"transactions":1084,"margin":40.599998474121094},{"product":"LUSCIOUS LEMON VEGAN SATIVA NANO GUMMIES - KANHA","units":1720,"revenue":30878.3740234375,"cost":17865.0,"profit":13013.375244140625,"transactions":1090,"margin":42.099998474121094},{"product":"BLUEBERRY LEMON DROP HYBRID GUMMY BELT - KANHA","units":446,"revenue":11271.474609375,"cost":5257.39990234375,"profit":6014.0753173828125,"transactions":372,"margin":53.400001525878906},{"product":"CHERRY LIMEADE SATIVA GUMMY BELT - KANHA","units":416,"revenue":9905.999755859375,"cost":4832.099914550781,"profit":5073.899841308594,"transactions":344,"margin":51.20000076293945},{"product":"SOUR BERRY BLISS VEGAN INDICA NANO GUMMIES - KANHA","units":442,"revenue":9693.574829101562,"cost":3893.1500244140625,"profit":5800.4248046875,"transactions":306,"margin":59.79999923706055},{"product":"SOUR ISLAND BREEZE VEGAN SATIVA NANO GUMMIES - KANHA","units":342,"revenue":7716.6497802734375,"cost":3018.1500244140625,"profit":4698.500061035156,"transactions":250,"margin":60.900001525878906},{"product":"SOUR MELON RUSH VEGAN HYBRID NANO GUMMIES - KANHA","units":334,"revenue":7393.44970703125,"cost":2947.550048828125,"profit":4445.899963378906,"transactions":268,"margin":60.099998474121094},{"product":"STRAWBERRY LEMONADE INDICA GUMMY BELT - KANHA","units":278,"revenue":7245.9747314453125,"cost":3256.099853515625,"profit":3989.8748779296875,"transactions":220,"margin":55.099998474121094},{"product":"SOUR STRAWBERRY LEMONADE INDICA BELTS - KANHA","units":404,"revenue":7229.6002197265625,"cost":3935.0,"profit":3294.5999145507812,"transactions":270,"margin":45.599998474121094},{"product":"SOUR CHERRY LIMEADE SATIVA BELTS - KANHA","units":322,"revenue":5961.4501953125,"cost":3183.125,"profit":2778.3248901367188,"transactions":212,"margin":46.599998474121094}],"Elevation Oasis":[{"product":"1:1:1 CBN/CBD/THC TRANQUILITY GUMMIES - KANHA","units":4508,"revenue":92460.322265625,"cost":49846.4501953125,"profit":42613.876953125,"transactions":2374,"margin":46.099998474121094},{"product":"1:1 CBD/THC PINK LEMONADE GUMMIES - KANHA","units":3606,"revenue":72636.8505859375,"cost":37316.69921875,"profit":35320.1513671875,"transactions":1940,"margin":48.599998474121094},{"product":"CRAN POMEGRANATE SATIVA NANO GUMMIES - KANHA","units":3854,"revenue":70675.751953125,"cost":36586.35009765625,"profit":34089.3994140625,"transactions":2114,"margin":48.20000076293945},{"product":"2:1 CBG/THC ACAI BLUEBERRY GUMMIES - KANHA","units":3294,"revenue":67535.80078125,"cost":35323.42529296875,"profit":32212.37548828125,"transactions":2008,"margin":47.70000076293945},{"product":"BLOOD ORANGE BLISS VEGAN INDICA NANO GUMMIES - KANHA","units":3396,"revenue":62085.4736328125,"cost":36082.5,"profit":26002.97607421875,"transactions":1520,"margin":41.900001525878906},{"product":"CHERRY SATIVA GUMMIES - KANHA","units":3520,"revenue":58832.2998046875,"cost":30766.14990234375,"profit":28066.14990234375,"transactions":1742,"margin":47.70000076293945},{"product":"LUSCIOUS LEMON VEGAN SATIVA NANO GUMMIES - KANHA","units":2266,"revenue":40674.47509765625,"cost":24076.25,"profit":16598.22509765625,"transactions":1196,"margin":40.79999923706055},{"product":"CHERRY LIMEADE SATIVA GUMMY BELT - KANHA","units":1010,"revenue":27188.076171875,"cost":10877.2998046875,"profit":16310.775146484375,"transactions":778,"margin":60.0},{"product":"BLUEBERRY LEMON DROP HYBRID GUMMY BELT - KANHA","units":786,"revenue":19740.799560546875,"cost":8584.249877929688,"profit":11156.55029296875,"transactions":598,"margin":56.5},{"product":"SOUR BERRY BLISS VEGAN INDICA NANO GUMMIES - KANHA","units":572,"revenue":13529.3505859375,"cost":5047.900085449219,"profit":8481.4501953125,"transactions":364,"margin":62.70000076293945},{"product":"STRAWBERRY LEMONADE INDICA GUMMY BELT - KANHA","units":448,"revenue":13406.6748046875,"cost":5485.0,"profit":7921.6748046875,"transactions":280,"margin":59.099998474121094},{"product":"SOUR ISLAND BREEZE VEGAN SATIVA NANO GUMMIES - KANHA","units":494,"revenue":12059.549560546875,"cost":4359.549865722656,"profit":7700.0,"transactions":388,"margin":63.79999923706055},{"product":"SOUR MELON RUSH VEGAN HYBRID NANO GUMMIES - KANHA","units":460,"revenue":10941.0498046875,"cost":4059.5001220703125,"profit":6881.55029296875,"transactions":356,"margin":62.900001525878906},{"product":"SOUR CHERRY LIMEADE SATIVA BELTS - KANHA","units":564,"revenue":10363.074951171875,"cost":5463.75,"profit":4899.324951171875,"transactions":326,"margin":47.29999923706055},{"product":"SOUR STRAWBERRY LEMONADE INDICA BELTS - KANHA","units":498,"revenue":9598.724975585938,"cost":4824.375,"profit":4774.3499755859375,"transactions":286,"margin":49.70000076293945}],"Elevation Downtown":[{"product":"CRAN POMEGRANATE SATIVA NANO GUMMIES - KANHA","units":136,"revenue":2886.875,"cost":1111.6999816894531,"profit":1775.1750183105469,"transactions":108,"margin":61.5},{"product":"1:1:1 CBN/CBD/THC TRANQUILITY GUMMIES - KANHA","units":70,"revenue":1580.8749389648438,"cost":524.1249847412109,"profit":1056.7500305175781,"transactions":58,"margin":66.80000305175781},{"product":"CHERRY LIMEADE SATIVA GUMMY BELT - KANHA","units":64,"revenue":1254.4999694824219,"cost":638.8999938964844,"profit":615.6000137329102,"transactions":38,"margin":49.099998474121094},{"product":"2:1 CBG/THC ACAI BLUEBERRY GUMMIES - KANHA","units":52,"revenue":1069.2500305175781,"cost":389.3499755859375,"profit":679.8999786376953,"transactions":52,"margin":63.599998474121094},{"product":"1:1 CBD/THC PINK LEMONADE GUMMIES - KANHA","units":40,"revenue":903.0000305175781,"cost":299.4999885559082,"profit":603.5000228881836,"transactions":28,"margin":66.80000305175781},{"product":"CHERRY SATIVA GUMMIES - KANHA","units":46,"revenue":874.4999694824219,"cost":273.700008392334,"profit":600.7999801635742,"transactions":40,"margin":68.69999694824219},{"product":"SOUR ISLAND BREEZE VEGAN SATIVA NANO GUMMIES - KANHA","units":12,"revenue":357.00000762939453,"cost":105.9000015258789,"profit":251.10000610351562,"transactions":12,"margin":70.30000305175781},{"product":"BLUEBERRY LEMON DROP HYBRID GUMMY BELT - KANHA","units":12,"revenue":351.37500762939453,"cost":167.70000457763672,"profit":183.6750030517578,"transactions":12,"margin":52.29999923706055},{"product":"SOUR MELON RUSH VEGAN HYBRID NANO GUMMIES - KANHA","units":6,"revenue":188.99999618530273,"cost":52.95000076293945,"profit":136.05000495910645,"transactions":6,"margin":72.0},{"product":"SOUR BERRY BLISS VEGAN INDICA NANO GUMMIES - KANHA","units":4,"revenue":140.0,"cost":35.299999713897705,"profit":104.70000267028809,"transactions":4,"margin":74.80000305175781}],"Elevation Midtown":[{"product":"1:1:1 CBN/CBD/THC TRANQUILITY GUMMIES - KANHA","units":4080,"revenue":85563.37890625,"cost":45353.9990234375,"profit":40209.375,"transactions":2224,"margin":47.0},{"product":"1:1 CBD/THC PINK LEMONADE GUMMIES - KANHA","units":2104,"revenue":44508.9501953125,"cost":22398.27392578125,"profit":22110.67626953125,"transactions":1430,"margin":49.70000076293945},{"product":"BLOOD ORANGE BLISS VEGAN INDICA NANO GUMMIES - KANHA","units":2050,"revenue":37960.576171875,"cost":21781.25,"profit":16179.324951171875,"transactions":1214,"margin":42.599998474121094},{"product":"CRAN POMEGRANATE SATIVA NANO GUMMIES - KANHA","units":1910,"revenue":37148.3251953125,"cost":17816.0498046875,"profit":19332.275390625,"transactions":1322,"margin":52.0},{"product":"2:1 CBG/THC ACAI BLUEBERRY GUMMIES - KANHA","units":1702,"revenue":34605.3759765625,"cost":19041.724853515625,"profit":15563.64990234375,"transactions":1160,"margin":45.0},{"product":"LUSCIOUS LEMON VEGAN SATIVA NANO GUMMIES - KANHA","units":1408,"revenue":27259.89990234375,"cost":14550.0,"profit":12709.89990234375,"transactions":1014,"margin":46.599998474121094},{"product":"CHERRY SATIVA GUMMIES - KANHA","units":1492,"revenue":23823.47412109375,"cost":13093.299560546875,"profit":10730.174560546875,"transactions":846,"margin":45.0},{"product":"CHERRY LIMEADE SATIVA GUMMY BELT - KANHA","units":470,"revenue":12562.19970703125,"cost":5320.999755859375,"profit":7241.199951171875,"transactions":304,"margin":57.599998474121094},{"product":"BLUEBERRY LEMON DROP HYBRID GUMMY BELT - KANHA","units":412,"revenue":10420.350341796875,"cost":4796.7999267578125,"profit":5623.5498046875,"transactions":298,"margin":54.0},{"product":"SOUR STRAWBERRY LEMONADE INDICA BELTS - KANHA","units":416,"revenue":7619.1497802734375,"cost":4030.0,"profit":3589.1500854492188,"transactions":278,"margin":47.099998474121094},{"product":"SOUR CHERRY LIMEADE SATIVA BELTS - KANHA","units":314,"revenue":6129.7247314453125,"cost":3041.875,"profit":3087.8500366210938,"transactions":230,"margin":50.400001525878906},{"product":"SOUR BERRY BLISS VEGAN INDICA NANO GUMMIES - KANHA","units":234,"revenue":5377.7001953125,"cost":2065.050048828125,"profit":3312.650146484375,"transactions":190,"margin":61.599998474121094},{"product":"SOUR MELON RUSH VEGAN HYBRID NANO GUMMIES - KANHA","units":220,"revenue":4891.97509765625,"cost":1941.4999389648438,"profit":2950.4751586914062,"transactions":190,"margin":60.29999923706055},{"product":"STRAWBERRY LEMONADE INDICA GUMMY BELT - KANHA","units":148,"revenue":4024.4500732421875,"cost":1911.25,"profit":2113.2000732421875,"transactions":112,"margin":52.5},{"product":"SOUR ISLAND BREEZE VEGAN SATIVA NANO GUMMIES - KANHA","units":170,"revenue":3744.7500610351562,"cost":1500.2499389648438,"profit":2244.499969482422,"transactions":148,"margin":59.900001525878906}],"Elevation Boulevard":[{"product":"1:1:1 CBN/CBD/THC TRANQUILITY GUMMIES - KANHA","units":2054,"revenue":40639.9755859375,"cost":22378.3251953125,"profit":18261.650390625,"transactions":1212,"margin":44.900001525878906},{"product":"CRAN POMEGRANATE SATIVA NANO GUMMIES - KANHA","units":1714,"revenue":32896.35009765625,"cost":16440.050048828125,"profit":16456.300048828125,"transactions":1228,"margin":50.0},{"product":"1:1 CBD/THC PINK LEMONADE GUMMIES - KANHA","units":1484,"revenue":30291.4990234375,"cost":15317.9248046875,"profit":14973.575439453125,"transactions":944,"margin":49.400001525878906},{"product":"BLOOD ORANGE BLISS VEGAN INDICA NANO GUMMIES - KANHA","units":1310,"revenue":23715.8251953125,"cost":13918.75,"profit":9797.0751953125,"transactions":774,"margin":41.29999923706055},{"product":"CHERRY SATIVA GUMMIES - KANHA","units":1378,"revenue":22016.12548828125,"cost":12295.400390625,"profit":9720.72509765625,"transactions":890,"margin":44.20000076293945},{"product":"2:1 CBG/THC ACAI BLUEBERRY GUMMIES - KANHA","units":1084,"revenue":21937.60009765625,"cost":11961.0498046875,"profit":9976.55029296875,"transactions":752,"margin":45.5},{"product":"LUSCIOUS LEMON VEGAN SATIVA NANO GUMMIES - KANHA","units":944,"revenue":18327.449951171875,"cost":10030.0,"profit":8297.449951171875,"transactions":678,"margin":45.29999923706055},{"product":"CHERRY LIMEADE SATIVA GUMMY BELT - KANHA","units":348,"revenue":8951.824951171875,"cost":3708.85009765625,"profit":5242.974853515625,"transactions":306,"margin":58.599998474121094},{"product":"BLUEBERRY LEMON DROP HYBRID GUMMY BELT - KANHA","units":312,"revenue":7922.974853515625,"cost":3351.9000244140625,"profit":4571.075134277344,"transactions":272,"margin":57.70000076293945},{"product":"SOUR ISLAND BREEZE VEGAN SATIVA NANO GUMMIES - KANHA","units":306,"revenue":7002.9498291015625,"cost":2700.4501342773438,"profit":4302.5,"transactions":244,"margin":61.400001525878906},{"product":"SOUR BERRY BLISS VEGAN INDICA NANO GUMMIES - KANHA","units":250,"revenue":5535.3497314453125,"cost":2206.25,"profit":3329.1000366210938,"transactions":184,"margin":60.099998474121094},{"product":"STRAWBERRY LEMONADE INDICA GUMMY BELT - KANHA","units":188,"revenue":4976.075134277344,"cost":2511.25,"profit":2464.824981689453,"transactions":172,"margin":49.5},{"product":"SOUR STRAWBERRY LEMONADE INDICA BELTS - KANHA","units":270,"revenue":4855.224914550781,"cost":2615.625,"profit":2239.5999145507812,"transactions":168,"margin":46.099998474121094},{"product":"SOUR MELON RUSH VEGAN HYBRID NANO GUMMIES - KANHA","units":170,"revenue":4019.7000122070312,"cost":1500.2499389648438,"profit":2519.4500732421875,"transactions":148,"margin":62.70000076293945},{"product":"SOUR CHERRY LIMEADE SATIVA BELTS - KANHA","units":180,"revenue":3515.0750732421875,"cost":1743.75,"profit":1771.3250732421875,"transactions":136,"margin":50.400001525878906}],"Elevation Parkway":[{"product":"CRAN POMEGRANATE SATIVA NANO GUMMIES - KANHA","units":1798,"revenue":37393.9990234375,"cost":18095.150146484375,"profit":19298.85009765625,"transactions":1302,"margin":51.599998474121094},{"product":"BLOOD ORANGE BLISS VEGAN INDICA NANO GUMMIES - KANHA","units":1392,"revenue":28215.224609375,"cost":14790.0,"profit":13425.224609375,"transactions":1062,"margin":47.599998474121094},{"product":"LUSCIOUS LEMON VEGAN SATIVA NANO GUMMIES - KANHA","units":1330,"revenue":28117.275390625,"cost":14073.85009765625,"profit":14043.42529296875,"transactions":1022,"margin":49.900001525878906},{"product":"CHERRY SATIVA GUMMIES - KANHA","units":1328,"revenue":24024.52392578125,"cost":11833.44970703125,"profit":12191.075439453125,"transactions":902,"margin":50.70000076293945},{"product":"1:1 CBD/THC PINK LEMONADE GUMMIES - KANHA","units":1058,"revenue":23612.5,"cost":11639.124755859375,"profit":11973.375244140625,"transactions":832,"margin":50.70000076293945},{"product":"1:1:1 CBN/CBD/THC TRANQUILITY GUMMIES - KANHA","units":1012,"revenue":22911.0498046875,"cost":11816.75048828125,"profit":11094.300537109375,"transactions":720,"margin":48.400001525878906},{"product":"BLUEBERRY LEMON DROP HYBRID GUMMY BELT - KANHA","units":788,"revenue":22752.05078125,"cost":7769.1998291015625,"profit":14982.850341796875,"transactions":678,"margin":65.9000015258789},{"product":"CHERRY LIMEADE SATIVA GUMMY BELT - KANHA","units":712,"revenue":19908.9501953125,"cost":6900.9002685546875,"profit":13008.050537109375,"transactions":596,"margin":65.30000305175781},{"product":"SOUR ISLAND BREEZE VEGAN SATIVA NANO GUMMIES - KANHA","units":662,"revenue":17549.375,"cost":5842.149658203125,"profit":11707.225341796875,"transactions":538,"margin":66.69999694824219},{"product":"SOUR MELON RUSH VEGAN HYBRID NANO GUMMIES - KANHA","units":612,"revenue":16530.374755859375,"cost":5400.899658203125,"profit":11129.47509765625,"transactions":554,"margin":67.30000305175781},{"product":"SOUR BERRY BLISS VEGAN INDICA NANO GUMMIES - KANHA","units":628,"revenue":16507.874755859375,"cost":5542.1002197265625,"profit":10965.775146484375,"transactions":516,"margin":66.4000015258789},{"product":"2:1 CBG/THC ACAI BLUEBERRY GUMMIES - KANHA","units":578,"revenue":13144.775390625,"cost":6658.9752197265625,"profit":6485.8001708984375,"transactions":466,"margin":49.29999923706055},{"product":"STRAWBERRY LEMONADE INDICA GUMMY BELT - KANHA","units":244,"revenue":7896.0748291015625,"cost":2733.75,"profit":5162.3248291015625,"transactions":210,"margin":65.4000015258789},{"product":"SOUR CHERRY LIMEADE SATIVA BELTS - KANHA","units":354,"revenue":7353.0999755859375,"cost":3429.375,"profit":3923.7249755859375,"transactions":292,"margin":53.400001525878906},{"product":"SOUR STRAWBERRY LEMONADE INDICA BELTS - KANHA","units":206,"revenue":4135.574951171875,"cost":1995.625,"profit":2139.949951171875,"transactions":176,"margin":51.70000076293945}]},"store_summary":[{"store_clean":"Elevation Oasis","units":29276,"revenue":581728.28125,"cost":298699.453125,"profit":283028.828125,"discounts":196391.71875,"margin":48.70000076293945,"discount_rate":25.200000762939453},{"store_clean":"Elevation Springs","units":26582,"revenue":528865.9375,"cost":275664.00390625,"profit":253201.93359375,"discounts":178981.58203125,"margin":47.900001525878906,"discount_rate":25.299999237060547},{"store_clean":"Elevation Mesa","units":20930,"revenue":401739.609375,"cost":220042.67578125,"profit":181696.953125,"discounts":153077.87109375,"margin":45.20000076293945,"discount_rate":27.600000381469727},{"store_clean":"Elevation Midtown","units":17132,"revenue":345689.2578125,"cost":178672.32421875,"profit":167016.953125,"discounts":109098.22265625,"margin":48.29999923706055,"discount_rate":24.0},{"store_clean":"Elevation Parkway","units":12740,"revenue":291309.21875,"cost":129091.298828125,"profit":162217.9296875,"discounts":54268.2763671875,"margin":55.70000076293945,"discount_rate":15.699999809265137},{"store_clean":"Elevation Boulevard","units":12000,"revenue":236808.14453125,"cost":122769.82421875,"profit":114038.3203125,"discounts":82434.345703125,"margin":48.20000076293945,"discount_rate":25.799999237060547},{"store_clean":"Elevation Downtown","units":442,"revenue":9606.375122070312,"cost":3599.1250610351562,"profit":6007.249755859375,"discounts":2496.125030517578,"margin":62.5,"discount_rate":20.600000381469727}],"recommendations":[{"severity":"info","title":"VOLUME LEVERAGE","detail":"$958,299 revenue provides negotiating leverage.","action":"Use volume as leverage in next vendor meeting."}],"comparison":null}