{"brand":"HONEYDEW","date_range":"2024-01-01 00:00:00 to 2026-01-31 00:00:00","period_label":"All Time","summary":{"total_units":686,"total_revenue":15932.950439453125,"total_cost":5145.0,"total_discounts":1217.0500183105469,"total_profit":10787.950439453125,"overall_margin":67.69999694824219,"fp_margin":70.0,"disc_margin":59.0,"pct_full_price":79.0999984741211,"avg_discount_rate":7.099999904632568,"fp_revenue":12600.0,"disc_revenue":3332.9498291015625,"brand":"HONEYDEW","date_range":"2024-01-01 00:00:00 to 2026-01-31 00:00:00","primary_category":"BATTERY","store_coverage":"1/7","stores_present":["Elevation Midtown"],"stores_missing":["Elevation Springs","Elevation Mesa","Elevation Oasis","Elevation Downtown","Elevation Boulevard","Elevation Parkway"],"velocity_rank":8,"velocity_total":19},"distribution":[{"store":"Elevation Springs","carries_brand":false,"sku_count":0,"revenue":0.0,"units":0,"store_total_revenue":51138750.0,"brand_share_pct":0},{"store":"Elevation Mesa","carries_brand":false,"sku_count":0,"revenue":0.0,"units":0,"store_total_revenue":47532240.0,"brand_share_pct":0},{"store":"Elevation Oasis","carries_brand":false,"sku_count":0,"revenue":0.0,"units":0,"store_total_revenue":56050145.0,"brand_share_pct":0},{"store":"Elevation Downtown","carries_brand":false,"sku_count":0,"revenue":0.0,"units":0,"store_total_revenue":1945237.1875,"brand_share_pct":0},{"store":"Elevation Midtown","carries_brand":true,"sku_count":4,"revenue":15932.950439453125,"units":686,"store_total_revenue":30850185.0,"brand_share_pct":0.10000000149011612},{"store":"Elevation Boulevard","carries_brand":false,"sku_count":0,"revenue":0.0,"units":0,"store_total_revenue":28757865.0,"brand_share_pct":0},{"store":"Elevation Parkway","carries_brand":false,"sku_count":0,"revenue":0.0,"units":0,"store_total_revenue":21987007.5,"brand_share_pct":0}],"share_of_category":[{"category":"BATTERY","brand_revenue":15932.950439453125,"category_revenue":1041867.1875,"revenue_share_pct":1.5,"brand_units":686,"category_units":41118,"units_share_pct":1.7}],"share_of_category_trend":{"BATTERY":[{"period":"2024-01","brand_revenue":0.0,"category_revenue":78523.75,"share_pct":0.0},{"period":"2024-02","brand_revenue":0.0,"category_revenue":79510.9765625,"share_pct":0.0},{"period":"2024-03","brand_revenue":0.0,"category_revenue":80066.9482421875,"share_pct":0.0},{"period":"2024-04","brand_revenue":0.0,"category_revenue":65688.7744140625,"share_pct":0.0},{"period":"2024-05","brand_revenue":0.0,"category_revenue":61493.57421875,"share_pct":0.0},{"period":"2024-06","brand_revenue":0.0,"category_revenue":67340.751953125,"share_pct":0.0},{"period":"2024-07","brand_revenue":0.0,"category_revenue":70591.1767578125,"share_pct":0.0},{"period":"2024-08","brand_revenue":0.0,"category_revenue":64657.8759765625,"share_pct":0.0},{"period":"2024-09","brand_revenue":0.0,"category_revenue":52538.3740234375,"share_pct":0.0},{"period":"2024-10","brand_revenue":0.0,"category_revenue":49278.92578125,"share_pct":0.0},{"period":"2024-11","brand_revenue":0.0,"category_revenue":39889.69970703125,"share_pct":0.0},{"period":"2024-12","brand_revenue":0.0,"category_revenue":38273.87451171875,"share_pct":0.0},{"period":"2025-01","brand_revenue":0.0,"category_revenue":24301.0498046875,"share_pct":0.0},{"period":"2025-02","brand_revenue":0.0,"category_revenue":15730.625,"share_pct":0.0},{"period":"2025-03","brand_revenue":0.0,"category_revenue":17904.124755859375,"share_pct":0.0},{"period":"2025-04","brand_revenue":0.0,"category_revenue":17018.02490234375,"share_pct":0.0},{"period":"2025-05","brand_revenue":2517.5,"category_revenue":21588.3740234375,"share_pct":11.699999809265137},{"period":"2025-06","brand_revenue":3189.5748901367188,"category_revenue":20285.274658203125,"share_pct":15.699999809265137},{"period":"2025-07","brand_revenue":3153.3749389648438,"category_revenue":26462.7490234375,"share_pct":11.899999618530273},{"period":"2025-08","brand_revenue":2560.0,"category_revenue":27441.025390625,"share_pct":9.300000190734863},{"period":"2025-09","brand_revenue":2125.0,"category_revenue":24531.35009765625,"share_pct":8.699999809265137},{"period":"2025-10","brand_revenue":2200.0,"category_revenue":27787.275390625,"share_pct":7.900000095367432},{"period":"2025-11","brand_revenue":187.5,"category_revenue":23690.8251953125,"share_pct":0.800000011920929},{"period":"2025-12","brand_revenue":0.0,"category_revenue":24923.798828125,"share_pct":0.0},{"period":"2026-01","brand_revenue":0.0,"category_revenue":22347.9248046875,"share_pct":0.0}]},"velocity_by_category":[{"category":"BATTERY","brand_units_per_day":0.9,"category_avg_units_per_day":2.84,"velocity_index":31.7,"brand_rev_per_unit":18.58,"category_rev_per_unit":20.27,"brands_in_category":19}],"store_gaps":[{"store":"Elevation Springs","category":"BATTERY","category_revenue_at_store":239396.2890625,"opportunity":"Brand not carried"},{"store":"Elevation Oasis","category":"BATTERY","category_revenue_at_store":223712.75390625,"opportunity":"Brand not carried"},{"store":"Elevation Mesa","category":"BATTERY","category_revenue_at_store":158984.21875,"opportunity":"Brand not carried"},{"store":"Elevation Boulevard","category":"BATTERY","category_revenue_at_store":126218.046875,"opportunity":"Brand not carried"},{"store":"Elevation Parkway","category":"BATTERY","category_revenue_at_store":120492.40234375,"opportunity":"Brand not carried"},{"store":"Elevation Downtown","category":"BATTERY","category_revenue_at_store":6820.7501220703125,"opportunity":"Brand not carried"}],"product_mix":{"top":[{"product":"HONEYDEW ZEENA 500MAH BATTERY","units":372,"revenue":8533.375244140625,"cost":2790.0,"profit":5743.375244140625,"stores":1,"transactions":350,"margin":67.30000305175781},{"product":"HONEYDEW  BOBO 500MAH BATTERY","units":314,"revenue":7399.5751953125,"cost":2355.0,"profit":5044.574890136719,"stores":1,"transactions":300,"margin":68.19999694824219}],"bottom":[],"expansion":[]},"pricing_consistency":[],"promotional_effectiveness":{"lift":{"fp_units_per_day":3.96,"disc_units_per_day":2.88,"lift_pct":-27.2,"fp_avg_revenue_per_unit":50.0,"disc_avg_revenue_per_unit":36.625},"by_deal":[{"deal_name":"Industry 30% Off","uses":10,"revenue":385.0,"discounts":165.0,"units":22.0,"cost":165.0,"margin":57.1,"discount_depth":60.0},{"deal_name":"Senior - 10% Off","uses":9,"revenue":405.0,"discounts":45.0,"units":18.0,"cost":135.0,"margin":66.7,"discount_depth":20.0},{"deal_name":"Veterans - 10% Off","uses":5,"revenue":225.0,"discounts":25.0,"units":10.0,"cost":75.0,"margin":66.7,"discount_depth":20.0},{"deal_name":"Senior / Veterans - 20% Off","uses":2,"revenue":120.0,"discounts":30.0,"units":6.0,"cost":45.0,"margin":62.5,"discount_depth":40.0}]},"growth_opportunities":[{"type":"distribution","title":"Expand to Elevation Springs","detail":"Store has $95,759 in BATTERY \u2014 categories where HONEYDEW competes.","priority":"high"},{"type":"distribution","title":"Expand to Elevation Mesa","detail":"Store has $63,594 in BATTERY \u2014 categories where HONEYDEW competes.","priority":"high"},{"type":"distribution","title":"Expand to Elevation Oasis","detail":"Store has $89,485 in BATTERY \u2014 categories where HONEYDEW competes.","priority":"high"},{"type":"distribution","title":"Expand to Elevation Downtown","detail":"Store has $2,728 in BATTERY \u2014 categories where HONEYDEW competes.","priority":"medium"},{"type":"distribution","title":"Expand to Elevation Boulevard","detail":"Store has $50,487 in BATTERY \u2014 categories where HONEYDEW competes.","priority":"high"},{"type":"distribution","title":"Expand to Elevation Parkway","detail":"Store has $48,197 in BATTERY \u2014 categories where HONEYDEW competes.","priority":"high"},{"type":"velocity","title":"Improve velocity in BATTERY","detail":"Velocity index 32 (below category average). 0.5 units/day vs 1.4 avg.","priority":"medium"}],"trend":[{"period":"2025-05","revenue":2517.5,"cost":825.0,"margin":67.2,"units":110,"transactions":100,"profit":1692.5,"revenue_change_pct":null,"units_change_pct":null,"margin_change_pts":null},{"period":"2025-06","revenue":3189.5748901367188,"cost":1020.0,"margin":68.0,"units":136,"transactions":128,"profit":2169.5750427246094,"revenue_change_pct":26.7,"units_change_pct":23.6,"margin_change_pts":0.8},{"period":"2025-07","revenue":3153.3749389648438,"cost":1020.0,"margin":67.7,"units":136,"transactions":126,"profit":2133.3749389648438,"revenue_change_pct":-1.1,"units_change_pct":0,"margin_change_pts":-0.4},{"period":"2025-08","revenue":2560.0,"cost":795.0,"margin":68.9,"units":106,"transactions":96,"profit":1765.0,"revenue_change_pct":-18.8,"units_change_pct":-22.1,"margin_change_pts":1.3},{"period":"2025-09","revenue":2125.0,"cost":735.0,"margin":65.4,"units":98,"transactions":92,"profit":1390.0,"revenue_change_pct":-17.0,"units_change_pct":-7.5,"margin_change_pts":-3.5},{"period":"2025-10","revenue":2200.0,"cost":690.0,"margin":68.6,"units":92,"transactions":90,"profit":1510.0,"revenue_change_pct":3.5,"units_change_pct":-6.1,"margin_change_pts":3.2},{"period":"2025-11","revenue":187.5,"cost":60.0,"margin":68.0,"units":8,"transactions":8,"profit":127.5,"revenue_change_pct":-91.5,"units_change_pct":-91.3,"margin_change_pts":-0.6}]}