{"brand":"LEVEL","date_range":"2024-01-01 00:00:00 to 2026-01-31 00:00:00","period_label":"All Time","summary":{"total_units":26578,"total_revenue":866759.375,"total_cost":441207.5,"total_discounts":156698.125,"total_profit":425551.875,"overall_margin":49.099998474121094,"fp_margin":56.900001525878906,"disc_margin":40.70000076293945,"pct_full_price":51.79999923706055,"avg_discount_rate":15.300000190734863,"fp_revenue":449330.234375,"disc_revenue":417429.140625,"brand":"LEVEL","date_range":"2024-01-01 00:00:00 to 2026-01-31 00:00:00","primary_category":"TABLET","store_coverage":"7/7","stores_present":["Elevation Springs","Elevation Mesa","Elevation Oasis","Elevation Downtown","Elevation Midtown","Elevation Boulevard","Elevation Parkway"],"stores_missing":[],"velocity_rank":2,"velocity_total":2},"distribution":[{"store":"Elevation Springs","carries_brand":true,"sku_count":20,"revenue":171426.328125,"units":5482,"store_total_revenue":51138750.0,"brand_share_pct":0.30000001192092896},{"store":"Elevation Mesa","carries_brand":true,"sku_count":22,"revenue":71840.0732421875,"units":2406,"store_total_revenue":47532240.0,"brand_share_pct":0.20000000298023224},{"store":"Elevation Oasis","carries_brand":true,"sku_count":22,"revenue":177324.4140625,"units":5344,"store_total_revenue":56050145.0,"brand_share_pct":0.30000001192092896},{"store":"Elevation Downtown","carries_brand":true,"sku_count":10,"revenue":11314.6240234375,"units":310,"store_total_revenue":1945237.1875,"brand_share_pct":0.6000000238418579},{"store":"Elevation Midtown","carries_brand":true,"sku_count":22,"revenue":172106.9140625,"units":4862,"store_total_revenue":30850185.0,"brand_share_pct":0.6000000238418579},{"store":"Elevation Boulevard","carries_brand":true,"sku_count":22,"revenue":93982.5,"units":3310,"store_total_revenue":28757865.0,"brand_share_pct":0.30000001192092896},{"store":"Elevation Parkway","carries_brand":true,"sku_count":24,"revenue":168764.53125,"units":4864,"store_total_revenue":21987007.5,"brand_share_pct":0.800000011920929}],"share_of_category":[{"category":"TABLET","brand_revenue":866580.9375,"category_revenue":1935723.90625,"revenue_share_pct":44.79999923706055,"brand_units":26566,"category_units":55704,"units_share_pct":47.7},{"category":"CAPSULES","brand_revenue":178.50000381469727,"category_revenue":5815.650634765625,"revenue_share_pct":3.0999999046325684,"brand_units":12,"category_units":96,"units_share_pct":12.5}],"share_of_category_trend":{"TABLET":[{"period":"2024-01","brand_revenue":45569.375,"category_revenue":81429.6484375,"share_pct":56.0},{"period":"2024-02","brand_revenue":46117.0263671875,"category_revenue":74585.44921875,"share_pct":61.79999923706055},{"period":"2024-03","brand_revenue":55280.4248046875,"category_revenue":101039.62890625,"share_pct":54.70000076293945},{"period":"2024-04","brand_revenue":47410.8984375,"category_revenue":85444.072265625,"share_pct":55.5},{"period":"2024-05","brand_revenue":46311.298828125,"category_revenue":80040.7763671875,"share_pct":57.900001525878906},{"period":"2024-06","brand_revenue":41177.5,"category_revenue":89357.8515625,"share_pct":46.099998474121094},{"period":"2024-07","brand_revenue":35224.150390625,"category_revenue":83523.75,"share_pct":42.20000076293945},{"period":"2024-08","brand_revenue":39155.94970703125,"category_revenue":90648.57421875,"share_pct":43.20000076293945},{"period":"2024-09","brand_revenue":33743.85009765625,"category_revenue":83213.92578125,"share_pct":40.599998474121094},{"period":"2024-10","brand_revenue":32360.77392578125,"category_revenue":87348.876953125,"share_pct":37.0},{"period":"2024-11","brand_revenue":40990.3271484375,"category_revenue":73543.8232421875,"share_pct":55.70000076293945},{"period":"2024-12","brand_revenue":28709.89990234375,"category_revenue":74492.67578125,"share_pct":38.5},{"period":"2025-01","brand_revenue":23692.37548828125,"category_revenue":70151.2744140625,"share_pct":33.79999923706055},{"period":"2025-02","brand_revenue":28337.7001953125,"category_revenue":63931.25,"share_pct":44.29999923706055},{"period":"2025-03","brand_revenue":27130.57373046875,"category_revenue":65688.22265625,"share_pct":41.29999923706055},{"period":"2025-04","brand_revenue":34937.2509765625,"category_revenue":72523.92578125,"share_pct":48.20000076293945},{"period":"2025-05","brand_revenue":26654.05029296875,"category_revenue":65624.9755859375,"share_pct":40.599998474121094},{"period":"2025-06","brand_revenue":37513.87451171875,"category_revenue":70010.751953125,"share_pct":53.599998474121094},{"period":"2025-07","brand_revenue":26701.875,"category_revenue":72775.498046875,"share_pct":36.70000076293945},{"period":"2025-08","brand_revenue":26308.525390625,"category_revenue":77913.2763671875,"share_pct":33.79999923706055},{"period":"2025-09","brand_revenue":24774.25048828125,"category_revenue":73371.826171875,"share_pct":33.79999923706055},{"period":"2025-10","brand_revenue":30488.3740234375,"category_revenue":74601.6015625,"share_pct":40.900001525878906},{"period":"2025-11","brand_revenue":27547.62451171875,"category_revenue":80378.65234375,"share_pct":34.29999923706055},{"period":"2025-12","brand_revenue":27173.798828125,"category_revenue":62570.4736328125,"share_pct":43.400001525878906},{"period":"2026-01","brand_revenue":33269.1259765625,"category_revenue":81513.173828125,"share_pct":40.79999923706055}],"CAPSULES":[{"period":"2025-03","brand_revenue":178.50000381469727,"category_revenue":178.50000381469727,"share_pct":100.0},{"period":"2025-12","brand_revenue":0.0,"category_revenue":3549.89990234375,"share_pct":0.0},{"period":"2026-01","brand_revenue":0.0,"category_revenue":2087.2499084472656,"share_pct":0.0}]},"velocity_by_category":[{"category":"TABLET","brand_units_per_day":34.86,"category_avg_units_per_day":36.56,"velocity_index":95.4,"brand_rev_per_unit":26.1,"category_rev_per_unit":27.8,"brands_in_category":2},{"category":"CAPSULES","brand_units_per_day":0.02,"category_avg_units_per_day":0.06,"velocity_index":25.0,"brand_rev_per_unit":11.9,"category_rev_per_unit":48.46,"brands_in_category":2}],"store_gaps":[],"product_mix":{"top":[{"product":"SATIVA PROTAB 10 PK - LEVEL","units":5988,"revenue":232211.4453125,"cost":116297.5,"profit":115913.9453125,"stores":7,"transactions":4124,"margin":49.900001525878906},{"product":"HYBRID PROTAB 10 PK - LEVEL","units":5432,"revenue":208915.87890625,"cost":106332.5,"profit":102583.37890625,"stores":7,"transactions":3660,"margin":49.099998474121094},{"product":"INDICA PROTAB 10 PK - LEVEL","units":5092,"revenue":194247.421875,"cost":99902.5,"profit":94344.921875,"stores":7,"transactions":3276,"margin":48.599998474121094},{"product":"4:3:1 THC/CBN/CBG LIGHTS OUT PROTAB 10 PK - LEVEL","units":1410,"revenue":57069.1748046875,"cost":28200.0,"profit":28869.1748046875,"stores":6,"transactions":994,"margin":50.599998474121094},{"product":"SATIVA HASHTAB 4 PK - LEVEL","units":1534,"revenue":45340.80078125,"cost":23010.0,"profit":22330.80078125,"stores":6,"transactions":1028,"margin":49.29999923706055},{"product":"INDICA HASHTAB 4 PK - LEVEL","units":1570,"revenue":43890.6494140625,"cost":23550.0,"profit":20340.650634765625,"stores":6,"transactions":1110,"margin":46.29999923706055},{"product":"SATIVA PROTAB 1 PK - LEVEL","units":2110,"revenue":31314.3994140625,"cost":15800.0,"profit":15514.3994140625,"stores":6,"transactions":1136,"margin":49.5},{"product":"SATIVA PROTAB 2 PK - LEVEL","units":1340,"revenue":19399.300537109375,"cost":10050.0,"profit":9349.299926757812,"stores":7,"transactions":778,"margin":48.20000076293945},{"product":"INDICA PROTAB 1 PK - LEVEL","units":1216,"revenue":17394.324951171875,"cost":9120.0,"profit":8274.324951171875,"stores":6,"transactions":680,"margin":47.599998474121094},{"product":"INDICA PROTAB 2 PK - LEVEL","units":660,"revenue":9191.849975585938,"cost":4950.0,"profit":4241.8499755859375,"stores":7,"transactions":426,"margin":46.099998474121094},{"product":"INDICA PROTAB 10 PK 250MG - LEVEL","units":126,"revenue":5064.125061035156,"cost":2520.0,"profit":2544.1250610351562,"stores":2,"transactions":74,"margin":50.20000076293945},{"product":"SATIVA PROTAB 10 PK 250MG - LEVEL","units":40,"revenue":1424.4999694824219,"cost":800.0,"profit":624.4999694824219,"stores":1,"transactions":36,"margin":43.79999923706055},{"product":"SATIVA HASHTAB 10 PK - LEVEL","units":18,"revenue":770.0,"cost":360.0,"profit":410.0,"stores":1,"transactions":12,"margin":53.20000076293945},{"product":"INDICA PROTAB 1 PK 100MG - LEVEL","units":42,"revenue":525.4999923706055,"cost":315.0,"profit":210.49999237060547,"stores":2,"transactions":18,"margin":40.099998474121094}],"bottom":[],"expansion":[{"product":"4:3:1 THC/CBN/CBG LIGHTS OUT PROTAB 10 PK - LEVEL","current_stores":6,"total_stores":7,"missing_stores":["Elevation Downtown"],"revenue":57069.1748046875},{"product":"SATIVA HASHTAB 4 PK - LEVEL","current_stores":6,"total_stores":7,"missing_stores":["Elevation Downtown"],"revenue":45340.80078125},{"product":"INDICA HASHTAB 4 PK - LEVEL","current_stores":6,"total_stores":7,"missing_stores":["Elevation Downtown"],"revenue":43890.6494140625},{"product":"SATIVA PROTAB 1 PK - LEVEL","current_stores":6,"total_stores":7,"missing_stores":["Elevation Downtown"],"revenue":31314.3994140625},{"product":"INDICA PROTAB 1 PK - LEVEL","current_stores":6,"total_stores":7,"missing_stores":["Elevation Downtown"],"revenue":17394.324951171875},{"product":"INDICA PROTAB 10 PK 250MG - LEVEL","current_stores":2,"total_stores":7,"missing_stores":["Elevation Springs","Elevation Mesa","Elevation Oasis","Elevation Downtown","Elevation Boulevard"],"revenue":5064.125061035156},{"product":"INDICA PROTAB 1 PK 100MG - LEVEL","current_stores":2,"total_stores":7,"missing_stores":["Elevation Springs","Elevation Mesa","Elevation Oasis","Elevation Downtown","Elevation Midtown"],"revenue":525.4999923706055}]},"pricing_consistency":[{"product":"INDICA PROTAB 1 PK 100MG - LEVEL","min_price":24.524999618530273,"max_price":35.0,"avg_price":29.762499809265137,"std_dev":2.9627775210675655,"store_count":4,"price_range":10.475000381469727,"range_pct":35.2},{"product":"INDICA PROTAB 2 PK - LEVEL","min_price":24.59932481920397,"max_price":32.80508267677436,"avg_price":27.929794197818737,"std_dev":1.089143127002984,"store_count":14,"price_range":8.205757857570394,"range_pct":29.4},{"product":"SATIVA PROTAB 2 PK - LEVEL","min_price":25.05410265566698,"max_price":32.55000305175781,"avg_price":29.543616772256563,"std_dev":1.0632678239591504,"store_count":14,"price_range":7.4959003960908355,"range_pct":25.4},{"product":"INDICA HASHTAB 4 PK - LEVEL","min_price":46.209503173828125,"max_price":58.68782722513089,"avg_price":54.19352986295206,"std_dev":2.0166961252849394,"store_count":12,"price_range":12.478324051302767,"range_pct":23.0},{"product":"INDICA PROTAB 1 PK - LEVEL","min_price":26.075000762939453,"max_price":31.563871200770546,"avg_price":28.406287375553077,"std_dev":0.8535826765014651,"store_count":12,"price_range":5.488870437831093,"range_pct":19.3},{"product":"SATIVA HASHTAB 4 PK - LEVEL","min_price":51.38578394839638,"max_price":62.63412647033006,"avg_price":58.14233337369394,"std_dev":1.9356623844263998,"store_count":12,"price_range":11.248342521933674,"range_pct":19.3},{"product":"SATIVA PROTAB 1 PK - LEVEL","min_price":26.762194749785632,"max_price":32.193272816051135,"avg_price":29.26068908310173,"std_dev":0.8825798525344555,"store_count":12,"price_range":5.4310780662655045,"range_pct":18.6},{"product":"INDICA PROTAB 10 PK - LEVEL","min_price":69.7214653947884,"max_price":83.93229166666666,"avg_price":77.04668372055258,"std_dev":1.9615335290598694,"store_count":14,"price_range":14.210826271878263,"range_pct":18.4},{"product":"SATIVA PROTAB 10 PK - LEVEL","min_price":69.34687887305242,"max_price":83.219794921875,"avg_price":76.84385412973909,"std_dev":1.933431365379981,"store_count":14,"price_range":13.872916048822592,"range_pct":18.1},{"product":"HYBRID PROTAB 10 PK - LEVEL","min_price":69.5327335683997,"max_price":81.71946356341336,"avg_price":76.49290755580138,"std_dev":1.9218815963433404,"store_count":14,"price_range":12.18672999501365,"range_pct":15.9},{"product":"4:3:1 THC/CBN/CBG LIGHTS OUT PROTAB 10 PK - LEVEL","min_price":74.94023323059082,"max_price":84.99366726937772,"avg_price":79.45894162249829,"std_dev":1.6490253839800206,"store_count":12,"price_range":10.053434038786904,"range_pct":12.7},{"product":"INDICA PROTAB 10 PK 250MG - LEVEL","min_price":76.8843765258789,"max_price":86.46738467009172,"avg_price":81.67588059798531,"std_dev":2.710484017175515,"store_count":4,"price_range":9.58300814421281,"range_pct":11.7}],"promotional_effectiveness":{"lift":{"fp_units_per_day":16.0,"disc_units_per_day":20.58,"lift_pct":28.5,"fp_avg_revenue_per_unit":78.175,"disc_avg_revenue_per_unit":55.35},"by_deal":[{"deal_name":"Industry - 30% Off","uses":868,"revenue":87762.84894943237,"discounts":37985.40050983429,"units":3275.0,"cost":54400.0,"margin":38.0,"discount_depth":60.4},{"deal_name":"Senior - 10% Off","uses":414,"revenue":65982.91196346283,"discounts":7464.087546467781,"units":1846.0,"cost":31723.125,"margin":51.9,"discount_depth":20.4},{"deal_name":"Industry 30% Off","uses":312,"revenue":24904.08746957779,"discounts":10893.412520885468,"units":1038.0,"cost":15190.625,"margin":39.0,"discount_depth":60.8},{"deal_name":"LEVEL TABS BOGO 50% Off","uses":163,"revenue":23734.50007557869,"discounts":9172.500019073486,"units":886.0,"cost":14250.0,"margin":40.0,"discount_depth":55.8},{"deal_name":"Veterans - 10% Off","uses":141,"revenue":13886.099905967712,"discounts":1550.4000061750412,"units":390.0,"cost":6618.125,"margin":52.3,"discount_depth":20.0},{"deal_name":"Senior / Veterans - 20% Off","uses":128,"revenue":17395.00014066696,"discounts":4348.75003516674,"units":522.0,"cost":9390.0,"margin":46.0,"discount_depth":40.0},{"deal_name":"4/20 2025 - Edibles","uses":99,"revenue":8923.249998092651,"discounts":8944.250001907349,"units":479.0,"cost":7640.0,"margin":14.4,"discount_depth":100.2},{"deal_name":"Level - 20% Off","uses":79,"revenue":7792.750017642975,"discounts":1987.2500032186508,"units":246.0,"cost":4200.0,"margin":46.1,"discount_depth":40.6},{"deal_name":"LEVEL TABS BOGO","uses":76,"revenue":9628.224754333496,"discounts":9654.275288581848,"units":518.0,"cost":8295.0,"margin":13.8,"discount_depth":100.2},{"deal_name":"30% Off Special","uses":71,"revenue":4132.799954414368,"discounts":1771.2000405788422,"units":208.0,"cost":2605.0,"margin":37.0,"discount_depth":60.0},{"deal_name":"4/20 50% Off!!!!","uses":67,"revenue":7998.000004291534,"discounts":7998.000004291534,"units":418.0,"cost":6950.0,"margin":13.1,"discount_depth":100.0},{"deal_name":"Jackpot - Locals 30% Off","uses":55,"revenue":3982.6499366760254,"discounts":1706.8500208854675,"units":144.0,"cost":2467.5,"margin":38.0,"discount_depth":60.0},{"deal_name":"LEVEL ProTabs BOGO 50%","uses":52,"revenue":5727.000031471252,"discounts":2279.5000052452087,"units":236.0,"cost":3460.0,"margin":39.6,"discount_depth":57.0},{"deal_name":"50% Off - G2B","uses":45,"revenue":4572.9500071207685,"discounts":4603.716659545898,"units":220.0,"cost":3895.0,"margin":14.8,"discount_depth":100.4},{"deal_name":"GW - 50% Off Topicals / Tinctures / RSO / Tablets","uses":33,"revenue":4157.250008583069,"discounts":4157.250008583069,"units":194.0,"cost":3600.0,"margin":13.4,"discount_depth":100.0},{"deal_name":"Employee 30% - NOT FRIDAYS","uses":24,"revenue":1359.74999666214,"discounts":582.7500033378601,"units":64.0,"cost":828.125,"margin":39.1,"discount_depth":60.0},{"deal_name":"LVAC - 25% Off","uses":20,"revenue":3408.375015258789,"discounts":1136.1250019073486,"units":122.0,"cost":1898.75,"margin":44.3,"discount_depth":50.0},{"deal_name":"Employee - 40% OFF","uses":18,"revenue":1651.500015258789,"discounts":1101.0000038146973,"units":66.0,"cost":1187.5,"margin":28.1,"discount_depth":80.0},{"deal_name":"Store Credit - $15","uses":10,"revenue":649.1000072161357,"discounts":561.3166612386703,"units":27.0,"cost":512.5,"margin":21.0,"discount_depth":92.8},{"deal_name":"Reno - Early Bird - Senior / Veterans - 20%","uses":5,"revenue":350.0,"discounts":87.5,"units":10.0,"cost":187.5,"margin":46.4,"discount_depth":40.0}]},"growth_opportunities":[{"type":"sku_expansion","title":"Add '4:3:1 THC/CBN/CBG LIGHTS OUT PROTAB 10 PK - LEVEL' to 1 more store(s)","detail":"Carried in 6 stores. Missing from: Elevation Downtown","priority":"medium"},{"type":"sku_expansion","title":"Add 'INDICA HASHTAB 4 PK - LEVEL' to 1 more store(s)","detail":"Carried in 6 stores. Missing from: Elevation Downtown","priority":"medium"},{"type":"sku_expansion","title":"Add 'INDICA PROTAB 1 PK - LEVEL' to 1 more store(s)","detail":"Carried in 6 stores. Missing from: Elevation Downtown","priority":"medium"},{"type":"sku_expansion","title":"Add 'INDICA PROTAB 1 PK 100MG - LEVEL' to 5 more store(s)","detail":"Carried in 2 stores. Missing from: Elevation Springs, Elevation Mesa, Elevation Oasis, Elevation Downtown, Elevation Midtown","priority":"medium"},{"type":"sku_expansion","title":"Add 'INDICA PROTAB 10 PK 250MG - LEVEL' to 5 more store(s)","detail":"Carried in 2 stores. Missing from: Elevation Springs, Elevation Mesa, Elevation Oasis, Elevation Downtown, Elevation Boulevard","priority":"medium"},{"type":"velocity","title":"Improve velocity in CAPSULES","detail":"Velocity index 25 (below category average). 0.0 units/day vs 0.0 avg.","priority":"medium"}],"trend":[{"period":"2024-01","revenue":45569.375,"cost":22677.5,"margin":50.2,"units":1342,"transactions":822,"profit":22891.875,"revenue_change_pct":null,"units_change_pct":null,"margin_change_pts":null},{"period":"2024-02","revenue":46117.0263671875,"cost":22627.5,"margin":50.9,"units":1362,"transactions":792,"profit":23489.52392578125,"revenue_change_pct":1.2,"units_change_pct":1.5,"margin_change_pts":0.7},{"period":"2024-03","revenue":55280.4248046875,"cost":28815.0,"margin":47.9,"units":1798,"transactions":882,"profit":26465.4248046875,"revenue_change_pct":19.9,"units_change_pct":32.0,"margin_change_pts":-3.1},{"period":"2024-04","revenue":47410.8984375,"cost":26150.0,"margin":44.8,"units":1616,"transactions":802,"profit":21260.90087890625,"revenue_change_pct":-14.2,"units_change_pct":-10.1,"margin_change_pts":-3.0},{"period":"2024-05","revenue":46311.298828125,"cost":23090.0,"margin":50.1,"units":1510,"transactions":780,"profit":23221.298828125,"revenue_change_pct":-2.3,"units_change_pct":-6.6,"margin_change_pts":5.3},{"period":"2024-06","revenue":41177.5,"cost":21540.0,"margin":47.7,"units":1302,"transactions":688,"profit":19637.5,"revenue_change_pct":-11.1,"units_change_pct":-13.8,"margin_change_pts":-2.5},{"period":"2024-07","revenue":35224.150390625,"cost":18215.0,"margin":48.3,"units":1184,"transactions":646,"profit":17009.150390625,"revenue_change_pct":-14.5,"units_change_pct":-9.1,"margin_change_pts":0.6},{"period":"2024-08","revenue":39155.94970703125,"cost":19645.0,"margin":49.8,"units":1200,"transactions":692,"profit":19510.94970703125,"revenue_change_pct":11.2,"units_change_pct":1.4,"margin_change_pts":1.5},{"period":"2024-09","revenue":33743.85009765625,"cost":17395.0,"margin":48.4,"units":1080,"transactions":526,"profit":16348.85009765625,"revenue_change_pct":-13.8,"units_change_pct":-10.0,"margin_change_pts":-1.4},{"period":"2024-10","revenue":32360.77392578125,"cost":16285.0,"margin":49.7,"units":988,"transactions":552,"profit":16075.775146484375,"revenue_change_pct":-4.1,"units_change_pct":-8.5,"margin_change_pts":1.2},{"period":"2024-11","revenue":40990.3271484375,"cost":21240.0,"margin":48.2,"units":1158,"transactions":532,"profit":19750.32470703125,"revenue_change_pct":26.7,"units_change_pct":17.2,"margin_change_pts":-1.5},{"period":"2024-12","revenue":28709.89990234375,"cost":13995.0,"margin":51.3,"units":806,"transactions":424,"profit":14714.89990234375,"revenue_change_pct":-30.0,"units_change_pct":-30.4,"margin_change_pts":3.1},{"period":"2025-01","revenue":23692.37548828125,"cost":12105.0,"margin":48.9,"units":664,"transactions":426,"profit":11587.37548828125,"revenue_change_pct":-17.5,"units_change_pct":-17.6,"margin_change_pts":-2.3},{"period":"2025-02","revenue":28337.7001953125,"cost":13500.0,"margin":52.4,"units":710,"transactions":364,"profit":14837.7001953125,"revenue_change_pct":19.6,"units_change_pct":6.9,"margin_change_pts":3.5},{"period":"2025-03","revenue":27309.07470703125,"cost":15632.5,"margin":42.8,"units":932,"transactions":430,"profit":11676.57470703125,"revenue_change_pct":-3.6,"units_change_pct":31.3,"margin_change_pts":-9.6},{"period":"2025-04","revenue":34937.2509765625,"cost":20122.5,"margin":42.4,"units":1204,"transactions":570,"profit":14814.749755859375,"revenue_change_pct":27.9,"units_change_pct":29.2,"margin_change_pts":-0.4},{"period":"2025-05","revenue":26654.05029296875,"cost":13102.5,"margin":50.8,"units":788,"transactions":446,"profit":13551.55029296875,"revenue_change_pct":-23.7,"units_change_pct":-34.6,"margin_change_pts":8.4},{"period":"2025-06","revenue":37513.87451171875,"cost":18893.125,"margin":49.6,"units":1152,"transactions":592,"profit":18620.74951171875,"revenue_change_pct":40.7,"units_change_pct":46.2,"margin_change_pts":-1.2},{"period":"2025-07","revenue":26701.875,"cost":13146.875,"margin":50.8,"units":848,"transactions":430,"profit":13555.0,"revenue_change_pct":-28.8,"units_change_pct":-26.4,"margin_change_pts":1.1},{"period":"2025-08","revenue":26308.525390625,"cost":12597.5,"margin":52.1,"units":746,"transactions":448,"profit":13711.025390625,"revenue_change_pct":-1.5,"units_change_pct":-12.0,"margin_change_pts":1.4},{"period":"2025-09","revenue":24774.25048828125,"cost":11740.0,"margin":52.6,"units":694,"transactions":406,"profit":13034.25048828125,"revenue_change_pct":-5.8,"units_change_pct":-7.0,"margin_change_pts":0.5},{"period":"2025-10","revenue":30488.3740234375,"cost":15045.0,"margin":50.7,"units":888,"transactions":596,"profit":15443.375244140625,"revenue_change_pct":23.1,"units_change_pct":28.0,"margin_change_pts":-2.0},{"period":"2025-11","revenue":27547.62451171875,"cost":15065.0,"margin":45.3,"units":900,"transactions":500,"profit":12482.62451171875,"revenue_change_pct":-9.6,"units_change_pct":1.4,"margin_change_pts":-5.3},{"period":"2025-12","revenue":27173.798828125,"cost":12887.5,"margin":52.6,"units":764,"transactions":452,"profit":14286.300048828125,"revenue_change_pct":-1.4,"units_change_pct":-15.1,"margin_change_pts":7.3},{"period":"2026-01","revenue":33269.1259765625,"cost":15695.0,"margin":52.8,"units":942,"transactions":568,"profit":17574.124755859375,"revenue_change_pct":22.4,"units_change_pct":23.3,"margin_change_pts":0.3}]}