{"brand":"LEVEL","date_range":"2024-01-01 00:00:00 to 2026-01-31 00:00:00","period_label":"All Time","summary":{"total_units":26578,"total_revenue":866759.375,"total_cost":441207.5,"total_discounts":156698.125,"total_profit":425551.875,"overall_margin":49.099998474121094,"fp_margin":56.900001525878906,"disc_margin":40.70000076293945,"pct_full_price":51.79999923706055,"avg_discount_rate":15.300000190734863,"fp_revenue":449330.234375,"disc_revenue":417429.140625,"unique_customers":8160,"brand":"LEVEL","date_range":"2024-01-01 00:00:00 to 2026-01-31 00:00:00","months_count":50,"avg_monthly_cost":17648.3,"cost_per_unit":33.199999999999996,"primary_category":"TABLET","primary_cat_margin":48.900001525878906,"category_rank":2,"category_total":2,"margin_vs_category":0.20000000298023224,"velocity_rank":2},"category_breakdown":[{"category_clean":"TABLET","units":26566,"revenue":866580.859375,"cost":441117.5,"profit":425463.359375,"discounts":156666.630859375,"margin":49.099998474121094,"category_avg_margin":48.900001525878906,"vs_category":0.2,"rank":2.0,"total_brands":2.0},{"category_clean":"CAPSULES","units":12,"revenue":178.50000381469727,"cost":90.0,"profit":88.50000381469727,"discounts":31.499998569488525,"margin":49.599998474121094,"category_avg_margin":58.70000076293945,"vs_category":-9.1,"rank":2.0,"total_brands":2.0}],"trend":[{"period":"2024-01","revenue":45569.375,"cost":22677.5,"margin":50.2,"units":1342,"transactions":822,"profit":22891.875,"revenue_change_pct":null,"units_change_pct":null,"margin_change_pts":null},{"period":"2024-02","revenue":46117.0263671875,"cost":22627.5,"margin":50.9,"units":1362,"transactions":792,"profit":23489.52392578125,"revenue_change_pct":1.2,"units_change_pct":1.5,"margin_change_pts":0.7},{"period":"2024-03","revenue":55280.4248046875,"cost":28815.0,"margin":47.9,"units":1798,"transactions":882,"profit":26465.4248046875,"revenue_change_pct":19.9,"units_change_pct":32.0,"margin_change_pts":-3.1},{"period":"2024-04","revenue":47410.8984375,"cost":26150.0,"margin":44.8,"units":1616,"transactions":802,"profit":21260.90087890625,"revenue_change_pct":-14.2,"units_change_pct":-10.1,"margin_change_pts":-3.0},{"period":"2024-05","revenue":46311.298828125,"cost":23090.0,"margin":50.1,"units":1510,"transactions":780,"profit":23221.298828125,"revenue_change_pct":-2.3,"units_change_pct":-6.6,"margin_change_pts":5.3},{"period":"2024-06","revenue":41177.5,"cost":21540.0,"margin":47.7,"units":1302,"transactions":688,"profit":19637.5,"revenue_change_pct":-11.1,"units_change_pct":-13.8,"margin_change_pts":-2.5},{"period":"2024-07","revenue":35224.150390625,"cost":18215.0,"margin":48.3,"units":1184,"transactions":646,"profit":17009.150390625,"revenue_change_pct":-14.5,"units_change_pct":-9.1,"margin_change_pts":0.6},{"period":"2024-08","revenue":39155.94970703125,"cost":19645.0,"margin":49.8,"units":1200,"transactions":692,"profit":19510.94970703125,"revenue_change_pct":11.2,"units_change_pct":1.4,"margin_change_pts":1.5},{"period":"2024-09","revenue":33743.85009765625,"cost":17395.0,"margin":48.4,"units":1080,"transactions":526,"profit":16348.85009765625,"revenue_change_pct":-13.8,"units_change_pct":-10.0,"margin_change_pts":-1.4},{"period":"2024-10","revenue":32360.77392578125,"cost":16285.0,"margin":49.7,"units":988,"transactions":552,"profit":16075.775146484375,"revenue_change_pct":-4.1,"units_change_pct":-8.5,"margin_change_pts":1.2},{"period":"2024-11","revenue":40990.3271484375,"cost":21240.0,"margin":48.2,"units":1158,"transactions":532,"profit":19750.32470703125,"revenue_change_pct":26.7,"units_change_pct":17.2,"margin_change_pts":-1.5},{"period":"2024-12","revenue":28709.89990234375,"cost":13995.0,"margin":51.3,"units":806,"transactions":424,"profit":14714.89990234375,"revenue_change_pct":-30.0,"units_change_pct":-30.4,"margin_change_pts":3.1},{"period":"2025-01","revenue":23692.37548828125,"cost":12105.0,"margin":48.9,"units":664,"transactions":426,"profit":11587.37548828125,"revenue_change_pct":-17.5,"units_change_pct":-17.6,"margin_change_pts":-2.3},{"period":"2025-02","revenue":28337.7001953125,"cost":13500.0,"margin":52.4,"units":710,"transactions":364,"profit":14837.7001953125,"revenue_change_pct":19.6,"units_change_pct":6.9,"margin_change_pts":3.5},{"period":"2025-03","revenue":27309.07470703125,"cost":15632.5,"margin":42.8,"units":932,"transactions":430,"profit":11676.57470703125,"revenue_change_pct":-3.6,"units_change_pct":31.3,"margin_change_pts":-9.6},{"period":"2025-04","revenue":34937.2509765625,"cost":20122.5,"margin":42.4,"units":1204,"transactions":570,"profit":14814.749755859375,"revenue_change_pct":27.9,"units_change_pct":29.2,"margin_change_pts":-0.4},{"period":"2025-05","revenue":26654.05029296875,"cost":13102.5,"margin":50.8,"units":788,"transactions":446,"profit":13551.55029296875,"revenue_change_pct":-23.7,"units_change_pct":-34.6,"margin_change_pts":8.4},{"period":"2025-06","revenue":37513.87451171875,"cost":18893.125,"margin":49.6,"units":1152,"transactions":592,"profit":18620.74951171875,"revenue_change_pct":40.7,"units_change_pct":46.2,"margin_change_pts":-1.2},{"period":"2025-07","revenue":26701.875,"cost":13146.875,"margin":50.8,"units":848,"transactions":430,"profit":13555.0,"revenue_change_pct":-28.8,"units_change_pct":-26.4,"margin_change_pts":1.1},{"period":"2025-08","revenue":26308.525390625,"cost":12597.5,"margin":52.1,"units":746,"transactions":448,"profit":13711.025390625,"revenue_change_pct":-1.5,"units_change_pct":-12.0,"margin_change_pts":1.4},{"period":"2025-09","revenue":24774.25048828125,"cost":11740.0,"margin":52.6,"units":694,"transactions":406,"profit":13034.25048828125,"revenue_change_pct":-5.8,"units_change_pct":-7.0,"margin_change_pts":0.5},{"period":"2025-10","revenue":30488.3740234375,"cost":15045.0,"margin":50.7,"units":888,"transactions":596,"profit":15443.375244140625,"revenue_change_pct":23.1,"units_change_pct":28.0,"margin_change_pts":-2.0},{"period":"2025-11","revenue":27547.62451171875,"cost":15065.0,"margin":45.3,"units":900,"transactions":500,"profit":12482.62451171875,"revenue_change_pct":-9.6,"units_change_pct":1.4,"margin_change_pts":-5.3},{"period":"2025-12","revenue":27173.798828125,"cost":12887.5,"margin":52.6,"units":764,"transactions":452,"profit":14286.300048828125,"revenue_change_pct":-1.4,"units_change_pct":-15.1,"margin_change_pts":7.3},{"period":"2026-01","revenue":33269.1259765625,"cost":15695.0,"margin":52.8,"units":942,"transactions":568,"profit":17574.124755859375,"revenue_change_pct":22.4,"units_change_pct":23.3,"margin_change_pts":0.3}],"share_of_category":[{"category":"TABLET","brand_revenue":866580.9375,"category_revenue":1935723.90625,"revenue_share_pct":44.79999923706055,"brand_units":26566,"category_units":55704,"units_share_pct":47.7},{"category":"CAPSULES","brand_revenue":178.50000381469727,"category_revenue":5815.650634765625,"revenue_share_pct":3.0999999046325684,"brand_units":12,"category_units":96,"units_share_pct":12.5}],"share_of_category_trend":{"TABLET":[{"period":"2024-01","brand_revenue":45569.375,"category_revenue":81429.6484375,"share_pct":56.0},{"period":"2024-02","brand_revenue":46117.0263671875,"category_revenue":74585.44921875,"share_pct":61.79999923706055},{"period":"2024-03","brand_revenue":55280.4248046875,"category_revenue":101039.62890625,"share_pct":54.70000076293945},{"period":"2024-04","brand_revenue":47410.8984375,"category_revenue":85444.072265625,"share_pct":55.5},{"period":"2024-05","brand_revenue":46311.298828125,"category_revenue":80040.7763671875,"share_pct":57.900001525878906},{"period":"2024-06","brand_revenue":41177.5,"category_revenue":89357.8515625,"share_pct":46.099998474121094},{"period":"2024-07","brand_revenue":35224.150390625,"category_revenue":83523.75,"share_pct":42.20000076293945},{"period":"2024-08","brand_revenue":39155.94970703125,"category_revenue":90648.57421875,"share_pct":43.20000076293945},{"period":"2024-09","brand_revenue":33743.85009765625,"category_revenue":83213.92578125,"share_pct":40.599998474121094},{"period":"2024-10","brand_revenue":32360.77392578125,"category_revenue":87348.876953125,"share_pct":37.0},{"period":"2024-11","brand_revenue":40990.3271484375,"category_revenue":73543.8232421875,"share_pct":55.70000076293945},{"period":"2024-12","brand_revenue":28709.89990234375,"category_revenue":74492.67578125,"share_pct":38.5},{"period":"2025-01","brand_revenue":23692.37548828125,"category_revenue":70151.2744140625,"share_pct":33.79999923706055},{"period":"2025-02","brand_revenue":28337.7001953125,"category_revenue":63931.25,"share_pct":44.29999923706055},{"period":"2025-03","brand_revenue":27130.57373046875,"category_revenue":65688.22265625,"share_pct":41.29999923706055},{"period":"2025-04","brand_revenue":34937.2509765625,"category_revenue":72523.92578125,"share_pct":48.20000076293945},{"period":"2025-05","brand_revenue":26654.05029296875,"category_revenue":65624.9755859375,"share_pct":40.599998474121094},{"period":"2025-06","brand_revenue":37513.87451171875,"category_revenue":70010.751953125,"share_pct":53.599998474121094},{"period":"2025-07","brand_revenue":26701.875,"category_revenue":72775.498046875,"share_pct":36.70000076293945},{"period":"2025-08","brand_revenue":26308.525390625,"category_revenue":77913.2763671875,"share_pct":33.79999923706055},{"period":"2025-09","brand_revenue":24774.25048828125,"category_revenue":73371.826171875,"share_pct":33.79999923706055},{"period":"2025-10","brand_revenue":30488.3740234375,"category_revenue":74601.6015625,"share_pct":40.900001525878906},{"period":"2025-11","brand_revenue":27547.62451171875,"category_revenue":80378.65234375,"share_pct":34.29999923706055},{"period":"2025-12","brand_revenue":27173.798828125,"category_revenue":62570.4736328125,"share_pct":43.400001525878906},{"period":"2026-01","brand_revenue":33269.1259765625,"category_revenue":81513.173828125,"share_pct":40.79999923706055}],"CAPSULES":[{"period":"2025-03","brand_revenue":178.50000381469727,"category_revenue":178.50000381469727,"share_pct":100.0},{"period":"2025-12","brand_revenue":0.0,"category_revenue":3549.89990234375,"share_pct":0.0},{"period":"2026-01","brand_revenue":0.0,"category_revenue":2087.2499084472656,"share_pct":0.0}]},"discount_depth":[{"tier":"0% (Full Price)","transactions":8286,"pct_of_transactions":47.8,"revenue":449330.234375,"avg_discount":0.0},{"tier":"1-10%","transactions":1984,"pct_of_transactions":11.4,"revenue":115888.2421875,"avg_discount":20.0},{"tier":"11-20%","transactions":1086,"pct_of_transactions":6.3,"revenue":54960.927734375,"avg_discount":37.599998474121094},{"tier":"21-30%","transactions":1764,"pct_of_transactions":10.2,"revenue":73815.1708984375,"avg_discount":56.599998474121094},{"tier":"31%+","transactions":1386,"pct_of_transactions":8.0,"revenue":51894.8974609375,"avg_discount":99.4000015258789}],"velocity":{"units_per_day":34.88,"revenue_per_day":1137.4749755859375,"avg_units_per_txn":3.7,"days_of_data":762,"total_units":26578,"total_transactions":14366},"velocity_by_category":[{"category":"TABLET","brand_units_per_day":34.86,"category_avg_units_per_day":36.56,"velocity_index":95.4,"brand_rev_per_unit":26.1,"category_rev_per_unit":27.8,"brands_in_category":2},{"category":"CAPSULES","brand_units_per_day":0.02,"category_avg_units_per_day":0.06,"velocity_index":25.0,"brand_rev_per_unit":11.9,"category_rev_per_unit":48.46,"brands_in_category":2}],"deals":[{"deal_name":"Industry - 30% Off","times_used":1736,"units":3275.0,"revenue":87762.84894943237,"discounts":37985.40050983429,"cost":54400.0,"profit":33362.84934550524,"pre_discount_revenue":125748.25009346008,"margin":38.0,"avg_discount":60.4},{"deal_name":"Senior - 10% Off","times_used":828,"units":1846.0,"revenue":65982.91196346283,"discounts":7464.087546467781,"cost":31723.125,"profit":34259.78693008423,"pre_discount_revenue":73447.00008869171,"margin":51.9,"avg_discount":20.4},{"deal_name":"Industry 30% Off","times_used":624,"units":1038.0,"revenue":24904.08746957779,"discounts":10893.412520885468,"cost":15190.625,"profit":9713.462423859164,"pre_discount_revenue":35797.5,"margin":39.0,"avg_discount":60.8},{"deal_name":"LEVEL TABS BOGO 50% Off","times_used":326,"units":886.0,"revenue":23734.50007557869,"discounts":9172.500019073486,"cost":14250.0,"profit":9484.499981030822,"pre_discount_revenue":32907.00006008148,"margin":40.0,"avg_discount":55.8},{"deal_name":"Veterans - 10% Off","times_used":282,"units":390.0,"revenue":13886.099905967712,"discounts":1550.4000061750412,"cost":6618.125,"profit":7267.974860668182,"pre_discount_revenue":15436.500010490417,"margin":52.3,"avg_discount":20.0},{"deal_name":"Senior / Veterans - 20% Off","times_used":256,"units":522.0,"revenue":17395.00014066696,"discounts":4348.75003516674,"cost":9390.0,"profit":8005.000107288361,"pre_discount_revenue":21743.750014305115,"margin":46.0,"avg_discount":40.0},{"deal_name":"4/20 2025 - Edibles","times_used":198,"units":479.0,"revenue":8923.249998092651,"discounts":8944.250001907349,"cost":7640.0,"profit":1283.2500004768372,"pre_discount_revenue":17867.5,"margin":14.4,"avg_discount":100.2},{"deal_name":"Level - 20% Off","times_used":158,"units":246.0,"revenue":7792.750017642975,"discounts":1987.2500032186508,"cost":4200.0,"profit":3592.750006914139,"pre_discount_revenue":9780.0,"margin":46.1,"avg_discount":40.6},{"deal_name":"LEVEL TABS BOGO","times_used":152,"units":518.0,"revenue":9628.224754333496,"discounts":9654.275288581848,"cost":8295.0,"profit":1333.2250274717808,"pre_discount_revenue":19282.5,"margin":13.8,"avg_discount":100.2},{"deal_name":"30% Off Special","times_used":142,"units":208.0,"revenue":4132.799954414368,"discounts":1771.2000405788422,"cost":2605.0,"profit":1527.8000092506409,"pre_discount_revenue":5904.000000953674,"margin":37.0,"avg_discount":60.0},{"deal_name":"4/20 50% Off!!!!","times_used":134,"units":418.0,"revenue":7998.000004291534,"discounts":7998.000004291534,"cost":6950.0,"profit":1047.9999989271164,"pre_discount_revenue":15996.000008583069,"margin":13.1,"avg_discount":100.0},{"deal_name":"Jackpot - Locals 30% Off","times_used":110,"units":144.0,"revenue":3982.6499366760254,"discounts":1706.8500208854675,"cost":2467.5,"profit":1515.1499795913696,"pre_discount_revenue":5689.500002861023,"margin":38.0,"avg_discount":60.0},{"deal_name":"LEVEL ProTabs BOGO 50%","times_used":104,"units":236.0,"revenue":5727.000031471252,"discounts":2279.5000052452087,"cost":3460.0,"profit":2266.9999969005585,"pre_discount_revenue":8006.500015258789,"margin":39.6,"avg_discount":57.0},{"deal_name":"50% Off - G2B","times_used":90,"units":220.0,"revenue":4572.9500071207685,"discounts":4603.716659545898,"cost":3895.0,"profit":677.9499999682109,"pre_discount_revenue":9176.666666666666,"margin":14.8,"avg_discount":100.4},{"deal_name":"GW - 50% Off Topicals / Tinctures / RSO / Tablets","times_used":66,"units":194.0,"revenue":4157.250008583069,"discounts":4157.250008583069,"cost":3600.0,"profit":557.2500002384186,"pre_discount_revenue":8314.500017166138,"margin":13.4,"avg_discount":100.0},{"deal_name":"Employee 30% - NOT FRIDAYS","times_used":48,"units":64.0,"revenue":1359.74999666214,"discounts":582.7500033378601,"cost":828.125,"profit":531.6249877214432,"pre_discount_revenue":1942.5,"margin":39.1,"avg_discount":60.0},{"deal_name":"LVAC - 25% Off","times_used":40,"units":122.0,"revenue":3408.375015258789,"discounts":1136.1250019073486,"cost":1898.75,"profit":1509.6249961853027,"pre_discount_revenue":4544.5000076293945,"margin":44.3,"avg_discount":50.0},{"deal_name":"Employee - 40% OFF","times_used":36,"units":66.0,"revenue":1651.500015258789,"discounts":1101.0000038146973,"cost":1187.5,"profit":463.99999618530273,"pre_discount_revenue":2752.5,"margin":28.1,"avg_discount":80.0},{"deal_name":"Store Credit - $15","times_used":20,"units":27.0,"revenue":649.1000072161357,"discounts":561.3166612386703,"cost":512.5,"profit":136.60000173064572,"pre_discount_revenue":1210.4166666666667,"margin":21.0,"avg_discount":92.8},{"deal_name":"Reno - Early Bird - Senior / Veterans - 20%","times_used":10,"units":10.0,"revenue":350.0,"discounts":87.5,"cost":187.5,"profit":162.5,"pre_discount_revenue":437.5,"margin":46.4,"avg_discount":40.0},{"deal_name":"Store Credit - $25","times_used":6,"units":13.0,"revenue":349.35000578562415,"discounts":228.56666088104248,"cost":243.75,"profit":105.59999982515973,"pre_discount_revenue":577.9166666666666,"margin":30.2,"avg_discount":79.2},{"deal_name":"LEVEL ProTabs BOGO","times_used":6,"units":14.0,"revenue":290.0,"discounts":127.5,"cost":180.0,"profit":110.0,"pre_discount_revenue":417.5,"margin":37.9,"avg_discount":61.0},{"deal_name":"Sammy Davis Early Bird - 15% Off","times_used":6,"units":8.0,"revenue":310.2500057220459,"discounts":54.750001430511475,"cost":152.5,"profit":157.7500033378601,"pre_discount_revenue":365.0,"margin":50.8,"avg_discount":30.0},{"deal_name":"Senior Sunday - RENO ONLY - 20% Off","times_used":4,"units":12.0,"revenue":436.00000858306885,"discounts":109.00000214576721,"cost":235.0,"profit":200.99999904632568,"pre_discount_revenue":545.0,"margin":46.1,"avg_discount":40.0},{"deal_name":"Main St Happy Hour - 25% Off","times_used":4,"units":4.0,"revenue":131.25,"discounts":43.75,"cost":75.0,"profit":56.25,"pre_discount_revenue":175.0,"margin":42.9,"avg_discount":50.0},{"deal_name":"Store Credit - $100","times_used":2,"units":4.0,"revenue":91.67499542236328,"discounts":83.32500457763672,"cost":75.0,"profit":16.675000190734863,"pre_discount_revenue":175.0,"margin":18.2,"avg_discount":95.2},{"deal_name":"Medical - 10%","times_used":2,"units":4.0,"revenue":63.00000190734863,"discounts":6.9999998807907104,"cost":30.0,"profit":32.99999952316284,"pre_discount_revenue":70.0,"margin":52.4,"avg_discount":20.0},{"deal_name":"Store Credit - $50","times_used":2,"units":1.0,"revenue":9.787499904632568,"discounts":33.96250009536743,"cost":18.75,"profit":-8.962500095367432,"pre_discount_revenue":43.75,"margin":-91.6,"avg_discount":155.2},{"deal_name":"Store Credit - $75","times_used":2,"units":1.0,"revenue":25.98750114440918,"discounts":17.762500047683716,"cost":18.75,"profit":7.237499952316284,"pre_discount_revenue":43.75,"margin":27.8,"avg_discount":81.2},{"deal_name":"Voucher - 35% Off One Item","times_used":2,"units":2.0,"revenue":43.87499809265137,"discounts":23.624999523162842,"cost":30.0,"profit":13.875000476837158,"pre_discount_revenue":67.5,"margin":31.6,"avg_discount":70.0}],"top_products":[{"product":"SATIVA PROTAB 10 PK - LEVEL","units":5988,"revenue":232211.4453125,"cost":116297.5,"profit":115913.9453125,"transactions":4124,"margin":49.900001525878906},{"product":"HYBRID PROTAB 10 PK - LEVEL","units":5432,"revenue":208915.87890625,"cost":106332.5,"profit":102583.37890625,"transactions":3660,"margin":49.099998474121094},{"product":"INDICA PROTAB 10 PK - LEVEL","units":5092,"revenue":194247.421875,"cost":99902.5,"profit":94344.921875,"transactions":3276,"margin":48.599998474121094},{"product":"4:3:1 THC/CBN/CBG LIGHTS OUT PROTAB 10 PK - LEVEL","units":1410,"revenue":57069.1748046875,"cost":28200.0,"profit":28869.1748046875,"transactions":994,"margin":50.599998474121094},{"product":"SATIVA HASHTAB 4 PK - LEVEL","units":1534,"revenue":45340.80078125,"cost":23010.0,"profit":22330.80078125,"transactions":1028,"margin":49.29999923706055},{"product":"INDICA HASHTAB 4 PK - LEVEL","units":1570,"revenue":43890.6494140625,"cost":23550.0,"profit":20340.650634765625,"transactions":1110,"margin":46.29999923706055},{"product":"SATIVA PROTAB 1 PK - LEVEL","units":2110,"revenue":31314.3994140625,"cost":15800.0,"profit":15514.3994140625,"transactions":1136,"margin":49.5},{"product":"SATIVA PROTAB 2 PK - LEVEL","units":1340,"revenue":19399.300537109375,"cost":10050.0,"profit":9349.299926757812,"transactions":778,"margin":48.20000076293945},{"product":"INDICA PROTAB 1 PK - LEVEL","units":1216,"revenue":17394.324951171875,"cost":9120.0,"profit":8274.324951171875,"transactions":680,"margin":47.599998474121094},{"product":"INDICA PROTAB 2 PK - LEVEL","units":660,"revenue":9191.849975585938,"cost":4950.0,"profit":4241.8499755859375,"transactions":426,"margin":46.099998474121094},{"product":"INDICA PROTAB 10 PK 250MG - LEVEL","units":126,"revenue":5064.125061035156,"cost":2520.0,"profit":2544.1250610351562,"transactions":74,"margin":50.20000076293945},{"product":"SATIVA PROTAB 10 PK 250MG - LEVEL","units":40,"revenue":1424.4999694824219,"cost":800.0,"profit":624.4999694824219,"transactions":36,"margin":43.79999923706055},{"product":"SATIVA HASHTAB 10 PK - LEVEL","units":18,"revenue":770.0,"cost":360.0,"profit":410.0,"transactions":12,"margin":53.20000076293945},{"product":"INDICA PROTAB 1 PK 100MG - LEVEL","units":42,"revenue":525.4999923706055,"cost":315.0,"profit":210.49999237060547,"transactions":18,"margin":40.099998474121094}],"products_by_store":{"Elevation Springs":[{"product":"SATIVA PROTAB 10 PK - LEVEL","units":1260,"revenue":47460.2978515625,"cost":24242.5,"profit":23217.80029296875,"transactions":936,"margin":48.900001525878906},{"product":"INDICA PROTAB 10 PK - LEVEL","units":1178,"revenue":43128.8232421875,"cost":23077.5,"profit":20051.324462890625,"transactions":778,"margin":46.5},{"product":"HYBRID PROTAB 10 PK - LEVEL","units":1150,"revenue":41988.251953125,"cost":22420.0,"profit":19568.24951171875,"transactions":898,"margin":46.599998474121094},{"product":"4:3:1 THC/CBN/CBG LIGHTS OUT PROTAB 10 PK - LEVEL","units":236,"revenue":9458.5498046875,"cost":4720.0,"profit":4738.5498046875,"transactions":180,"margin":50.099998474121094},{"product":"SATIVA HASHTAB 4 PK - LEVEL","units":226,"revenue":6620.8001708984375,"cost":3390.0,"profit":3230.7998657226562,"transactions":168,"margin":48.79999923706055},{"product":"SATIVA PROTAB 1 PK - LEVEL","units":440,"revenue":6247.5,"cost":3300.0,"profit":2947.5,"transactions":274,"margin":47.20000076293945},{"product":"INDICA HASHTAB 4 PK - LEVEL","units":224,"revenue":5958.499755859375,"cost":3360.0,"profit":2598.5000610351562,"transactions":152,"margin":43.599998474121094},{"product":"INDICA PROTAB 1 PK - LEVEL","units":318,"revenue":4333.500061035156,"cost":2385.0,"profit":1948.5000610351562,"transactions":184,"margin":45.0},{"product":"SATIVA PROTAB 2 PK - LEVEL","units":266,"revenue":3755.8248901367188,"cost":1995.0,"profit":1760.8250427246094,"transactions":180,"margin":46.900001525878906},{"product":"INDICA PROTAB 2 PK - LEVEL","units":184,"revenue":2474.2750549316406,"cost":1380.0,"profit":1094.2749786376953,"transactions":106,"margin":44.20000076293945}],"Elevation Mesa":[{"product":"INDICA PROTAB 10 PK - LEVEL","units":522,"revenue":19497.62451171875,"cost":10235.0,"profit":9262.625122070312,"transactions":356,"margin":47.5},{"product":"SATIVA PROTAB 10 PK - LEVEL","units":450,"revenue":16260.775146484375,"cost":8492.5,"profit":7768.275146484375,"transactions":304,"margin":47.79999923706055},{"product":"HYBRID PROTAB 10 PK - LEVEL","units":410,"revenue":14846.8505859375,"cost":7957.5,"profit":6889.3499755859375,"transactions":304,"margin":46.400001525878906},{"product":"SATIVA HASHTAB 4 PK - LEVEL","units":188,"revenue":4980.249938964844,"cost":2820.0,"profit":2160.2500915527344,"transactions":122,"margin":43.400001525878906},{"product":"4:3:1 THC/CBN/CBG LIGHTS OUT PROTAB 10 PK - LEVEL","units":128,"revenue":4796.1749267578125,"cost":2560.0,"profit":2236.1749267578125,"transactions":86,"margin":46.599998474121094},{"product":"INDICA HASHTAB 4 PK - LEVEL","units":100,"revenue":2310.4750061035156,"cost":1500.0,"profit":810.4750061035156,"transactions":90,"margin":35.099998474121094},{"product":"SATIVA PROTAB 2 PK - LEVEL","units":160,"revenue":2206.7999267578125,"cost":1200.0,"profit":1006.8000030517578,"transactions":106,"margin":45.599998474121094},{"product":"SATIVA PROTAB 1 PK - LEVEL","units":164,"revenue":2194.499969482422,"cost":1205.0,"profit":989.4999694824219,"transactions":104,"margin":45.099998474121094},{"product":"INDICA PROTAB 1 PK - LEVEL","units":128,"revenue":1786.25,"cost":960.0,"profit":826.25,"transactions":90,"margin":46.29999923706055},{"product":"INDICA PROTAB 2 PK - LEVEL","units":116,"revenue":1535.8749389648438,"cost":870.0,"profit":665.8750152587891,"transactions":84,"margin":43.400001525878906},{"product":"SATIVA PROTAB 10 PK 250MG - LEVEL","units":40,"revenue":1424.4999694824219,"cost":800.0,"profit":624.4999694824219,"transactions":36,"margin":43.79999923706055}],"Elevation Oasis":[{"product":"SATIVA PROTAB 10 PK - LEVEL","units":1000,"revenue":41609.90234375,"cost":19652.5,"profit":21957.39990234375,"transactions":682,"margin":52.79999923706055},{"product":"HYBRID PROTAB 10 PK - LEVEL","units":948,"revenue":37033.67431640625,"cost":18660.0,"profit":18373.675537109375,"transactions":570,"margin":49.599998474121094},{"product":"INDICA PROTAB 10 PK - LEVEL","units":876,"revenue":35598.64990234375,"cost":17170.0,"profit":18428.64990234375,"transactions":550,"margin":51.79999923706055},{"product":"4:3:1 THC/CBN/CBG LIGHTS OUT PROTAB 10 PK - LEVEL","units":458,"revenue":19463.5498046875,"cost":9160.0,"profit":10303.5498046875,"transactions":310,"margin":52.900001525878906},{"product":"SATIVA HASHTAB 4 PK - LEVEL","units":356,"revenue":11148.87451171875,"cost":5340.0,"profit":5808.8751220703125,"transactions":244,"margin":52.099998474121094},{"product":"INDICA HASHTAB 4 PK - LEVEL","units":372,"revenue":10761.224365234375,"cost":5580.0,"profit":5181.2249755859375,"transactions":284,"margin":48.099998474121094},{"product":"SATIVA PROTAB 1 PK - LEVEL","units":550,"revenue":8853.150024414062,"cost":4125.0,"profit":4728.1500244140625,"transactions":316,"margin":53.400001525878906},{"product":"SATIVA PROTAB 2 PK - LEVEL","units":356,"revenue":5541.55029296875,"cost":2670.0,"profit":2871.5499877929688,"transactions":204,"margin":51.79999923706055},{"product":"INDICA PROTAB 1 PK - LEVEL","units":292,"revenue":4608.324890136719,"cost":2190.0,"profit":2418.3250427246094,"transactions":160,"margin":52.5},{"product":"INDICA PROTAB 2 PK - LEVEL","units":118,"revenue":1935.5000305175781,"cost":885.0,"profit":1050.5000305175781,"transactions":74,"margin":54.29999923706055},{"product":"SATIVA HASHTAB 10 PK - LEVEL","units":18,"revenue":770.0,"cost":360.0,"profit":410.0,"transactions":12,"margin":53.20000076293945}],"Elevation Downtown":[{"product":"INDICA PROTAB 10 PK - LEVEL","units":96,"revenue":4028.75,"cost":1800.0,"profit":2228.75,"transactions":80,"margin":55.29999923706055},{"product":"SATIVA PROTAB 10 PK - LEVEL","units":90,"revenue":3526.0000610351562,"cost":1687.5,"profit":1838.5000610351562,"transactions":74,"margin":52.099998474121094},{"product":"HYBRID PROTAB 10 PK - LEVEL","units":76,"revenue":3010.8749389648438,"cost":1447.5,"profit":1563.3749389648438,"transactions":62,"margin":51.900001525878906},{"product":"INDICA PROTAB 2 PK - LEVEL","units":28,"revenue":423.49998474121094,"cost":210.0,"profit":213.50000381469727,"transactions":22,"margin":50.400001525878906},{"product":"SATIVA PROTAB 2 PK - LEVEL","units":20,"revenue":325.49999237060547,"cost":150.0,"profit":175.49999237060547,"transactions":12,"margin":53.900001525878906}],"Elevation Midtown":[{"product":"SATIVA PROTAB 10 PK - LEVEL","units":1264,"revenue":49793.251953125,"cost":24595.0,"profit":25198.24951171875,"transactions":860,"margin":50.599998474121094},{"product":"HYBRID PROTAB 10 PK - LEVEL","units":958,"revenue":39143.62548828125,"cost":18682.5,"profit":20461.12548828125,"transactions":694,"margin":52.29999923706055},{"product":"INDICA PROTAB 10 PK - LEVEL","units":932,"revenue":36968.3740234375,"cost":18325.0,"profit":18643.375244140625,"transactions":638,"margin":50.400001525878906},{"product":"4:3:1 THC/CBN/CBG LIGHTS OUT PROTAB 10 PK - LEVEL","units":314,"revenue":12303.399658203125,"cost":6280.0,"profit":6023.399658203125,"transactions":220,"margin":49.0},{"product":"SATIVA HASHTAB 4 PK - LEVEL","units":390,"revenue":12058.125,"cost":5850.0,"profit":6208.125,"transactions":240,"margin":51.5},{"product":"INDICA HASHTAB 4 PK - LEVEL","units":382,"revenue":11209.375,"cost":5730.0,"profit":5479.375,"transactions":260,"margin":48.900001525878906},{"product":"SATIVA PROTAB 1 PK - LEVEL","units":228,"revenue":3462.9998779296875,"cost":1710.0,"profit":1753.0000305175781,"transactions":126,"margin":50.599998474121094},{"product":"INDICA PROTAB 1 PK - LEVEL","units":158,"revenue":2406.999969482422,"cost":1185.0,"profit":1221.9999694824219,"transactions":98,"margin":50.79999923706055},{"product":"INDICA PROTAB 10 PK 250MG - LEVEL","units":46,"revenue":1988.75,"cost":920.0,"profit":1068.75,"transactions":28,"margin":53.70000076293945},{"product":"SATIVA PROTAB 2 PK - LEVEL","units":96,"revenue":1480.5000305175781,"cost":720.0,"profit":760.5000305175781,"transactions":74,"margin":51.400001525878906},{"product":"INDICA PROTAB 2 PK - LEVEL","units":94,"revenue":1291.5249633789062,"cost":705.0,"profit":586.5250015258789,"transactions":70,"margin":45.400001525878906}],"Elevation Boulevard":[{"product":"SATIVA PROTAB 10 PK - LEVEL","units":706,"revenue":24479.45068359375,"cost":13870.0,"profit":10609.449462890625,"transactions":438,"margin":43.29999923706055},{"product":"HYBRID PROTAB 10 PK - LEVEL","units":678,"revenue":23571.59912109375,"cost":13415.0,"profit":10156.599731445312,"transactions":394,"margin":43.099998474121094},{"product":"INDICA PROTAB 10 PK - LEVEL","units":638,"revenue":22241.14990234375,"cost":12625.0,"profit":9616.14990234375,"transactions":340,"margin":43.20000076293945},{"product":"SATIVA HASHTAB 4 PK - LEVEL","units":190,"revenue":4881.650085449219,"cost":2850.0,"profit":2031.6500854492188,"transactions":122,"margin":41.599998474121094},{"product":"INDICA HASHTAB 4 PK - LEVEL","units":188,"revenue":4778.399963378906,"cost":2820.0,"profit":1958.3999633789062,"transactions":132,"margin":41.0},{"product":"SATIVA PROTAB 1 PK - LEVEL","units":348,"revenue":4699.750061035156,"cost":2610.0,"profit":2089.7499084472656,"transactions":170,"margin":44.5},{"product":"SATIVA PROTAB 2 PK - LEVEL","units":268,"revenue":3357.2500610351562,"cost":2010.0,"profit":1347.2500610351562,"transactions":108,"margin":40.099998474121094},{"product":"4:3:1 THC/CBN/CBG LIGHTS OUT PROTAB 10 PK - LEVEL","units":86,"revenue":3231.25,"cost":1720.0,"profit":1511.25,"transactions":72,"margin":46.79999923706055},{"product":"INDICA PROTAB 1 PK - LEVEL","units":160,"revenue":2086.0000610351562,"cost":1200.0,"profit":885.9999847412109,"transactions":106,"margin":42.5},{"product":"INDICA PROTAB 2 PK - LEVEL","units":46,"revenue":621.0000228881836,"cost":345.0,"profit":276.00000381469727,"transactions":32,"margin":44.400001525878906},{"product":"INDICA PROTAB 1 PK 100MG - LEVEL","units":2,"revenue":35.0,"cost":15.0,"profit":20.0,"transactions":2,"margin":57.099998474121094}],"Elevation Parkway":[{"product":"HYBRID PROTAB 10 PK - LEVEL","units":1212,"revenue":49321.0009765625,"cost":23750.0,"profit":25571.0009765625,"transactions":738,"margin":51.79999923706055},{"product":"SATIVA PROTAB 10 PK - LEVEL","units":1218,"revenue":49081.77734375,"cost":23757.5,"profit":25324.27490234375,"transactions":830,"margin":51.599998474121094},{"product":"INDICA PROTAB 10 PK - LEVEL","units":850,"revenue":32784.05029296875,"cost":16670.0,"profit":16114.05029296875,"transactions":534,"margin":49.20000076293945},{"product":"INDICA HASHTAB 4 PK - LEVEL","units":304,"revenue":8872.675170898438,"cost":4560.0,"profit":4312.674865722656,"transactions":192,"margin":48.599998474121094},{"product":"4:3:1 THC/CBN/CBG LIGHTS OUT PROTAB 10 PK - LEVEL","units":188,"revenue":7816.25,"cost":3760.0,"profit":4056.25,"transactions":126,"margin":51.900001525878906},{"product":"SATIVA PROTAB 1 PK - LEVEL","units":380,"revenue":5856.4996337890625,"cost":2850.0,"profit":3006.4999389648438,"transactions":146,"margin":51.29999923706055},{"product":"SATIVA HASHTAB 4 PK - LEVEL","units":184,"revenue":5651.099853515625,"cost":2760.0,"profit":2891.1001586914062,"transactions":132,"margin":51.20000076293945},{"product":"INDICA PROTAB 10 PK 250MG - LEVEL","units":80,"revenue":3075.3750610351562,"cost":1600.0,"profit":1475.3750610351562,"transactions":46,"margin":48.0},{"product":"SATIVA PROTAB 2 PK - LEVEL","units":174,"revenue":2731.875,"cost":1305.0,"profit":1426.875,"transactions":94,"margin":52.20000076293945},{"product":"INDICA PROTAB 1 PK - LEVEL","units":160,"revenue":2173.249969482422,"cost":1200.0,"profit":973.2499694824219,"transactions":42,"margin":44.79999923706055},{"product":"INDICA PROTAB 2 PK - LEVEL","units":74,"revenue":910.1750183105469,"cost":555.0,"profit":355.1750183105469,"transactions":38,"margin":39.0},{"product":"INDICA PROTAB 1 PK 100MG - LEVEL","units":40,"revenue":490.49999237060547,"cost":300.0,"profit":190.49999237060547,"transactions":16,"margin":38.79999923706055}]},"store_summary":[{"store_clean":"Elevation Oasis","units":5344,"revenue":177324.39453125,"cost":85792.5,"profit":91531.904296875,"discounts":20821.59912109375,"margin":51.599998474121094,"discount_rate":10.5},{"store_clean":"Elevation Midtown","units":4862,"revenue":172106.93359375,"cost":84702.5,"profit":87404.423828125,"discounts":24103.57421875,"margin":50.79999923706055,"discount_rate":12.300000190734863},{"store_clean":"Elevation Springs","units":5482,"revenue":171426.328125,"cost":90270.0,"profit":81156.3232421875,"discounts":38748.67431640625,"margin":47.29999923706055,"discount_rate":18.399999618530273},{"store_clean":"Elevation Parkway","units":4864,"revenue":168764.53125,"cost":83067.5,"profit":85697.021484375,"discounts":23616.97509765625,"margin":50.79999923706055,"discount_rate":12.300000190734863},{"store_clean":"Elevation Boulevard","units":3310,"revenue":93982.5,"cost":53480.0,"profit":40502.5,"discounts":30018.9990234375,"margin":43.099998474121094,"discount_rate":24.200000762939453},{"store_clean":"Elevation Mesa","units":2406,"revenue":71840.0732421875,"cost":38600.0,"profit":33240.07568359375,"discounts":18132.9248046875,"margin":46.29999923706055,"discount_rate":20.200000762939453},{"store_clean":"Elevation Downtown","units":310,"revenue":11314.625244140625,"cost":5295.0,"profit":6019.625244140625,"discounts":1255.374984741211,"margin":53.20000076293945,"discount_rate":10.0}],"recommendations":[{"severity":"info","title":"VOLUME LEVERAGE","detail":"$346,704 revenue provides negotiating leverage.","action":"Use volume as leverage in next vendor meeting."}],"comparison":null}