{"brand":"GFIVE","date_range":"2024-01-01 00:00:00 to 2026-01-31 00:00:00","period_label":"All Time","summary":{"total_units":2710,"total_revenue":69421.025390625,"total_cost":32689.375,"total_discounts":26991.474609375,"total_profit":36731.65283203125,"overall_margin":52.900001525878906,"fp_margin":61.0,"disc_margin":50.900001525878906,"pct_full_price":20.100000381469727,"avg_discount_rate":28.0,"fp_revenue":13987.5,"disc_revenue":55433.525390625,"brand":"GFIVE","date_range":"2024-01-01 00:00:00 to 2026-01-31 00:00:00","primary_category":"FLOWER","store_coverage":"6/7","stores_present":["Elevation Springs","Elevation Mesa","Elevation Oasis","Elevation Midtown","Elevation Boulevard","Elevation Parkway"],"stores_missing":["Elevation Downtown"],"velocity_rank":47,"velocity_total":64},"distribution":[{"store":"Elevation Springs","carries_brand":true,"sku_count":6,"revenue":20556.25,"units":796,"store_total_revenue":51138750.0,"brand_share_pct":0.0},{"store":"Elevation Mesa","carries_brand":true,"sku_count":6,"revenue":15406.650390625,"units":600,"store_total_revenue":47532240.0,"brand_share_pct":0.0},{"store":"Elevation Oasis","carries_brand":true,"sku_count":6,"revenue":15625.0,"units":610,"store_total_revenue":56050145.0,"brand_share_pct":0.0},{"store":"Elevation Downtown","carries_brand":false,"sku_count":0,"revenue":0.0,"units":0,"store_total_revenue":1945237.1875,"brand_share_pct":0},{"store":"Elevation Midtown","carries_brand":true,"sku_count":6,"revenue":7516.25,"units":300,"store_total_revenue":30850185.0,"brand_share_pct":0.0},{"store":"Elevation Boulevard","carries_brand":true,"sku_count":6,"revenue":7609.375,"units":296,"store_total_revenue":28757865.0,"brand_share_pct":0.0},{"store":"Elevation Parkway","carries_brand":true,"sku_count":6,"revenue":2707.5,"units":108,"store_total_revenue":21987007.5,"brand_share_pct":0.0}],"share_of_category":[{"category":"FLOWER","brand_revenue":69421.025390625,"category_revenue":77755450.0,"revenue_share_pct":0.10000000149011612,"brand_units":2710,"category_units":2708446,"units_share_pct":0.1}],"share_of_category_trend":{"FLOWER":[{"period":"2024-01","brand_revenue":0.0,"category_revenue":3552357.8125,"share_pct":0.0},{"period":"2024-02","brand_revenue":0.0,"category_revenue":3535245.625,"share_pct":0.0},{"period":"2024-03","brand_revenue":0.0,"category_revenue":3693805.625,"share_pct":0.0},{"period":"2024-04","brand_revenue":0.0,"category_revenue":3541899.6875,"share_pct":0.0},{"period":"2024-05","brand_revenue":0.0,"category_revenue":3537479.375,"share_pct":0.0},{"period":"2024-06","brand_revenue":0.0,"category_revenue":3403269.6875,"share_pct":0.0},{"period":"2024-07","brand_revenue":12354.375,"category_revenue":3457705.9375,"share_pct":0.4000000059604645},{"period":"2024-08","brand_revenue":36976.650390625,"category_revenue":3453819.375,"share_pct":1.100000023841858},{"period":"2024-09","brand_revenue":9610.0,"category_revenue":3316441.5625,"share_pct":0.30000001192092896},{"period":"2024-10","brand_revenue":10480.0,"category_revenue":3585775.0,"share_pct":0.30000001192092896},{"period":"2024-11","brand_revenue":0.0,"category_revenue":3454855.3125,"share_pct":0.0},{"period":"2024-12","brand_revenue":0.0,"category_revenue":3226567.8125,"share_pct":0.0},{"period":"2025-01","brand_revenue":0.0,"category_revenue":2984938.125,"share_pct":0.0},{"period":"2025-02","brand_revenue":0.0,"category_revenue":2816220.0,"share_pct":0.0},{"period":"2025-03","brand_revenue":0.0,"category_revenue":2911379.6875,"share_pct":0.0},{"period":"2025-04","brand_revenue":0.0,"category_revenue":3118895.3125,"share_pct":0.0},{"period":"2025-05","brand_revenue":0.0,"category_revenue":2887345.0,"share_pct":0.0},{"period":"2025-06","brand_revenue":0.0,"category_revenue":2773698.125,"share_pct":0.0},{"period":"2025-07","brand_revenue":0.0,"category_revenue":2782763.125,"share_pct":0.0},{"period":"2025-08","brand_revenue":0.0,"category_revenue":2733122.8125,"share_pct":0.0},{"period":"2025-09","brand_revenue":0.0,"category_revenue":2603501.5625,"share_pct":0.0},{"period":"2025-10","brand_revenue":0.0,"category_revenue":2663705.0,"share_pct":0.0},{"period":"2025-11","brand_revenue":0.0,"category_revenue":2700189.0625,"share_pct":0.0},{"period":"2025-12","brand_revenue":0.0,"category_revenue":2515209.53125,"share_pct":0.0},{"period":"2026-01","brand_revenue":0.0,"category_revenue":2505261.875,"share_pct":0.0}]},"velocity_by_category":[{"category":"FLOWER","brand_units_per_day":3.56,"category_avg_units_per_day":55.54,"velocity_index":6.4,"brand_rev_per_unit":20.49,"category_rev_per_unit":22.97,"brands_in_category":64}],"store_gaps":[{"store":"Elevation Downtown","category":"FLOWER","category_revenue_at_store":324929.8828125,"opportunity":"Brand not carried"}],"product_mix":{"top":[{"product":"DAILY GRAPE EIGHTH - GFIVE","units":902,"revenue":23668.75,"cost":10880.374755859375,"profit":12788.375244140625,"stores":6,"transactions":700,"margin":54.0},{"product":"HIGH FIVE EIGHTH - GFIVE","units":908,"revenue":22924.150390625,"cost":10952.7490234375,"profit":11971.400146484375,"stores":6,"transactions":692,"margin":52.20000076293945},{"product":"PYNK MYNK 2.0 EIGHTH - GFIVE","units":900,"revenue":22828.125,"cost":10856.25,"profit":11971.875,"stores":6,"transactions":694,"margin":52.400001525878906}],"bottom":[],"expansion":[]},"pricing_consistency":[{"product":"HIGH FIVE EIGHTH - GFIVE","min_price":45.9375,"max_price":50.955882352941174,"avg_price":49.65806612015782,"std_dev":0.7809674273943941,"store_count":12,"price_range":5.0183823529411775,"range_pct":10.1},{"product":"DAILY GRAPE EIGHTH - GFIVE","min_price":49.77272727272727,"max_price":53.3,"avg_price":52.230276905895714,"std_dev":0.5496309891136852,"store_count":12,"price_range":3.5272727272727256,"range_pct":6.8},{"product":"PYNK MYNK 2.0 EIGHTH - GFIVE","min_price":48.449999999999996,"max_price":51.838235294117645,"avg_price":50.62182174953315,"std_dev":0.4881440670018838,"store_count":12,"price_range":3.3882352941176475,"range_pct":6.7}],"promotional_effectiveness":{"lift":{"fp_units_per_day":6.96,"disc_units_per_day":22.36,"lift_pct":221.5,"fp_avg_revenue_per_unit":61.900000000000006,"disc_avg_revenue_per_unit":49.1},"by_deal":[{"deal_name":"Stock & Save - 1/4 for $40","uses":440,"revenue":37613.75,"discounts":18523.75,"units":1503.0,"cost":18129.936833381653,"margin":51.8,"discount_depth":66.0},{"deal_name":"Industry - 30% Off","uses":202,"revenue":10576.25,"discounts":4536.25,"units":447.0,"cost":5391.937289237976,"margin":49.0,"discount_depth":60.0},{"deal_name":"GFIVE 1/4 - $35","uses":32,"revenue":2887.5,"discounts":2062.5,"units":132.0,"cost":1592.2499370574951,"margin":44.9,"discount_depth":83.4},{"deal_name":"Jackpot - Locals 30% Off","uses":7,"revenue":367.5,"discounts":157.5,"units":14.0,"cost":168.87499332427979,"margin":54.0,"discount_depth":60.0},{"deal_name":"Senior - 10% Off","uses":7,"revenue":416.25,"discounts":46.25,"units":14.0,"cost":168.87499332427979,"margin":59.4,"discount_depth":20.0},{"deal_name":"Employee - 40% OFF","uses":4,"revenue":180.0,"discounts":120.0,"units":8.0,"cost":96.49999618530273,"margin":46.4,"discount_depth":80.0},{"deal_name":"Senior / Veterans - 20% Off","uses":4,"revenue":220.0,"discounts":55.0,"units":8.0,"cost":96.49999618530273,"margin":56.1,"discount_depth":40.0},{"deal_name":"LVAC - 25% Off","uses":2,"revenue":168.75,"discounts":56.25,"units":6.0,"cost":72.37499713897705,"margin":57.1,"discount_depth":50.0},{"deal_name":"Veterans - 10% Off","uses":2,"revenue":135.0,"discounts":15.0,"units":4.0,"cost":48.24999809265137,"margin":64.3,"discount_depth":20.0}]},"growth_opportunities":[{"type":"distribution","title":"Expand to Elevation Downtown","detail":"Store has $129,972 in FLOWER \u2014 categories where GFIVE competes.","priority":"high"},{"type":"velocity","title":"Improve velocity in FLOWER","detail":"Velocity index 6 (below category average). 1.8 units/day vs 27.8 avg.","priority":"medium"}],"trend":[{"period":"2024-07","revenue":12354.375,"cost":5838.24951171875,"margin":52.7,"units":484,"transactions":402,"profit":6516.1248779296875,"revenue_change_pct":null,"units_change_pct":null,"margin_change_pts":null},{"period":"2024-08","revenue":36976.650390625,"cost":17418.24951171875,"margin":52.9,"units":1444,"transactions":908,"profit":19558.40087890625,"revenue_change_pct":199.3,"units_change_pct":198.3,"margin_change_pts":0.2},{"period":"2024-09","revenue":9610.0,"cost":4390.749816894531,"margin":54.3,"units":364,"transactions":282,"profit":5219.2498779296875,"revenue_change_pct":-74.0,"units_change_pct":-74.8,"margin_change_pts":1.4},{"period":"2024-10","revenue":10480.0,"cost":5042.124938964844,"margin":51.9,"units":418,"transactions":342,"profit":5437.8753662109375,"revenue_change_pct":9.1,"units_change_pct":14.8,"margin_change_pts":-2.4}]}