{"brand":"GFIVE","date_range":"2024-01-01 00:00:00 to 2026-01-31 00:00:00","period_label":"All Time","summary":{"total_units":1355,"total_revenue":27768.41015625,"total_cost":13075.75,"total_discounts":10796.58984375,"total_profit":14692.6611328125,"overall_margin":52.900001525878906,"fp_margin":61.0,"disc_margin":50.900001525878906,"pct_full_price":20.100000381469727,"avg_discount_rate":28.0,"fp_revenue":5595.0,"disc_revenue":22173.41015625,"unique_customers":771,"brand":"GFIVE","date_range":"2024-01-01 00:00:00 to 2026-01-31 00:00:00","months_count":4,"avg_monthly_cost":3268.94,"cost_per_unit":9.65,"primary_category":"FLOWER","primary_cat_margin":54.099998474121094,"category_rank":48,"category_total":64,"margin_vs_category":-1.2000000476837158,"velocity_rank":47},"category_breakdown":[{"category_clean":"FLOWER","units":1355,"revenue":27768.41015625,"cost":13075.75,"profit":14692.66015625,"discounts":10796.58984375,"margin":52.900001525878906,"category_avg_margin":54.099998474121094,"vs_category":-1.2,"rank":48.0,"total_brands":64.0}],"trend":[{"period":"2024-07","revenue":4941.75,"cost":2335.2998046875,"margin":52.7,"units":242,"transactions":201,"profit":2606.449951171875,"revenue_change_pct":null,"units_change_pct":null,"margin_change_pts":null},{"period":"2024-08","revenue":14790.66015625,"cost":6967.2998046875,"margin":52.9,"units":722,"transactions":454,"profit":7823.3603515625,"revenue_change_pct":199.3,"units_change_pct":198.3,"margin_change_pts":0.2},{"period":"2024-09","revenue":3844.0,"cost":1756.2999267578125,"margin":54.3,"units":182,"transactions":141,"profit":2087.699951171875,"revenue_change_pct":-74.0,"units_change_pct":-74.8,"margin_change_pts":1.4},{"period":"2024-10","revenue":4192.0,"cost":2016.8499755859375,"margin":51.9,"units":209,"transactions":171,"profit":2175.150146484375,"revenue_change_pct":9.1,"units_change_pct":14.8,"margin_change_pts":-2.4}],"share_of_category":[{"category":"FLOWER","brand_revenue":27768.41015625,"category_revenue":31102180.0,"revenue_share_pct":0.10000000149011612,"brand_units":1355,"category_units":1354223,"units_share_pct":0.1}],"share_of_category_trend":{"FLOWER":[{"period":"2024-01","brand_revenue":0.0,"category_revenue":1420943.125,"share_pct":0.0},{"period":"2024-02","brand_revenue":0.0,"category_revenue":1414098.25,"share_pct":0.0},{"period":"2024-03","brand_revenue":0.0,"category_revenue":1477522.25,"share_pct":0.0},{"period":"2024-04","brand_revenue":0.0,"category_revenue":1416759.875,"share_pct":0.0},{"period":"2024-05","brand_revenue":0.0,"category_revenue":1414991.75,"share_pct":0.0},{"period":"2024-06","brand_revenue":0.0,"category_revenue":1361307.875,"share_pct":0.0},{"period":"2024-07","brand_revenue":4941.75,"category_revenue":1383082.375,"share_pct":0.4000000059604645},{"period":"2024-08","brand_revenue":14790.66015625,"category_revenue":1381527.75,"share_pct":1.100000023841858},{"period":"2024-09","brand_revenue":3844.0,"category_revenue":1326576.625,"share_pct":0.30000001192092896},{"period":"2024-10","brand_revenue":4192.0,"category_revenue":1434310.0,"share_pct":0.30000001192092896},{"period":"2024-11","brand_revenue":0.0,"category_revenue":1381942.125,"share_pct":0.0},{"period":"2024-12","brand_revenue":0.0,"category_revenue":1290627.125,"share_pct":0.0},{"period":"2025-01","brand_revenue":0.0,"category_revenue":1193975.25,"share_pct":0.0},{"period":"2025-02","brand_revenue":0.0,"category_revenue":1126488.0,"share_pct":0.0},{"period":"2025-03","brand_revenue":0.0,"category_revenue":1164551.875,"share_pct":0.0},{"period":"2025-04","brand_revenue":0.0,"category_revenue":1247558.125,"share_pct":0.0},{"period":"2025-05","brand_revenue":0.0,"category_revenue":1154938.0,"share_pct":0.0},{"period":"2025-06","brand_revenue":0.0,"category_revenue":1109479.25,"share_pct":0.0},{"period":"2025-07","brand_revenue":0.0,"category_revenue":1113105.25,"share_pct":0.0},{"period":"2025-08","brand_revenue":0.0,"category_revenue":1093249.125,"share_pct":0.0},{"period":"2025-09","brand_revenue":0.0,"category_revenue":1041400.625,"share_pct":0.0},{"period":"2025-10","brand_revenue":0.0,"category_revenue":1065482.0,"share_pct":0.0},{"period":"2025-11","brand_revenue":0.0,"category_revenue":1080075.625,"share_pct":0.0},{"period":"2025-12","brand_revenue":0.0,"category_revenue":1006083.8125,"share_pct":0.0},{"period":"2026-01","brand_revenue":0.0,"category_revenue":1002104.75,"share_pct":0.0}]},"discount_depth":[{"tier":"0% (Full Price)","transactions":220,"pct_of_transactions":21.1,"revenue":5595.0,"avg_discount":0.0},{"tier":"1-10%","transactions":13,"pct_of_transactions":1.2,"revenue":320.5,"avg_discount":9.600000381469727},{"tier":"11-20%","transactions":21,"pct_of_transactions":2.0,"revenue":678.0,"avg_discount":19.799999237060547},{"tier":"21-30%","transactions":9,"pct_of_transactions":0.9,"revenue":428.75,"avg_discount":24.299999237060547},{"tier":"31%+","transactions":537,"pct_of_transactions":51.5,"revenue":15860.16015625,"avg_discount":34.599998474121094}],"velocity":{"units_per_day":12.9,"revenue_per_day":264.4599914550781,"avg_units_per_txn":1.4,"days_of_data":105,"total_units":1355,"total_transactions":967},"velocity_by_category":[{"category":"FLOWER","brand_units_per_day":1.78,"category_avg_units_per_day":27.77,"velocity_index":6.4,"brand_rev_per_unit":20.49,"category_rev_per_unit":22.97,"brands_in_category":64}],"deals":[{"deal_name":"Stock & Save - 1/4 for $40","times_used":440,"units":751.5,"revenue":15045.5,"discounts":7409.5,"cost":7251.974733352661,"profit":7793.525264263153,"pre_discount_revenue":22455.0,"margin":51.8,"avg_discount":33.0},{"deal_name":"Industry - 30% Off","times_used":202,"units":223.5,"revenue":4230.5,"discounts":1814.5,"cost":2156.7749156951904,"profit":2073.725025177002,"pre_discount_revenue":6045.0,"margin":49.0,"avg_discount":30.0},{"deal_name":"GFIVE 1/4 - $35","times_used":32,"units":66.0,"revenue":1155.0,"discounts":825.0,"cost":636.899974822998,"profit":518.0999937057495,"pre_discount_revenue":1980.0,"margin":44.9,"avg_discount":41.7},{"deal_name":"Jackpot - Locals 30% Off","times_used":7,"units":7.0,"revenue":147.0,"discounts":63.0,"cost":67.54999732971191,"profit":79.45000267028809,"pre_discount_revenue":210.0,"margin":54.0,"avg_discount":30.0},{"deal_name":"Senior - 10% Off","times_used":7,"units":7.0,"revenue":166.5,"discounts":18.5,"cost":67.54999732971191,"profit":98.95000267028809,"pre_discount_revenue":185.0,"margin":59.4,"avg_discount":10.0},{"deal_name":"Employee - 40% OFF","times_used":4,"units":4.0,"revenue":72.0,"discounts":48.0,"cost":38.599998474121094,"profit":33.400001525878906,"pre_discount_revenue":120.0,"margin":46.4,"avg_discount":40.0},{"deal_name":"Senior / Veterans - 20% Off","times_used":4,"units":4.0,"revenue":88.0,"discounts":22.0,"cost":38.599998474121094,"profit":49.400001525878906,"pre_discount_revenue":110.0,"margin":56.1,"avg_discount":20.0},{"deal_name":"LVAC - 25% Off","times_used":2,"units":3.0,"revenue":67.5,"discounts":22.5,"cost":28.94999885559082,"profit":38.55000114440918,"pre_discount_revenue":90.0,"margin":57.1,"avg_discount":25.0},{"deal_name":"Veterans - 10% Off","times_used":2,"units":2.0,"revenue":54.0,"discounts":6.0,"cost":19.299999237060547,"profit":34.70000076293945,"pre_discount_revenue":60.0,"margin":64.3,"avg_discount":10.0}],"top_products":[{"product":"DAILY GRAPE EIGHTH - GFIVE","units":451,"revenue":9467.5,"cost":4352.14990234375,"profit":5115.35009765625,"transactions":350,"margin":54.0},{"product":"HIGH FIVE EIGHTH - GFIVE","units":454,"revenue":9169.66015625,"cost":4381.099609375,"profit":4788.56005859375,"transactions":346,"margin":52.20000076293945},{"product":"PYNK MYNK 2.0 EIGHTH - GFIVE","units":450,"revenue":9131.25,"cost":4342.5,"profit":4788.75,"transactions":347,"margin":52.400001525878906}],"products_by_store":{"Thrive Cactus":[{"product":"HIGH FIVE EIGHTH - GFIVE","units":148,"revenue":3001.5,"cost":1428.199951171875,"profit":1573.300048828125,"transactions":135,"margin":52.400001525878906},{"product":"PYNK MYNK 2.0 EIGHTH - GFIVE","units":133,"revenue":2736.0,"cost":1283.449951171875,"profit":1452.550048828125,"transactions":120,"margin":53.099998474121094},{"product":"DAILY GRAPE EIGHTH - GFIVE","units":117,"revenue":2485.0,"cost":1129.0499267578125,"profit":1355.9500732421875,"transactions":94,"margin":54.599998474121094}],"Thrive Cheyenne":[{"product":"DAILY GRAPE EIGHTH - GFIVE","units":100,"revenue":2132.0,"cost":964.9999389648438,"profit":1167.0,"transactions":77,"margin":54.70000076293945},{"product":"HIGH FIVE EIGHTH - GFIVE","units":100,"revenue":2017.1600341796875,"cost":965.0,"profit":1052.1600341796875,"transactions":62,"margin":52.20000076293945},{"product":"PYNK MYNK 2.0 EIGHTH - GFIVE","units":100,"revenue":2013.5,"cost":964.9999389648438,"profit":1048.5,"transactions":71,"margin":52.099998474121094}],"Thrive Jackpot":[{"product":"PYNK MYNK 2.0 EIGHTH - GFIVE","units":102,"revenue":2093.0,"cost":984.2999877929688,"profit":1108.7000732421875,"transactions":58,"margin":53.0},{"product":"HIGH FIVE EIGHTH - GFIVE","units":102,"revenue":2079.0,"cost":984.2999267578125,"profit":1094.7000732421875,"transactions":57,"margin":52.70000076293945},{"product":"DAILY GRAPE EIGHTH - GFIVE","units":101,"revenue":2078.0,"cost":974.6499633789062,"profit":1103.3499755859375,"transactions":63,"margin":53.099998474121094}],"Thrive Reno":[{"product":"DAILY GRAPE EIGHTH - GFIVE","units":50,"revenue":1056.5,"cost":482.4999694824219,"profit":574.0,"transactions":43,"margin":54.29999923706055},{"product":"HIGH FIVE EIGHTH - GFIVE","units":50,"revenue":981.0,"cost":482.4999694824219,"profit":498.5,"transactions":41,"margin":50.79999923706055},{"product":"PYNK MYNK 2.0 EIGHTH - GFIVE","units":50,"revenue":969.0,"cost":482.4999694824219,"profit":486.5,"transactions":39,"margin":50.20000076293945}],"Thrive Sahara":[{"product":"DAILY GRAPE EIGHTH - GFIVE","units":50,"revenue":1059.0,"cost":482.4999694824219,"profit":576.5,"transactions":46,"margin":54.400001525878906},{"product":"HIGH FIVE EIGHTH - GFIVE","units":50,"revenue":1017.5,"cost":482.4999694824219,"profit":535.0,"transactions":48,"margin":52.599998474121094},{"product":"PYNK MYNK 2.0 EIGHTH - GFIVE","units":48,"revenue":967.25,"cost":463.1999816894531,"profit":504.0500183105469,"transactions":44,"margin":52.099998474121094}],"Thrive Sammy":[{"product":"DAILY GRAPE EIGHTH - GFIVE","units":33,"revenue":657.0,"cost":318.4499816894531,"profit":338.5500183105469,"transactions":27,"margin":51.5},{"product":"PYNK MYNK 2.0 EIGHTH - GFIVE","units":17,"revenue":352.5,"cost":164.04998779296875,"profit":188.45001220703125,"transactions":15,"margin":53.5},{"product":"HIGH FIVE EIGHTH - GFIVE","units":4,"revenue":73.5,"cost":38.599998474121094,"profit":34.900001525878906,"transactions":3,"margin":47.5}]},"store_summary":[{"store_clean":"Thrive Cactus","units":398,"revenue":8222.5,"cost":3840.699951171875,"profit":4381.80029296875,"discounts":2342.5,"margin":53.29999923706055,"discount_rate":22.200000762939453},{"store_clean":"Thrive Jackpot","units":305,"revenue":6250.0,"cost":2943.25,"profit":3306.75,"discounts":2900.0,"margin":52.900001525878906,"discount_rate":31.700000762939453},{"store_clean":"Thrive Cheyenne","units":300,"revenue":6162.66015625,"cost":2895.0,"profit":3267.66015625,"discounts":2587.340087890625,"margin":53.0,"discount_rate":29.600000381469727},{"store_clean":"Thrive Sahara","units":148,"revenue":3043.75,"cost":1428.199951171875,"profit":1615.550048828125,"discounts":1021.25,"margin":53.099998474121094,"discount_rate":25.100000381469727},{"store_clean":"Thrive Reno","units":150,"revenue":3006.5,"cost":1447.5,"profit":1559.0,"discounts":1428.5,"margin":51.900001525878906,"discount_rate":32.20000076293945},{"store_clean":"Thrive Sammy","units":54,"revenue":1083.0,"cost":521.0999755859375,"profit":561.9000244140625,"discounts":517.0,"margin":51.900001525878906,"discount_rate":32.29999923706055}],"recommendations":[{"severity":"red","title":"HIGH PROMOTION DEPENDENCY","detail":"Only 20% sells at full price. Heavy discounting required.","action":"Test reducing deal frequency \u2014 track velocity without promos."},{"severity":"info","title":"VOLUME LEVERAGE","detail":"$27,768 revenue provides negotiating leverage.","action":"Use volume as leverage in next vendor meeting."}],"comparison":null}