{"brand":"NORDIC GODDESS","date_range":"2024-01-01 00:00:00 to 2026-01-31 00:00:00","period_label":"All Time","summary":{"total_units":6372,"total_revenue":432362.96875,"total_cost":214262.5,"total_discounts":65869.55078125,"total_profit":218100.44921875,"overall_margin":50.400001525878906,"fp_margin":57.099998474121094,"disc_margin":43.599998474121094,"pct_full_price":50.900001525878906,"avg_discount_rate":13.199999809265137,"fp_revenue":219997.5,"disc_revenue":212365.44921875,"unique_customers":4280,"brand":"NORDIC GODDESS","date_range":"2024-01-01 00:00:00 to 2026-01-31 00:00:00","months_count":50,"avg_monthly_cost":8570.5,"cost_per_unit":67.25,"primary_category":"TOPICAL","primary_cat_margin":51.0,"category_rank":2,"category_total":7,"margin_vs_category":-0.6000000238418579,"velocity_rank":2},"category_breakdown":[{"category_clean":"TOPICAL","units":6372,"revenue":432362.96875,"cost":214262.5,"profit":218100.44921875,"discounts":65869.55078125,"margin":50.400001525878906,"category_avg_margin":51.0,"vs_category":-0.6,"rank":2.0,"total_brands":7.0}],"trend":[{"period":"2024-01","revenue":17729.375,"cost":8325.0,"margin":53.0,"units":248,"transactions":210,"profit":9404.375,"revenue_change_pct":null,"units_change_pct":null,"margin_change_pts":null},{"period":"2024-02","revenue":24650.0,"cost":12200.0,"margin":50.5,"units":338,"transactions":280,"profit":12450.0,"revenue_change_pct":39.0,"units_change_pct":36.3,"margin_change_pts":-2.5},{"period":"2024-03","revenue":26748.00048828125,"cost":12925.0,"margin":51.7,"units":376,"transactions":338,"profit":13823.00048828125,"revenue_change_pct":8.5,"units_change_pct":11.2,"margin_change_pts":1.2},{"period":"2024-04","revenue":28341.37451171875,"cost":14125.0,"margin":50.2,"units":374,"transactions":294,"profit":14216.37451171875,"revenue_change_pct":6.0,"units_change_pct":-0.5,"margin_change_pts":-1.5},{"period":"2024-05","revenue":24460.8740234375,"cost":11475.0,"margin":53.1,"units":332,"transactions":292,"profit":12985.875244140625,"revenue_change_pct":-13.7,"units_change_pct":-11.2,"margin_change_pts":2.9},{"period":"2024-06","revenue":28159.55078125,"cost":13700.0,"margin":51.3,"units":386,"transactions":316,"profit":14459.549560546875,"revenue_change_pct":15.1,"units_change_pct":16.3,"margin_change_pts":-1.7},{"period":"2024-07","revenue":19948.125,"cost":9375.0,"margin":53.0,"units":270,"transactions":224,"profit":10573.125,"revenue_change_pct":-29.2,"units_change_pct":-30.1,"margin_change_pts":1.7},{"period":"2024-08","revenue":26543.24951171875,"cost":13087.5,"margin":50.7,"units":366,"transactions":284,"profit":13455.74951171875,"revenue_change_pct":33.1,"units_change_pct":35.6,"margin_change_pts":-2.3},{"period":"2024-09","revenue":23856.37451171875,"cost":11462.5,"margin":52.0,"units":334,"transactions":272,"profit":12393.87451171875,"revenue_change_pct":-10.1,"units_change_pct":-8.7,"margin_change_pts":1.3},{"period":"2024-10","revenue":22920.224609375,"cost":10987.5,"margin":52.1,"units":324,"transactions":272,"profit":11932.724609375,"revenue_change_pct":-3.9,"units_change_pct":-3.0,"margin_change_pts":0.1},{"period":"2024-11","revenue":29890.90087890625,"cost":17762.5,"margin":40.6,"units":550,"transactions":426,"profit":12128.399658203125,"revenue_change_pct":30.4,"units_change_pct":69.8,"margin_change_pts":-11.5},{"period":"2024-12","revenue":27484.1259765625,"cost":13075.0,"margin":52.4,"units":382,"transactions":304,"profit":14409.124755859375,"revenue_change_pct":-8.1,"units_change_pct":-30.5,"margin_change_pts":11.9},{"period":"2025-01","revenue":18855.374755859375,"cost":8875.0,"margin":52.9,"units":310,"transactions":264,"profit":9980.374755859375,"revenue_change_pct":-31.4,"units_change_pct":-18.8,"margin_change_pts":0.5},{"period":"2025-02","revenue":12159.500732421875,"cost":5925.0,"margin":51.3,"units":192,"transactions":178,"profit":6234.5001220703125,"revenue_change_pct":-35.5,"units_change_pct":-38.1,"margin_change_pts":-1.7},{"period":"2025-03","revenue":17531.75048828125,"cost":8487.5,"margin":51.6,"units":302,"transactions":246,"profit":9044.249877929688,"revenue_change_pct":44.2,"units_change_pct":57.3,"margin_change_pts":0.3},{"period":"2025-04","revenue":24805.8740234375,"cost":13937.5,"margin":43.8,"units":436,"transactions":334,"profit":10868.375244140625,"revenue_change_pct":41.5,"units_change_pct":44.4,"margin_change_pts":-7.8},{"period":"2025-05","revenue":21095.400390625,"cost":10175.0,"margin":51.8,"units":308,"transactions":252,"profit":10920.400390625,"revenue_change_pct":-15.0,"units_change_pct":-29.4,"margin_change_pts":8.0},{"period":"2025-06","revenue":18065.374755859375,"cost":8687.5,"margin":51.9,"units":256,"transactions":216,"profit":9377.874755859375,"revenue_change_pct":-14.4,"units_change_pct":-16.9,"margin_change_pts":0.1},{"period":"2025-07","revenue":10250.74951171875,"cost":4900.0,"margin":52.2,"units":136,"transactions":108,"profit":5350.7501220703125,"revenue_change_pct":-43.3,"units_change_pct":-46.9,"margin_change_pts":0.3},{"period":"2025-08","revenue":3538.5000610351562,"cost":1950.0,"margin":44.9,"units":66,"transactions":60,"profit":1588.5000610351562,"revenue_change_pct":-65.5,"units_change_pct":-51.5,"margin_change_pts":-7.3},{"period":"2025-09","revenue":2839.2498779296875,"cost":1562.5,"margin":45.0,"units":46,"transactions":36,"profit":1276.7500305175781,"revenue_change_pct":-19.8,"units_change_pct":-30.3,"margin_change_pts":0.1},{"period":"2025-10","revenue":2028.9999389648438,"cost":1012.5,"margin":50.1,"units":30,"transactions":20,"profit":1016.4999389648438,"revenue_change_pct":-28.5,"units_change_pct":-34.8,"margin_change_pts":5.1},{"period":"2025-11","revenue":115.0,"cost":50.0,"margin":56.5,"units":2,"transactions":2,"profit":65.0,"revenue_change_pct":-94.3,"units_change_pct":-93.3,"margin_change_pts":6.4},{"period":"2025-12","revenue":195.49999237060547,"cost":100.0,"margin":48.8,"units":4,"transactions":4,"profit":95.50000190734863,"revenue_change_pct":70.0,"units_change_pct":100.0,"margin_change_pts":-7.7},{"period":"2026-01","revenue":149.50000762939453,"cost":100.0,"margin":33.1,"units":4,"transactions":4,"profit":49.49999809265137,"revenue_change_pct":-23.5,"units_change_pct":0,"margin_change_pts":-15.7}],"share_of_category":[{"category":"TOPICAL","brand_revenue":432362.96875,"category_revenue":961288.59375,"revenue_share_pct":45.0,"brand_units":6372,"category_units":20876,"units_share_pct":30.5}],"share_of_category_trend":{"TOPICAL":[{"period":"2024-01","brand_revenue":17729.375,"category_revenue":36155.625,"share_pct":49.0},{"period":"2024-02","brand_revenue":24650.0,"category_revenue":40546.25,"share_pct":60.79999923706055},{"period":"2024-03","brand_revenue":26748.00048828125,"category_revenue":40492.37548828125,"share_pct":66.0999984741211},{"period":"2024-04","brand_revenue":28341.37451171875,"category_revenue":47283.251953125,"share_pct":59.900001525878906},{"period":"2024-05","brand_revenue":24460.8740234375,"category_revenue":44135.2490234375,"share_pct":55.400001525878906},{"period":"2024-06","brand_revenue":28159.55078125,"category_revenue":45135.80078125,"share_pct":62.400001525878906},{"period":"2024-07","brand_revenue":19948.125,"category_revenue":37561.875,"share_pct":53.099998474121094},{"period":"2024-08","brand_revenue":26543.24951171875,"category_revenue":44962.8759765625,"share_pct":59.0},{"period":"2024-09","brand_revenue":23856.37451171875,"category_revenue":40434.65087890625,"share_pct":59.0},{"period":"2024-10","brand_revenue":22920.224609375,"category_revenue":43945.849609375,"share_pct":52.20000076293945},{"period":"2024-11","brand_revenue":29890.90087890625,"category_revenue":35443.1494140625,"share_pct":84.30000305175781},{"period":"2024-12","brand_revenue":27484.1259765625,"category_revenue":54908.6767578125,"share_pct":50.099998474121094},{"period":"2025-01","brand_revenue":18855.374755859375,"category_revenue":41293.9990234375,"share_pct":45.70000076293945},{"period":"2025-02","brand_revenue":12159.500732421875,"category_revenue":34815.0244140625,"share_pct":34.900001525878906},{"period":"2025-03","brand_revenue":17531.75048828125,"category_revenue":45425.673828125,"share_pct":38.599998474121094},{"period":"2025-04","brand_revenue":24805.8740234375,"category_revenue":49624.19921875,"share_pct":50.0},{"period":"2025-05","brand_revenue":21095.400390625,"category_revenue":46769.27734375,"share_pct":45.099998474121094},{"period":"2025-06","brand_revenue":18065.374755859375,"category_revenue":36023.3740234375,"share_pct":50.099998474121094},{"period":"2025-07","brand_revenue":10250.74951171875,"category_revenue":34410.0,"share_pct":29.799999237060547},{"period":"2025-08","brand_revenue":3538.5000610351562,"category_revenue":23680.0,"share_pct":14.899999618530273},{"period":"2025-09","brand_revenue":2839.2498779296875,"category_revenue":23843.57421875,"share_pct":11.899999618530273},{"period":"2025-10","brand_revenue":2028.9999389648438,"category_revenue":30430.07568359375,"share_pct":6.699999809265137},{"period":"2025-11","brand_revenue":115.0,"category_revenue":32425.30029296875,"share_pct":0.4000000059604645},{"period":"2025-12","brand_revenue":195.49999237060547,"category_revenue":27391.6748046875,"share_pct":0.699999988079071},{"period":"2026-01","brand_revenue":149.50000762939453,"category_revenue":24150.74951171875,"share_pct":0.6000000238418579}]},"discount_depth":[{"tier":"0% (Full Price)","transactions":2548,"pct_of_transactions":47.2,"revenue":219997.5,"avg_discount":0.0},{"tier":"1-10%","transactions":1056,"pct_of_transactions":19.6,"revenue":90799.53125,"avg_discount":20.0},{"tier":"11-20%","transactions":434,"pct_of_transactions":8.0,"revenue":33625.6494140625,"avg_discount":39.400001525878906},{"tier":"21-30%","transactions":474,"pct_of_transactions":8.8,"revenue":39627.1533203125,"avg_discount":58.400001525878906},{"tier":"31%+","transactions":400,"pct_of_transactions":7.4,"revenue":22120.87646484375,"avg_discount":94.4000015258789}],"velocity":{"units_per_day":8.62,"revenue_per_day":584.275016784668,"avg_units_per_txn":2.44,"days_of_data":740,"total_units":6372,"total_transactions":5236},"velocity_by_category":[{"category":"TOPICAL","brand_units_per_day":8.36,"category_avg_units_per_day":3.92,"velocity_index":213.7,"brand_rev_per_unit":54.28,"category_rev_per_unit":36.84,"brands_in_category":7}],"deals":[{"deal_name":"Senior - 10% Off","times_used":462,"units":592.0,"revenue":41622.75098800659,"discounts":4624.7500920295715,"cost":19887.5,"profit":21735.250329971313,"pre_discount_revenue":46247.5,"margin":52.2,"avg_discount":20.0},{"deal_name":"Industry - 30% Off","times_used":342,"units":386.0,"revenue":20919.25036430359,"discounts":8998.249893188477,"cost":12875.0,"profit":8044.250106811523,"pre_discount_revenue":29917.5,"margin":38.5,"avg_discount":60.2},{"deal_name":"GW - 50% Off Topicals / Tinctures / RSO / Tablets","times_used":152,"units":212.0,"revenue":9082.5,"discounts":9082.5,"cost":7812.5,"profit":1270.0,"pre_discount_revenue":18165.0,"margin":14.0,"avg_discount":100.0},{"deal_name":"Senior / Veterans - 20% Off","times_used":142,"units":184.0,"revenue":12348.600225448608,"discounts":3153.9000582695007,"cost":6650.0,"profit":5698.599860668182,"pre_discount_revenue":15502.5,"margin":46.1,"avg_discount":40.6},{"deal_name":"4/20 2025 - Edibles","times_used":82,"units":128.0,"revenue":4730.0,"discounts":4730.0,"cost":4100.0,"profit":630.0,"pre_discount_revenue":9460.0,"margin":13.3,"avg_discount":100.0},{"deal_name":"Industry 30% Off","times_used":78,"units":88.0,"revenue":4511.500082015991,"discounts":1933.499984741211,"cost":2800.0,"profit":1711.500015258789,"pre_discount_revenue":6445.0,"margin":37.9,"avg_discount":60.0},{"deal_name":"Jackpot - Locals 30% Off","times_used":72,"units":76.0,"revenue":4161.500072479248,"discounts":1783.4999752044678,"cost":2562.5,"profit":1599.0000247955322,"pre_discount_revenue":5945.0,"margin":38.4,"avg_discount":60.0},{"deal_name":"Veterans - 10% Off","times_used":58,"units":66.0,"revenue":4675.50012588501,"discounts":519.5000112056732,"cost":2237.5,"profit":2438.000044822693,"pre_discount_revenue":5195.0,"margin":52.1,"avg_discount":20.0},{"deal_name":"4/20 40% Off!!!!","times_used":46,"units":64.0,"revenue":3152.999963760376,"discounts":2102.000036239624,"cost":2262.5,"profit":890.500009059906,"pre_discount_revenue":5255.0,"margin":28.2,"avg_discount":80.0},{"deal_name":"Employee - 40% OFF","times_used":32,"units":34.0,"revenue":1422.000002861023,"discounts":947.999997138977,"cost":1037.5,"profit":384.49999928474426,"pre_discount_revenue":2370.0,"margin":27.0,"avg_discount":80.0},{"deal_name":"30% Off Special","times_used":16,"units":20.0,"revenue":805.0000095367432,"discounts":345.0000071525574,"cost":500.0,"profit":304.9999928474426,"pre_discount_revenue":1150.0,"margin":37.9,"avg_discount":60.0},{"deal_name":"Employee 30% - NOT FRIDAYS","times_used":10,"units":12.0,"revenue":498.75000953674316,"discounts":213.7500023841858,"cost":300.0,"profit":198.7499976158142,"pre_discount_revenue":712.5,"margin":39.8,"avg_discount":60.0},{"deal_name":"Nordic Goddess / INDO Rub - 30% Off","times_used":8,"units":10.0,"revenue":406.2500071525574,"discounts":256.2499976158142,"cost":287.5,"profit":118.75,"pre_discount_revenue":662.5,"margin":29.2,"avg_discount":77.4},{"deal_name":"LVAC - 25% Off","times_used":4,"units":4.0,"revenue":172.5,"discounts":57.5,"cost":100.0,"profit":72.5,"pre_discount_revenue":230.0,"margin":42.0,"avg_discount":50.0},{"deal_name":"Senior Sunday - RENO ONLY - 20% Off","times_used":2,"units":2.0,"revenue":91.99999809265137,"discounts":22.999999523162842,"cost":50.0,"profit":41.99999809265137,"pre_discount_revenue":115.0,"margin":45.7,"avg_discount":40.0}],"top_products":[{"product":"NORDIC GODDESS BALM - NORDIC GODDESS","units":2730,"revenue":183199.70703125,"cost":92362.5,"profit":90837.197265625,"transactions":2294,"margin":49.599998474121094},{"product":"NORDIC GODDESS COOLING BALM - NORDIC GODDESS","units":1938,"revenue":98788.251953125,"cost":48450.0,"profit":50338.251953125,"transactions":1706,"margin":51.0},{"product":"NORDIC GODDESS BALM 500MG - NORDIC GODDESS","units":728,"revenue":63248.125,"cost":31850.0,"profit":31398.125,"transactions":550,"margin":49.599998474121094},{"product":"NORDIC GODDESS XL BALM - NORDIC GODDESS","units":570,"revenue":51353.701171875,"cost":24887.5,"profit":26466.201171875,"transactions":474,"margin":51.5},{"product":"NORDIC GODDESS XL BALM 500MG - NORDIC GODDESS","units":406,"revenue":35773.17626953125,"cost":16712.5,"profit":19060.675048828125,"transactions":370,"margin":53.29999923706055}],"products_by_store":{"Elevation Springs":[{"product":"NORDIC GODDESS BALM - NORDIC GODDESS","units":482,"revenue":32525.67626953125,"cost":16362.5,"profit":16163.175048828125,"transactions":402,"margin":49.70000076293945},{"product":"NORDIC GODDESS COOLING BALM - NORDIC GODDESS","units":322,"revenue":16004.000244140625,"cost":8050.0,"profit":7954.000244140625,"transactions":292,"margin":49.70000076293945},{"product":"NORDIC GODDESS XL BALM 500MG - NORDIC GODDESS","units":136,"revenue":12271.500244140625,"cost":5400.0,"profit":6871.500244140625,"transactions":126,"margin":56.0},{"product":"NORDIC GODDESS XL BALM - NORDIC GODDESS","units":82,"revenue":7107.750244140625,"cost":3587.5,"profit":3520.2499389648438,"transactions":70,"margin":49.5}],"Elevation Mesa":[{"product":"NORDIC GODDESS BALM - NORDIC GODDESS","units":474,"revenue":32406.2744140625,"cost":17100.0,"profit":15306.275634765625,"transactions":410,"margin":47.20000076293945},{"product":"NORDIC GODDESS COOLING BALM - NORDIC GODDESS","units":258,"revenue":12506.25,"cost":6450.0,"profit":6056.25,"transactions":224,"margin":48.400001525878906},{"product":"NORDIC GODDESS XL BALM - NORDIC GODDESS","units":110,"revenue":9191.97509765625,"cost":4812.5,"profit":4379.47509765625,"transactions":94,"margin":47.599998474121094},{"product":"NORDIC GODDESS BALM 500MG - NORDIC GODDESS","units":50,"revenue":4212.0001220703125,"cost":2187.5,"profit":2024.4999694824219,"transactions":48,"margin":48.099998474121094},{"product":"NORDIC GODDESS XL BALM 500MG - NORDIC GODDESS","units":42,"revenue":3300.7501220703125,"cost":1837.5,"profit":1463.2499694824219,"transactions":38,"margin":44.29999923706055}],"Elevation Oasis":[{"product":"NORDIC GODDESS BALM - NORDIC GODDESS","units":802,"revenue":55835.0,"cost":27550.0,"profit":28285.0,"transactions":630,"margin":50.70000076293945},{"product":"NORDIC GODDESS COOLING BALM - NORDIC GODDESS","units":568,"revenue":29730.25146484375,"cost":14200.0,"profit":15530.250244140625,"transactions":488,"margin":52.20000076293945},{"product":"NORDIC GODDESS BALM 500MG - NORDIC GODDESS","units":148,"revenue":13078.00048828125,"cost":6475.0,"profit":6602.9998779296875,"transactions":124,"margin":50.5},{"product":"NORDIC GODDESS XL BALM 500MG - NORDIC GODDESS","units":130,"revenue":11864.925537109375,"cost":5187.5,"profit":6677.4249267578125,"transactions":118,"margin":56.29999923706055},{"product":"NORDIC GODDESS XL BALM - NORDIC GODDESS","units":108,"revenue":10185.750122070312,"cost":4675.0,"profit":5510.7501220703125,"transactions":76,"margin":54.099998474121094}],"Elevation Downtown":[{"product":"NORDIC GODDESS BALM 500MG - NORDIC GODDESS","units":50,"revenue":4087.9998779296875,"cost":2187.5,"profit":1900.5000305175781,"transactions":44,"margin":46.5},{"product":"NORDIC GODDESS COOLING BALM - NORDIC GODDESS","units":44,"revenue":2288.5000610351562,"cost":1100.0,"profit":1188.499984741211,"transactions":32,"margin":51.900001525878906},{"product":"NORDIC GODDESS BALM - NORDIC GODDESS","units":48,"revenue":2023.9999389648438,"cost":1200.0,"profit":824.0000152587891,"transactions":40,"margin":40.70000076293945}],"Elevation Midtown":[{"product":"NORDIC GODDESS BALM - NORDIC GODDESS","units":450,"revenue":30853.87451171875,"cost":15037.5,"profit":15816.37451171875,"transactions":408,"margin":51.29999923706055},{"product":"NORDIC GODDESS COOLING BALM - NORDIC GODDESS","units":352,"revenue":18308.125,"cost":8800.0,"profit":9508.125,"transactions":324,"margin":51.900001525878906},{"product":"NORDIC GODDESS XL BALM - NORDIC GODDESS","units":198,"revenue":18114.849853515625,"cost":8662.5,"profit":9452.349853515625,"transactions":172,"margin":52.20000076293945},{"product":"NORDIC GODDESS XL BALM 500MG - NORDIC GODDESS","units":50,"revenue":4593.2501220703125,"cost":2187.5,"profit":2405.749969482422,"transactions":48,"margin":52.400001525878906}],"Elevation Boulevard":[{"product":"NORDIC GODDESS BALM - NORDIC GODDESS","units":302,"revenue":18539.000244140625,"cost":10287.5,"profit":8251.500244140625,"transactions":262,"margin":44.5},{"product":"NORDIC GODDESS BALM 500MG - NORDIC GODDESS","units":180,"revenue":14142.37548828125,"cost":7875.0,"profit":6267.3748779296875,"transactions":114,"margin":44.29999923706055},{"product":"NORDIC GODDESS COOLING BALM - NORDIC GODDESS","units":148,"revenue":6806.3751220703125,"cost":3700.0,"profit":3106.3751220703125,"transactions":126,"margin":45.599998474121094},{"product":"NORDIC GODDESS XL BALM 500MG - NORDIC GODDESS","units":48,"revenue":3742.7499389648438,"cost":2100.0,"profit":1642.7500915527344,"transactions":40,"margin":43.900001525878906}],"Elevation Parkway":[{"product":"NORDIC GODDESS BALM 500MG - NORDIC GODDESS","units":300,"revenue":27727.7490234375,"cost":13125.0,"profit":14602.750244140625,"transactions":220,"margin":52.70000076293945},{"product":"NORDIC GODDESS COOLING BALM - NORDIC GODDESS","units":246,"revenue":13144.749755859375,"cost":6150.0,"profit":6994.749755859375,"transactions":220,"margin":53.20000076293945},{"product":"NORDIC GODDESS BALM - NORDIC GODDESS","units":172,"revenue":11015.875244140625,"cost":4825.0,"profit":6190.875244140625,"transactions":142,"margin":56.20000076293945},{"product":"NORDIC GODDESS XL BALM - NORDIC GODDESS","units":72,"revenue":6753.375244140625,"cost":3150.0,"profit":3603.3749389648438,"transactions":62,"margin":53.400001525878906}]},"store_summary":[{"store_clean":"Elevation Oasis","units":1756,"revenue":120693.92578125,"cost":58087.5,"profit":62606.42578125,"discounts":14663.575439453125,"margin":51.900001525878906,"discount_rate":10.800000190734863},{"store_clean":"Elevation Midtown","units":1050,"revenue":71870.1025390625,"cost":34687.5,"profit":37182.60009765625,"discounts":8192.39990234375,"margin":51.70000076293945,"discount_rate":10.199999809265137},{"store_clean":"Elevation Springs","units":1022,"revenue":67908.92578125,"cost":33400.0,"profit":34508.92578125,"discounts":11041.075439453125,"margin":50.79999923706055,"discount_rate":14.0},{"store_clean":"Elevation Mesa","units":934,"revenue":61617.2509765625,"cost":32387.5,"profit":29229.7509765625,"discounts":13175.250244140625,"margin":47.400001525878906,"discount_rate":17.600000381469727},{"store_clean":"Elevation Parkway","units":790,"revenue":58641.748046875,"cost":27250.0,"profit":31391.75048828125,"discounts":4983.2501220703125,"margin":53.5,"discount_rate":7.800000190734863},{"store_clean":"Elevation Boulevard","units":678,"revenue":43230.498046875,"cost":23962.5,"profit":19268.00048828125,"discounts":12116.99951171875,"margin":44.599998474121094,"discount_rate":21.899999618530273},{"store_clean":"Elevation Downtown","units":142,"revenue":8400.499877929688,"cost":4487.5,"profit":3912.9998779296875,"discounts":1696.9999694824219,"margin":46.599998474121094,"discount_rate":16.799999237060547}],"recommendations":[{"severity":"info","title":"VOLUME LEVERAGE","detail":"$172,945 revenue provides negotiating leverage.","action":"Use volume as leverage in next vendor meeting."}],"comparison":null}