{"brand":"HIPPIES PEACES","date_range":"2024-01-01 00:00:00 to 2026-01-31 00:00:00","period_label":"All Time","summary":{"total_units":21440,"total_revenue":268047.65625,"total_cost":106965.60546875,"total_discounts":133371.07421875,"total_profit":161082.0703125,"overall_margin":60.099998474121094,"fp_margin":73.19999694824219,"disc_margin":57.400001525878906,"pct_full_price":16.899999618530273,"avg_discount_rate":33.20000076293945,"fp_revenue":45193.75,"disc_revenue":222853.90625,"brand":"HIPPIES PEACES","date_range":"2024-01-01 00:00:00 to 2026-01-31 00:00:00","primary_category":"EDIBLE","store_coverage":"7/7","stores_present":["Elevation Springs","Elevation Mesa","Elevation Oasis","Elevation Downtown","Elevation Midtown","Elevation Boulevard","Elevation Parkway"],"stores_missing":[],"velocity_rank":15,"velocity_total":32},"distribution":[{"store":"Elevation Springs","carries_brand":true,"sku_count":38,"revenue":34816.0009765625,"units":2756,"store_total_revenue":51138750.0,"brand_share_pct":0.10000000149011612},{"store":"Elevation Mesa","carries_brand":true,"sku_count":40,"revenue":41120.4736328125,"units":3298,"store_total_revenue":47532240.0,"brand_share_pct":0.10000000149011612},{"store":"Elevation Oasis","carries_brand":true,"sku_count":42,"revenue":110642.6953125,"units":9030,"store_total_revenue":56050145.0,"brand_share_pct":0.20000000298023224},{"store":"Elevation Downtown","carries_brand":true,"sku_count":36,"revenue":9977.725219726562,"units":742,"store_total_revenue":1945237.1875,"brand_share_pct":0.5},{"store":"Elevation Midtown","carries_brand":true,"sku_count":36,"revenue":26344.8486328125,"units":2128,"store_total_revenue":30850185.0,"brand_share_pct":0.10000000149011612},{"store":"Elevation Boulevard","carries_brand":true,"sku_count":36,"revenue":28570.30029296875,"units":2260,"store_total_revenue":28757865.0,"brand_share_pct":0.10000000149011612},{"store":"Elevation Parkway","carries_brand":true,"sku_count":38,"revenue":16575.625,"units":1226,"store_total_revenue":21987007.5,"brand_share_pct":0.10000000149011612}],"share_of_category":[{"category":"EDIBLE","brand_revenue":268047.65625,"category_revenue":29378492.5,"revenue_share_pct":0.8999999761581421,"brand_units":21440,"category_units":1706530,"units_share_pct":1.3}],"share_of_category_trend":{"EDIBLE":[{"period":"2024-01","brand_revenue":0.0,"category_revenue":1115754.921875,"share_pct":0.0},{"period":"2024-02","brand_revenue":0.0,"category_revenue":1235210.0,"share_pct":0.0},{"period":"2024-03","brand_revenue":0.0,"category_revenue":1273343.671875,"share_pct":0.0},{"period":"2024-04","brand_revenue":0.0,"category_revenue":1298159.0625,"share_pct":0.0},{"period":"2024-05","brand_revenue":0.0,"category_revenue":1215880.78125,"share_pct":0.0},{"period":"2024-06","brand_revenue":0.0,"category_revenue":1181362.421875,"share_pct":0.0},{"period":"2024-07","brand_revenue":0.0,"category_revenue":1128302.8125,"share_pct":0.0},{"period":"2024-08","brand_revenue":0.0,"category_revenue":1167724.921875,"share_pct":0.0},{"period":"2024-09","brand_revenue":0.0,"category_revenue":1114619.53125,"share_pct":0.0},{"period":"2024-10","brand_revenue":0.0,"category_revenue":1205149.0625,"share_pct":0.0},{"period":"2024-11","brand_revenue":0.0,"category_revenue":1236132.421875,"share_pct":0.0},{"period":"2024-12","brand_revenue":0.0,"category_revenue":1207318.046875,"share_pct":0.0},{"period":"2025-01","brand_revenue":0.0,"category_revenue":1176202.578125,"share_pct":0.0},{"period":"2025-02","brand_revenue":0.0,"category_revenue":1097683.359375,"share_pct":0.0},{"period":"2025-03","brand_revenue":0.0,"category_revenue":1228067.265625,"share_pct":0.0},{"period":"2025-04","brand_revenue":0.0,"category_revenue":1290106.171875,"share_pct":0.0},{"period":"2025-05","brand_revenue":0.0,"category_revenue":1191670.3125,"share_pct":0.0},{"period":"2025-06","brand_revenue":10804.05029296875,"category_revenue":1110702.109375,"share_pct":1.0},{"period":"2025-07","brand_revenue":33667.5,"category_revenue":1096938.125,"share_pct":3.0999999046325684},{"period":"2025-08","brand_revenue":37037.9248046875,"category_revenue":1145920.859375,"share_pct":3.200000047683716},{"period":"2025-09","brand_revenue":20525.0,"category_revenue":1070074.53125,"share_pct":1.899999976158142},{"period":"2025-10","brand_revenue":40224.3994140625,"category_revenue":1168865.78125,"share_pct":3.4000000953674316},{"period":"2025-11","brand_revenue":20569.951171875,"category_revenue":1192334.453125,"share_pct":1.7000000476837158},{"period":"2025-12","brand_revenue":46019.2236328125,"category_revenue":1138094.375,"share_pct":4.0},{"period":"2026-01","brand_revenue":59199.6240234375,"category_revenue":1092874.21875,"share_pct":5.400000095367432}]},"velocity_by_category":[{"category":"EDIBLE","brand_units_per_day":28.14,"category_avg_units_per_day":69.98,"velocity_index":40.2,"brand_rev_per_unit":10.0,"category_rev_per_unit":13.77,"brands_in_category":32}],"store_gaps":[],"product_mix":{"top":[{"product":"SWEET VEGAS COOLER GUMMIES - HIPPIES PEACES","units":1726,"revenue":22635.224609375,"cost":8630.0,"profit":14005.224609375,"stores":7,"transactions":1258,"margin":61.900001525878906},{"product":"SOUR PINEAPPLE ORANGE GUMMIES - HIPPIES PEACES","units":1680,"revenue":21823.64990234375,"cost":8400.0,"profit":13423.64990234375,"stores":7,"transactions":1246,"margin":61.5},{"product":"SWEET CHERRY BERRY GUMMIES - HIPPIES PEACES","units":1770,"revenue":21488.75,"cost":8855.0,"profit":12633.75,"stores":7,"transactions":1316,"margin":58.79999923706055},{"product":"SOUR POMEGRANATE LIMEADE GUMMIES - HIPPIES PEACES","units":1662,"revenue":21286.32568359375,"cost":8310.0,"profit":12976.324462890625,"stores":7,"transactions":1166,"margin":61.0},{"product":"5:1 THC/CBN SWEET GUAVA MOJITO GUMMIES - HIPPIES PEACES","units":1648,"revenue":21256.923828125,"cost":8240.0,"profit":13016.925048828125,"stores":7,"transactions":884,"margin":61.20000076293945},{"product":"SWEET TIKI PUNCH GUMMIES - HIPPIES PEACES","units":1720,"revenue":21224.6240234375,"cost":8600.0,"profit":12624.625244140625,"stores":7,"transactions":1358,"margin":59.5},{"product":"SOUR CHERRY BERRY GUMMIES - HIPPIES PEACES","units":1574,"revenue":20877.1240234375,"cost":7870.0,"profit":13007.125244140625,"stores":7,"transactions":1038,"margin":62.29999923706055},{"product":"SOUR GREEN APPLE BERRY GUMMIES - HIPPIES PEACES","units":1464,"revenue":18837.4755859375,"cost":7320.0,"profit":11517.4755859375,"stores":7,"transactions":1158,"margin":61.099998474121094},{"product":"SOUR TIKI PUNCH GUMMIES - HIPPIES PEACES","units":1272,"revenue":15840.30029296875,"cost":6360.0,"profit":9480.30029296875,"stores":7,"transactions":924,"margin":59.79999923706055},{"product":"SWEET CITRUS PUNCH GUMMIES - HIPPIES PEACES","units":1324,"revenue":15816.324462890625,"cost":6620.0,"profit":9196.325073242188,"stores":7,"transactions":1056,"margin":58.099998474121094},{"product":"10:1 THC/CBN SWEET GUAVA MOJITO GUMMIES - HIPPIES PEACES","units":1112,"revenue":12979.7998046875,"cost":5560.0,"profit":7419.7998046875,"stores":7,"transactions":746,"margin":57.20000076293945},{"product":"10:1 THC/CBN SWEET STRAWBERRY MANGO GUMMIES - HIPPIES PEACES","units":824,"revenue":9157.324829101562,"cost":4120.0,"profit":5037.325134277344,"stores":7,"transactions":574,"margin":55.0},{"product":"SWEET GREEN APPLE BERRY GUMMIES - HIPPIES PEACES","units":718,"revenue":8310.92529296875,"cost":3590.0,"profit":4720.924987792969,"stores":7,"transactions":592,"margin":56.79999923706055},{"product":"SOUR CITRUS PUNCH GUMMIES - HIPPIES PEACES","units":732,"revenue":8140.625,"cost":3660.0,"profit":4480.625,"stores":7,"transactions":570,"margin":55.0},{"product":"10:1 THC/CBN SOUR GUAVA MOJITO GUMMIES - HIPPIES PEACES","units":532,"revenue":6652.0751953125,"cost":2660.0,"profit":3992.0748901367188,"stores":7,"transactions":378,"margin":60.0},{"product":"SWEET PINA COLADA SUGAR FREE GUMMIES - HIPPIES PEACES","units":406,"revenue":5413.9501953125,"cost":2030.0,"profit":3383.9498901367188,"stores":7,"transactions":282,"margin":62.5},{"product":"10:1 THC/CBN SOUR STRAWBERRY MANGO GUMMIES - HIPPIES PEACES","units":362,"revenue":4536.875,"cost":1810.0,"profit":2726.875,"stores":3,"transactions":246,"margin":60.099998474121094},{"product":"SOUR POMEGRANATE LIMEADE SUGAR FREE GUMMIES - HIPPIES PEACES","units":300,"revenue":3938.75,"cost":1500.0,"profit":2438.75,"stores":7,"transactions":162,"margin":61.900001525878906},{"product":"SWEET BLUE COCONUT GUMMIES - HIPPIES PEACES","units":224,"revenue":2723.75,"cost":1120.0,"profit":1603.75,"stores":5,"transactions":170,"margin":58.900001525878906},{"product":"PINA COLADA SUGAR FREE GUMMIES - HIPPIES PEACES","units":198,"revenue":2611.25,"cost":750.5999755859375,"profit":1860.6500244140625,"stores":3,"transactions":144,"margin":71.30000305175781}],"bottom":[{"product":"10:1 THC/CBN SWEET STRAWBERRY MANGO GUMMIES - HIPPIES PEACES","units":824,"revenue":9157.324829101562,"cost":4120.0,"profit":5037.325134277344,"stores":7,"transactions":574,"margin":55.0},{"product":"SWEET GREEN APPLE BERRY GUMMIES - HIPPIES PEACES","units":718,"revenue":8310.92529296875,"cost":3590.0,"profit":4720.924987792969,"stores":7,"transactions":592,"margin":56.79999923706055},{"product":"SOUR CITRUS PUNCH GUMMIES - HIPPIES PEACES","units":732,"revenue":8140.625,"cost":3660.0,"profit":4480.625,"stores":7,"transactions":570,"margin":55.0},{"product":"10:1 THC/CBN SOUR GUAVA MOJITO GUMMIES - HIPPIES PEACES","units":532,"revenue":6652.0751953125,"cost":2660.0,"profit":3992.0748901367188,"stores":7,"transactions":378,"margin":60.0},{"product":"SWEET PINA COLADA SUGAR FREE GUMMIES - HIPPIES PEACES","units":406,"revenue":5413.9501953125,"cost":2030.0,"profit":3383.9498901367188,"stores":7,"transactions":282,"margin":62.5},{"product":"10:1 THC/CBN SOUR STRAWBERRY MANGO GUMMIES - HIPPIES PEACES","units":362,"revenue":4536.875,"cost":1810.0,"profit":2726.875,"stores":3,"transactions":246,"margin":60.099998474121094},{"product":"SOUR POMEGRANATE LIMEADE SUGAR FREE GUMMIES - HIPPIES PEACES","units":300,"revenue":3938.75,"cost":1500.0,"profit":2438.75,"stores":7,"transactions":162,"margin":61.900001525878906},{"product":"SWEET BLUE COCONUT GUMMIES - HIPPIES PEACES","units":224,"revenue":2723.75,"cost":1120.0,"profit":1603.75,"stores":5,"transactions":170,"margin":58.900001525878906},{"product":"PINA COLADA SUGAR FREE GUMMIES - HIPPIES PEACES","units":198,"revenue":2611.25,"cost":750.5999755859375,"profit":1860.6500244140625,"stores":3,"transactions":144,"margin":71.30000305175781},{"product":"POMEGRANATE LIMEADE SUGAR FREE GUMMIES - HIPPIES PEACES","units":192,"revenue":2495.625,"cost":960.0,"profit":1535.625,"stores":3,"transactions":152,"margin":61.5}],"expansion":[{"product":"10:1 THC/CBN SOUR STRAWBERRY MANGO GUMMIES - HIPPIES PEACES","current_stores":3,"total_stores":7,"missing_stores":["Elevation Springs","Elevation Downtown","Elevation Midtown","Elevation Boulevard"],"revenue":4536.875},{"product":"SWEET BLUE COCONUT GUMMIES - HIPPIES PEACES","current_stores":5,"total_stores":7,"missing_stores":["Elevation Springs","Elevation Mesa"],"revenue":2723.75},{"product":"PINA COLADA SUGAR FREE GUMMIES - HIPPIES PEACES","current_stores":3,"total_stores":7,"missing_stores":["Elevation Downtown","Elevation Midtown","Elevation Boulevard","Elevation Parkway"],"revenue":2611.25},{"product":"POMEGRANATE LIMEADE SUGAR FREE GUMMIES - HIPPIES PEACES","current_stores":3,"total_stores":7,"missing_stores":["Elevation Downtown","Elevation Midtown","Elevation Boulevard","Elevation Parkway"],"revenue":2495.625}]},"pricing_consistency":[{"product":"10:1 THC/CBN SOUR STRAWBERRY MANGO GUMMIES - HIPPIES PEACES","min_price":20.911458333333336,"max_price":29.75,"avg_price":25.36220946712018,"std_dev":1.7678428765611782,"store_count":6,"price_range":8.838541666666666,"range_pct":34.8},{"product":"SOUR POMEGRANATE LIMEADE SUGAR FREE GUMMIES - HIPPIES PEACES","min_price":25.0,"max_price":34.375,"avg_price":28.09847883597883,"std_dev":1.4230121934558002,"store_count":14,"price_range":9.375,"range_pct":33.4},{"product":"SOUR CITRUS PUNCH GUMMIES - HIPPIES PEACES","min_price":21.214080459770116,"max_price":27.53472222222222,"avg_price":23.232992219876458,"std_dev":0.863447987985176,"store_count":14,"price_range":6.320641762452106,"range_pct":27.2},{"product":"SOUR PINEAPPLE ORANGE GUMMIES - HIPPIES PEACES","min_price":25.187399432588077,"max_price":32.0703125,"avg_price":27.128651386638424,"std_dev":0.9305336093471188,"store_count":14,"price_range":6.882913067411924,"range_pct":25.4},{"product":"10:1 THC/CBN SOUR GUAVA MOJITO GUMMIES - HIPPIES PEACES","min_price":21.166250228881836,"max_price":27.083333333333336,"avg_price":25.041777626617858,"std_dev":0.7940722951190777,"store_count":14,"price_range":5.917083104451497,"range_pct":23.6},{"product":"SWEET BLUE COCONUT GUMMIES - HIPPIES PEACES","min_price":20.625,"max_price":25.5625,"avg_price":23.927158119658117,"std_dev":0.8268944110404959,"store_count":10,"price_range":4.937499999999999,"range_pct":20.6},{"product":"10:1 THC/CBN SWEET STRAWBERRY MANGO GUMMIES - HIPPIES PEACES","min_price":20.875,"max_price":25.13888888888889,"avg_price":22.930994753665136,"std_dev":0.5900598133248433,"store_count":14,"price_range":4.263888888888889,"range_pct":18.6},{"product":"SWEET PINA COLADA SUGAR FREE GUMMIES - HIPPIES PEACES","min_price":26.005434782608695,"max_price":30.714285714285715,"avg_price":27.55801048709165,"std_dev":0.7790522760100794,"store_count":14,"price_range":4.70885093167702,"range_pct":17.1},{"product":"SWEET CHERRY BERRY GUMMIES - HIPPIES PEACES","min_price":23.389344262295083,"max_price":27.63719512195122,"avg_price":24.965332678200202,"std_dev":0.5749141679747115,"store_count":14,"price_range":4.247850859656137,"range_pct":17.0},{"product":"SWEET GREEN APPLE BERRY GUMMIES - HIPPIES PEACES","min_price":21.631944444444446,"max_price":25.625,"avg_price":23.555974225644,"std_dev":0.5701040320922318,"store_count":14,"price_range":3.9930555555555536,"range_pct":17.0},{"product":"SOUR POMEGRANATE LIMEADE GUMMIES - HIPPIES PEACES","min_price":25.017091400769292,"max_price":29.479166666666664,"avg_price":26.366182502688492,"std_dev":0.7732050311731006,"store_count":14,"price_range":4.462075265897374,"range_pct":16.9},{"product":"SWEET TIKI PUNCH GUMMIES - HIPPIES PEACES","min_price":23.734177215189874,"max_price":27.74234693877551,"avg_price":25.258382648371875,"std_dev":0.49553259426356816,"store_count":14,"price_range":4.008169723585633,"range_pct":15.9},{"product":"SOUR TIKI PUNCH GUMMIES - HIPPIES PEACES","min_price":23.891129032258064,"max_price":27.725,"avg_price":25.455897250018932,"std_dev":0.5740141018901563,"store_count":14,"price_range":3.8338709677419347,"range_pct":15.1},{"product":"SOUR CHERRY BERRY GUMMIES - HIPPIES PEACES","min_price":25.570756392045453,"max_price":29.166666666666664,"avg_price":26.970901074299732,"std_dev":0.4492965633616946,"store_count":14,"price_range":3.59591027462121,"range_pct":13.3},{"product":"SWEET CITRUS PUNCH GUMMIES - HIPPIES PEACES","min_price":22.916666666666664,"max_price":25.9897066004136,"avg_price":24.0265933655103,"std_dev":0.45321071297376125,"store_count":14,"price_range":3.073039933746937,"range_pct":12.8},{"product":"SWEET VEGAS COOLER GUMMIES - HIPPIES PEACES","min_price":25.580867845184947,"max_price":28.99234693877551,"avg_price":26.69920805656725,"std_dev":0.5238794563505095,"store_count":14,"price_range":3.4114790935905592,"range_pct":12.8},{"product":"10:1 THC/CBN SWEET GUAVA MOJITO GUMMIES - HIPPIES PEACES","min_price":21.517857142857146,"max_price":24.39459517195418,"avg_price":23.33165037720876,"std_dev":0.4416389081411469,"store_count":14,"price_range":2.8767380290970346,"range_pct":12.3},{"product":"5:1 THC/CBN SWEET GUAVA MOJITO GUMMIES - HIPPIES PEACES","min_price":25.119485294117645,"max_price":27.818477464758832,"avg_price":26.012614435883027,"std_dev":0.35243252679310966,"store_count":14,"price_range":2.698992170641188,"range_pct":10.4},{"product":"SOUR GREEN APPLE BERRY GUMMIES - HIPPIES PEACES","min_price":24.926470588235293,"max_price":27.309847745028407,"avg_price":26.21247796206446,"std_dev":0.3237321144958934,"store_count":14,"price_range":2.383377156793114,"range_pct":9.1},{"product":"POMEGRANATE LIMEADE SUGAR FREE GUMMIES - HIPPIES PEACES","min_price":25.535714285714285,"max_price":26.684782608695656,"avg_price":26.1655128536922,"std_dev":0.23298136117482493,"store_count":6,"price_range":1.1490683229813703,"range_pct":4.4},{"product":"PINA COLADA SUGAR FREE GUMMIES - HIPPIES PEACES","min_price":26.125,"max_price":27.135416666666664,"avg_price":26.47013888888889,"std_dev":0.23051321565713334,"store_count":6,"price_range":1.010416666666667,"range_pct":3.8}],"promotional_effectiveness":{"lift":{"fp_units_per_day":11.9,"disc_units_per_day":84.14,"lift_pct":607.5,"fp_avg_revenue_per_unit":37.25,"disc_avg_revenue_per_unit":23.450000000000003},"by_deal":[{"deal_name":"Lit4Less - Edibles 4 for $40","uses":1503,"revenue":125240.99999934435,"discounts":63309.00000631809,"units":10056.0,"cost":50090.47499998938,"margin":60.0,"discount_depth":67.2},{"deal_name":"Lit4Less - SIP / Uncle Arnies /Cannavore/Hippies - 4 for $32","uses":822,"revenue":54912.024998664856,"discounts":48300.475001335144,"units":5498.0,"cost":27490.0,"margin":49.9,"discount_depth":93.6},{"deal_name":"Industry 30% Off","uses":219,"revenue":7294.800000190735,"discounts":3317.699999809265,"units":572.0,"cost":2850.024999999441,"margin":60.9,"discount_depth":62.6},{"deal_name":"50% Off - G2B","uses":124,"revenue":5327.962499856949,"discounts":5397.037498950958,"units":572.0,"cost":2860.0,"margin":46.3,"discount_depth":100.6},{"deal_name":"Senior - 10% Off","uses":57,"revenue":2687.5,"discounts":425.0,"units":166.0,"cost":830.0,"margin":69.1,"discount_depth":27.4},{"deal_name":"30% Off Special","uses":50,"revenue":1526.25,"discounts":667.5,"units":118.0,"cost":590.0,"margin":61.3,"discount_depth":60.8},{"deal_name":"Jackpot - Locals 30% Off","uses":32,"revenue":1050.0,"discounts":450.0,"units":80.0,"cost":400.0,"margin":61.9,"discount_depth":60.0},{"deal_name":"Veterans - 10% Off","uses":31,"revenue":1248.75,"discounts":138.75,"units":74.0,"cost":370.0,"margin":70.4,"discount_depth":20.0},{"deal_name":"Stock & Save - Edibles 5 for $50","uses":29,"revenue":4025.0,"discounts":2012.5,"units":322.0,"cost":1610.0,"margin":60.0,"discount_depth":66.6},{"deal_name":"LVAC - 25% Off","uses":14,"revenue":478.125,"discounts":159.375,"units":34.0,"cost":170.0,"margin":64.4,"discount_depth":50.0},{"deal_name":"Senior / Veterans - 20% Off","uses":14,"revenue":473.84999990463257,"discounts":163.65000009536743,"units":34.0,"cost":170.0,"margin":64.1,"discount_depth":51.4},{"deal_name":"Employee 30% - NOT FRIDAYS","uses":12,"revenue":367.5,"discounts":157.5,"units":28.0,"cost":140.0,"margin":61.9,"discount_depth":60.0},{"deal_name":"Store Credit - $25","uses":9,"revenue":221.63750052452087,"discounts":247.11249947547913,"units":25.0,"cost":125.0,"margin":43.6,"discount_depth":105.4},{"deal_name":"Store Credit - $15","uses":8,"revenue":163.53750050067902,"discounts":155.21249949932098,"units":17.0,"cost":85.0,"margin":48.0,"discount_depth":97.4},{"deal_name":"Employee - 40% OFF","uses":4,"revenue":135.0,"discounts":90.0,"units":12.0,"cost":60.0,"margin":55.6,"discount_depth":80.0},{"deal_name":"Main St Happy Hour - 25% Off","uses":3,"revenue":84.375,"discounts":28.125,"units":6.0,"cost":30.0,"margin":64.4,"discount_depth":50.0},{"deal_name":"Store Credit - $50","uses":3,"revenue":45.36249965429306,"discounts":85.88750004768372,"units":7.0,"cost":35.0,"margin":22.8,"discount_depth":130.8},{"deal_name":"Medical - 10%","uses":3,"revenue":101.25,"discounts":11.25,"units":6.0,"cost":30.0,"margin":70.4,"discount_depth":20.0},{"deal_name":"40% Off Special","uses":2,"revenue":67.5,"discounts":45.0,"units":6.0,"cost":30.0,"margin":55.6,"discount_depth":80.0},{"deal_name":"Store Credit - $100","uses":2,"revenue":127.27499961853027,"discounts":135.22500038146973,"units":14.0,"cost":70.0,"margin":45.0,"discount_depth":103.0}]},"growth_opportunities":[{"type":"sku_expansion","title":"Add '10:1 THC/CBN SOUR STRAWBERRY MANGO GUMMIES - HIPPIES PEACES' to 4 more store(s)","detail":"Carried in 3 stores. Missing from: Elevation Springs, Elevation Downtown, Elevation Midtown, Elevation Boulevard","priority":"medium"},{"type":"sku_expansion","title":"Add 'PINA COLADA SUGAR FREE GUMMIES - HIPPIES PEACES' to 4 more store(s)","detail":"Carried in 3 stores. Missing from: Elevation Downtown, Elevation Midtown, Elevation Boulevard, Elevation Parkway","priority":"medium"},{"type":"sku_expansion","title":"Add 'POMEGRANATE LIMEADE SUGAR FREE GUMMIES - HIPPIES PEACES' to 4 more store(s)","detail":"Carried in 3 stores. Missing from: Elevation Downtown, Elevation Midtown, Elevation Boulevard, Elevation Parkway","priority":"medium"},{"type":"sku_expansion","title":"Add 'SWEET BLUE COCONUT GUMMIES - HIPPIES PEACES' to 2 more store(s)","detail":"Carried in 5 stores. Missing from: Elevation Springs, Elevation Mesa","priority":"medium"},{"type":"velocity","title":"Improve velocity in EDIBLE","detail":"Velocity index 40 (below category average). 14.1 units/day vs 35.0 avg.","priority":"medium"}],"trend":[{"period":"2025-06","revenue":10804.05029296875,"cost":4145.0,"margin":61.6,"units":828,"transactions":290,"profit":6659.05029296875,"revenue_change_pct":null,"units_change_pct":null,"margin_change_pts":null},{"period":"2025-07","revenue":33667.5,"cost":15210.0,"margin":54.8,"units":3042,"transactions":1226,"profit":18457.5,"revenue_change_pct":211.6,"units_change_pct":267.4,"margin_change_pts":-6.8},{"period":"2025-08","revenue":37037.9248046875,"cost":16600.0,"margin":55.2,"units":3320,"transactions":1448,"profit":20437.9248046875,"revenue_change_pct":10.0,"units_change_pct":9.1,"margin_change_pts":0.4},{"period":"2025-09","revenue":20525.0,"cost":7980.0,"margin":61.1,"units":1596,"transactions":780,"profit":12545.0,"revenue_change_pct":-44.6,"units_change_pct":-51.9,"margin_change_pts":5.9},{"period":"2025-10","revenue":40224.3994140625,"cost":14810.6005859375,"margin":63.2,"units":3010,"transactions":1346,"profit":25413.798828125,"revenue_change_pct":96.0,"units_change_pct":88.6,"margin_change_pts":2.1},{"period":"2025-11","revenue":20569.951171875,"cost":8540.0,"margin":58.5,"units":1708,"transactions":850,"profit":12029.949951171875,"revenue_change_pct":-48.9,"units_change_pct":-43.3,"margin_change_pts":-4.7},{"period":"2025-12","revenue":46019.2236328125,"cost":17440.0,"margin":62.1,"units":3488,"transactions":1506,"profit":28579.22607421875,"revenue_change_pct":123.7,"units_change_pct":104.2,"margin_change_pts":3.6},{"period":"2026-01","revenue":59199.6240234375,"cost":22240.0,"margin":62.4,"units":4448,"transactions":1542,"profit":36959.6240234375,"revenue_change_pct":28.6,"units_change_pct":27.5,"margin_change_pts":0.3}]}