{"brand":"HIPPIES PEACES","date_range":"2024-01-01 00:00:00 to 2026-01-31 00:00:00","period_label":"All Time","summary":{"total_units":21440,"total_revenue":268047.65625,"total_cost":106965.60546875,"total_discounts":133371.07421875,"total_profit":161082.0703125,"overall_margin":60.099998474121094,"fp_margin":73.19999694824219,"disc_margin":57.400001525878906,"pct_full_price":16.899999618530273,"avg_discount_rate":33.20000076293945,"fp_revenue":45193.75,"disc_revenue":222853.90625,"unique_customers":6732,"brand":"HIPPIES PEACES","date_range":"2024-01-01 00:00:00 to 2026-01-31 00:00:00","months_count":16,"avg_monthly_cost":13370.699999999999,"cost_per_unit":9.975000000000001,"primary_category":"EDIBLE","primary_cat_margin":50.0,"category_rank":15,"category_total":32,"margin_vs_category":10.100000381469727,"velocity_rank":15},"category_breakdown":[{"category_clean":"EDIBLE","units":21440,"revenue":268047.67578125,"cost":106965.595703125,"profit":161082.0703125,"discounts":133371.07421875,"margin":60.099998474121094,"category_avg_margin":50.0,"vs_category":10.1,"rank":15.0,"total_brands":32.0}],"trend":[{"period":"2025-06","revenue":10804.05029296875,"cost":4145.0,"margin":61.6,"units":828,"transactions":290,"profit":6659.05029296875,"revenue_change_pct":null,"units_change_pct":null,"margin_change_pts":null},{"period":"2025-07","revenue":33667.5,"cost":15210.0,"margin":54.8,"units":3042,"transactions":1226,"profit":18457.5,"revenue_change_pct":211.6,"units_change_pct":267.4,"margin_change_pts":-6.8},{"period":"2025-08","revenue":37037.9248046875,"cost":16600.0,"margin":55.2,"units":3320,"transactions":1448,"profit":20437.9248046875,"revenue_change_pct":10.0,"units_change_pct":9.1,"margin_change_pts":0.4},{"period":"2025-09","revenue":20525.0,"cost":7980.0,"margin":61.1,"units":1596,"transactions":780,"profit":12545.0,"revenue_change_pct":-44.6,"units_change_pct":-51.9,"margin_change_pts":5.9},{"period":"2025-10","revenue":40224.3994140625,"cost":14810.6005859375,"margin":63.2,"units":3010,"transactions":1346,"profit":25413.798828125,"revenue_change_pct":96.0,"units_change_pct":88.6,"margin_change_pts":2.1},{"period":"2025-11","revenue":20569.951171875,"cost":8540.0,"margin":58.5,"units":1708,"transactions":850,"profit":12029.949951171875,"revenue_change_pct":-48.9,"units_change_pct":-43.3,"margin_change_pts":-4.7},{"period":"2025-12","revenue":46019.2236328125,"cost":17440.0,"margin":62.1,"units":3488,"transactions":1506,"profit":28579.22607421875,"revenue_change_pct":123.7,"units_change_pct":104.2,"margin_change_pts":3.6},{"period":"2026-01","revenue":59199.6240234375,"cost":22240.0,"margin":62.4,"units":4448,"transactions":1542,"profit":36959.6240234375,"revenue_change_pct":28.6,"units_change_pct":27.5,"margin_change_pts":0.3}],"share_of_category":[{"category":"EDIBLE","brand_revenue":268047.65625,"category_revenue":29378492.5,"revenue_share_pct":0.8999999761581421,"brand_units":21440,"category_units":1706530,"units_share_pct":1.3}],"share_of_category_trend":{"EDIBLE":[{"period":"2024-01","brand_revenue":0.0,"category_revenue":1115754.921875,"share_pct":0.0},{"period":"2024-02","brand_revenue":0.0,"category_revenue":1235210.0,"share_pct":0.0},{"period":"2024-03","brand_revenue":0.0,"category_revenue":1273343.671875,"share_pct":0.0},{"period":"2024-04","brand_revenue":0.0,"category_revenue":1298159.0625,"share_pct":0.0},{"period":"2024-05","brand_revenue":0.0,"category_revenue":1215880.78125,"share_pct":0.0},{"period":"2024-06","brand_revenue":0.0,"category_revenue":1181362.421875,"share_pct":0.0},{"period":"2024-07","brand_revenue":0.0,"category_revenue":1128302.8125,"share_pct":0.0},{"period":"2024-08","brand_revenue":0.0,"category_revenue":1167724.921875,"share_pct":0.0},{"period":"2024-09","brand_revenue":0.0,"category_revenue":1114619.53125,"share_pct":0.0},{"period":"2024-10","brand_revenue":0.0,"category_revenue":1205149.0625,"share_pct":0.0},{"period":"2024-11","brand_revenue":0.0,"category_revenue":1236132.421875,"share_pct":0.0},{"period":"2024-12","brand_revenue":0.0,"category_revenue":1207318.046875,"share_pct":0.0},{"period":"2025-01","brand_revenue":0.0,"category_revenue":1176202.578125,"share_pct":0.0},{"period":"2025-02","brand_revenue":0.0,"category_revenue":1097683.359375,"share_pct":0.0},{"period":"2025-03","brand_revenue":0.0,"category_revenue":1228067.265625,"share_pct":0.0},{"period":"2025-04","brand_revenue":0.0,"category_revenue":1290106.171875,"share_pct":0.0},{"period":"2025-05","brand_revenue":0.0,"category_revenue":1191670.3125,"share_pct":0.0},{"period":"2025-06","brand_revenue":10804.05029296875,"category_revenue":1110702.109375,"share_pct":1.0},{"period":"2025-07","brand_revenue":33667.5,"category_revenue":1096938.125,"share_pct":3.0999999046325684},{"period":"2025-08","brand_revenue":37037.9248046875,"category_revenue":1145920.859375,"share_pct":3.200000047683716},{"period":"2025-09","brand_revenue":20525.0,"category_revenue":1070074.53125,"share_pct":1.899999976158142},{"period":"2025-10","brand_revenue":40224.3994140625,"category_revenue":1168865.78125,"share_pct":3.4000000953674316},{"period":"2025-11","brand_revenue":20569.951171875,"category_revenue":1192334.453125,"share_pct":1.7000000476837158},{"period":"2025-12","brand_revenue":46019.2236328125,"category_revenue":1138094.375,"share_pct":4.0},{"period":"2026-01","brand_revenue":59199.6240234375,"category_revenue":1092874.21875,"share_pct":5.400000095367432}]},"discount_depth":[{"tier":"0% (Full Price)","transactions":2326,"pct_of_transactions":15.1,"revenue":45193.75,"avg_discount":0.0},{"tier":"1-10%","transactions":256,"pct_of_transactions":1.7,"revenue":5168.7249755859375,"avg_discount":19.799999237060547},{"tier":"11-20%","transactions":110,"pct_of_transactions":0.7,"revenue":1974.4999694824219,"avg_discount":39.0},{"tier":"21-30%","transactions":106,"pct_of_transactions":0.7,"revenue":1527.4749755859375,"avg_discount":50.0},{"tier":"31%+","transactions":11750,"pct_of_transactions":76.2,"revenue":202060.09765625,"avg_discount":77.5999984741211}],"velocity":{"units_per_day":94.86,"revenue_per_day":1186.050033569336,"avg_units_per_txn":4.78,"days_of_data":226,"total_units":21440,"total_transactions":8988},"velocity_by_category":[{"category":"EDIBLE","brand_units_per_day":28.14,"category_avg_units_per_day":69.98,"velocity_index":40.2,"brand_rev_per_unit":10.0,"category_rev_per_unit":13.77,"brands_in_category":32}],"deals":[{"deal_name":"Lit4Less - Edibles 4 for $40","times_used":3006,"units":10056.0,"revenue":125240.99999934435,"discounts":63309.00000631809,"cost":50090.47499998938,"profit":75150.52498966455,"pre_discount_revenue":188550.0,"margin":60.0,"avg_discount":67.2},{"deal_name":"Lit4Less - SIP / Uncle Arnies /Cannavore/Hippies - 4 for $32","times_used":1644,"units":5498.0,"revenue":54912.024998664856,"discounts":48300.475001335144,"cost":27490.0,"profit":27422.02499985695,"pre_discount_revenue":103212.5,"margin":49.9,"avg_discount":93.6},{"deal_name":"Industry 30% Off","times_used":438,"units":572.0,"revenue":7294.800000190735,"discounts":3317.699999809265,"cost":2850.024999999441,"profit":4444.774999320507,"pre_discount_revenue":10612.5,"margin":60.9,"avg_discount":62.6},{"deal_name":"50% Off - G2B","times_used":248,"units":572.0,"revenue":5327.962499856949,"discounts":5397.037498950958,"cost":2860.0,"profit":2467.9625000059605,"pre_discount_revenue":10725.0,"margin":46.3,"avg_discount":100.6},{"deal_name":"Senior - 10% Off","times_used":114,"units":166.0,"revenue":2687.5,"discounts":425.0,"cost":830.0,"profit":1857.5,"pre_discount_revenue":3112.5,"margin":69.1,"avg_discount":27.4},{"deal_name":"30% Off Special","times_used":100,"units":118.0,"revenue":1526.25,"discounts":667.5,"cost":590.0,"profit":936.25,"pre_discount_revenue":2193.75,"margin":61.3,"avg_discount":60.8},{"deal_name":"Jackpot - Locals 30% Off","times_used":64,"units":80.0,"revenue":1050.0,"discounts":450.0,"cost":400.0,"profit":650.0,"pre_discount_revenue":1500.0,"margin":61.9,"avg_discount":60.0},{"deal_name":"Veterans - 10% Off","times_used":62,"units":74.0,"revenue":1248.75,"discounts":138.75,"cost":370.0,"profit":878.75,"pre_discount_revenue":1387.5,"margin":70.4,"avg_discount":20.0},{"deal_name":"Stock & Save - Edibles 5 for $50","times_used":58,"units":322.0,"revenue":4025.0,"discounts":2012.5,"cost":1610.0,"profit":2415.0,"pre_discount_revenue":6037.5,"margin":60.0,"avg_discount":66.6},{"deal_name":"LVAC - 25% Off","times_used":28,"units":34.0,"revenue":478.125,"discounts":159.375,"cost":170.0,"profit":308.125,"pre_discount_revenue":637.5,"margin":64.4,"avg_discount":50.0},{"deal_name":"Senior / Veterans - 20% Off","times_used":28,"units":34.0,"revenue":473.84999990463257,"discounts":163.65000009536743,"cost":170.0,"profit":303.84999990463257,"pre_discount_revenue":637.5,"margin":64.1,"avg_discount":51.4},{"deal_name":"Employee 30% - NOT FRIDAYS","times_used":24,"units":28.0,"revenue":367.5,"discounts":157.5,"cost":140.0,"profit":227.5,"pre_discount_revenue":525.0,"margin":61.9,"avg_discount":60.0},{"deal_name":"Store Credit - $25","times_used":18,"units":25.0,"revenue":221.63750052452087,"discounts":247.11249947547913,"cost":125.0,"profit":96.63750052452087,"pre_discount_revenue":468.75,"margin":43.6,"avg_discount":105.4},{"deal_name":"Store Credit - $15","times_used":16,"units":17.0,"revenue":163.53750050067902,"discounts":155.21249949932098,"cost":85.0,"profit":78.53749960660934,"pre_discount_revenue":318.75,"margin":48.0,"avg_discount":97.4},{"deal_name":"Employee - 40% OFF","times_used":8,"units":12.0,"revenue":135.0,"discounts":90.0,"cost":60.0,"profit":75.0,"pre_discount_revenue":225.0,"margin":55.6,"avg_discount":80.0},{"deal_name":"Main St Happy Hour - 25% Off","times_used":6,"units":6.0,"revenue":84.375,"discounts":28.125,"cost":30.0,"profit":54.375,"pre_discount_revenue":112.5,"margin":64.4,"avg_discount":50.0},{"deal_name":"Store Credit - $50","times_used":6,"units":7.0,"revenue":45.36249965429306,"discounts":85.88750004768372,"cost":35.0,"profit":10.362500250339508,"pre_discount_revenue":131.25,"margin":22.8,"avg_discount":130.8},{"deal_name":"Medical - 10%","times_used":6,"units":6.0,"revenue":101.25,"discounts":11.25,"cost":30.0,"profit":71.25,"pre_discount_revenue":112.5,"margin":70.4,"avg_discount":20.0},{"deal_name":"40% Off Special","times_used":4,"units":6.0,"revenue":67.5,"discounts":45.0,"cost":30.0,"profit":37.5,"pre_discount_revenue":112.5,"margin":55.6,"avg_discount":80.0},{"deal_name":"Store Credit - $100","times_used":4,"units":14.0,"revenue":127.27499961853027,"discounts":135.22500038146973,"cost":70.0,"profit":57.27499961853027,"pre_discount_revenue":262.5,"margin":45.0,"avg_discount":103.0},{"deal_name":"Store Credit - $75","times_used":4,"units":5.0,"revenue":19.62499976158142,"discounts":74.12499904632568,"cost":25.0,"profit":-5.375000089406967,"pre_discount_revenue":93.75,"margin":-27.4,"avg_discount":158.2},{"deal_name":"Reno - Early Bird - Senior / Veterans - 20%","times_used":2,"units":2.0,"revenue":30.0,"discounts":7.5,"cost":10.0,"profit":20.0,"pre_discount_revenue":37.5,"margin":66.7,"avg_discount":40.0},{"deal_name":"Sammy Davis Early Bird - 15% Off","times_used":2,"units":2.0,"revenue":31.875,"discounts":5.625,"cost":10.0,"profit":21.875,"pre_discount_revenue":37.5,"margin":68.6,"avg_discount":30.0}],"top_products":[{"product":"SWEET VEGAS COOLER GUMMIES - HIPPIES PEACES","units":1726,"revenue":22635.224609375,"cost":8630.0,"profit":14005.224609375,"transactions":1258,"margin":61.900001525878906},{"product":"SOUR PINEAPPLE ORANGE GUMMIES - HIPPIES PEACES","units":1680,"revenue":21823.64990234375,"cost":8400.0,"profit":13423.64990234375,"transactions":1246,"margin":61.5},{"product":"SWEET CHERRY BERRY GUMMIES - HIPPIES PEACES","units":1770,"revenue":21488.75,"cost":8855.0,"profit":12633.75,"transactions":1316,"margin":58.79999923706055},{"product":"SOUR POMEGRANATE LIMEADE GUMMIES - HIPPIES PEACES","units":1662,"revenue":21286.32568359375,"cost":8310.0,"profit":12976.324462890625,"transactions":1166,"margin":61.0},{"product":"5:1 THC/CBN SWEET GUAVA MOJITO GUMMIES - HIPPIES PEACES","units":1648,"revenue":21256.923828125,"cost":8240.0,"profit":13016.925048828125,"transactions":884,"margin":61.20000076293945},{"product":"SWEET TIKI PUNCH GUMMIES - HIPPIES PEACES","units":1720,"revenue":21224.6240234375,"cost":8600.0,"profit":12624.625244140625,"transactions":1358,"margin":59.5},{"product":"SOUR CHERRY BERRY GUMMIES - HIPPIES PEACES","units":1574,"revenue":20877.1240234375,"cost":7870.0,"profit":13007.125244140625,"transactions":1038,"margin":62.29999923706055},{"product":"SOUR GREEN APPLE BERRY GUMMIES - HIPPIES PEACES","units":1464,"revenue":18837.4755859375,"cost":7320.0,"profit":11517.4755859375,"transactions":1158,"margin":61.099998474121094},{"product":"SOUR TIKI PUNCH GUMMIES - HIPPIES PEACES","units":1272,"revenue":15840.30029296875,"cost":6360.0,"profit":9480.30029296875,"transactions":924,"margin":59.79999923706055},{"product":"SWEET CITRUS PUNCH GUMMIES - HIPPIES PEACES","units":1324,"revenue":15816.324462890625,"cost":6620.0,"profit":9196.325073242188,"transactions":1056,"margin":58.099998474121094},{"product":"10:1 THC/CBN SWEET GUAVA MOJITO GUMMIES - HIPPIES PEACES","units":1112,"revenue":12979.7998046875,"cost":5560.0,"profit":7419.7998046875,"transactions":746,"margin":57.20000076293945},{"product":"10:1 THC/CBN SWEET STRAWBERRY MANGO GUMMIES - HIPPIES PEACES","units":824,"revenue":9157.324829101562,"cost":4120.0,"profit":5037.325134277344,"transactions":574,"margin":55.0},{"product":"SWEET GREEN APPLE BERRY GUMMIES - HIPPIES PEACES","units":718,"revenue":8310.92529296875,"cost":3590.0,"profit":4720.924987792969,"transactions":592,"margin":56.79999923706055},{"product":"SOUR CITRUS PUNCH GUMMIES - HIPPIES PEACES","units":732,"revenue":8140.625,"cost":3660.0,"profit":4480.625,"transactions":570,"margin":55.0},{"product":"10:1 THC/CBN SOUR GUAVA MOJITO GUMMIES - HIPPIES PEACES","units":532,"revenue":6652.0751953125,"cost":2660.0,"profit":3992.0748901367188,"transactions":378,"margin":60.0},{"product":"SWEET PINA COLADA SUGAR FREE GUMMIES - HIPPIES PEACES","units":406,"revenue":5413.9501953125,"cost":2030.0,"profit":3383.9498901367188,"transactions":282,"margin":62.5},{"product":"10:1 THC/CBN SOUR STRAWBERRY MANGO GUMMIES - HIPPIES PEACES","units":362,"revenue":4536.875,"cost":1810.0,"profit":2726.875,"transactions":246,"margin":60.099998474121094},{"product":"SOUR POMEGRANATE LIMEADE SUGAR FREE GUMMIES - HIPPIES PEACES","units":300,"revenue":3938.75,"cost":1500.0,"profit":2438.75,"transactions":162,"margin":61.900001525878906},{"product":"SWEET BLUE COCONUT GUMMIES - HIPPIES PEACES","units":224,"revenue":2723.75,"cost":1120.0,"profit":1603.75,"transactions":170,"margin":58.900001525878906},{"product":"PINA COLADA SUGAR FREE GUMMIES - HIPPIES PEACES","units":198,"revenue":2611.25,"cost":750.5999755859375,"profit":1860.6500244140625,"transactions":144,"margin":71.30000305175781},{"product":"POMEGRANATE LIMEADE SUGAR FREE GUMMIES - HIPPIES PEACES","units":192,"revenue":2495.625,"cost":960.0,"profit":1535.625,"transactions":152,"margin":61.5}],"products_by_store":{"Elevation Springs":[{"product":"SWEET TIKI PUNCH GUMMIES - HIPPIES PEACES","units":286,"revenue":3618.2998657226562,"cost":1430.0,"profit":2188.300018310547,"transactions":210,"margin":60.5},{"product":"SOUR GREEN APPLE BERRY GUMMIES - HIPPIES PEACES","units":266,"revenue":3433.125,"cost":1330.0,"profit":2103.125,"transactions":226,"margin":61.29999923706055},{"product":"SOUR CHERRY BERRY GUMMIES - HIPPIES PEACES","units":222,"revenue":2991.875,"cost":1110.0,"profit":1881.875,"transactions":124,"margin":62.900001525878906},{"product":"SWEET CHERRY BERRY GUMMIES - HIPPIES PEACES","units":236,"revenue":2916.875,"cost":1180.0,"profit":1736.875,"transactions":172,"margin":59.5},{"product":"SOUR PINEAPPLE ORANGE GUMMIES - HIPPIES PEACES","units":220,"revenue":2883.125,"cost":1100.0,"profit":1783.125,"transactions":158,"margin":61.79999923706055},{"product":"5:1 THC/CBN SWEET GUAVA MOJITO GUMMIES - HIPPIES PEACES","units":202,"revenue":2616.6751098632812,"cost":1010.0,"profit":1606.6749572753906,"transactions":100,"margin":61.400001525878906},{"product":"SWEET VEGAS COOLER GUMMIES - HIPPIES PEACES","units":198,"revenue":2600.7998657226562,"cost":990.0,"profit":1610.8000183105469,"transactions":146,"margin":61.900001525878906},{"product":"SOUR POMEGRANATE LIMEADE GUMMIES - HIPPIES PEACES","units":196,"revenue":2451.6749572753906,"cost":980.0,"profit":1471.6749572753906,"transactions":116,"margin":60.0},{"product":"10:1 THC/CBN SWEET STRAWBERRY MANGO GUMMIES - HIPPIES PEACES","units":170,"revenue":1920.8500671386719,"cost":850.0,"profit":1070.8499908447266,"transactions":112,"margin":55.70000076293945},{"product":"10:1 THC/CBN SWEET GUAVA MOJITO GUMMIES - HIPPIES PEACES","units":148,"revenue":1805.2000427246094,"cost":740.0,"profit":1065.199966430664,"transactions":108,"margin":59.0},{"product":"SOUR TIKI PUNCH GUMMIES - HIPPIES PEACES","units":138,"revenue":1786.875,"cost":690.0,"profit":1096.875,"transactions":100,"margin":61.400001525878906},{"product":"SWEET CITRUS PUNCH GUMMIES - HIPPIES PEACES","units":138,"revenue":1630.625,"cost":690.0,"profit":940.625,"transactions":114,"margin":57.70000076293945},{"product":"SOUR CITRUS PUNCH GUMMIES - HIPPIES PEACES","units":90,"revenue":1021.875,"cost":450.0,"profit":571.875,"transactions":78,"margin":56.0},{"product":"SWEET GREEN APPLE BERRY GUMMIES - HIPPIES PEACES","units":76,"revenue":866.875,"cost":380.0,"profit":486.875,"transactions":64,"margin":56.20000076293945},{"product":"PINA COLADA SUGAR FREE GUMMIES - HIPPIES PEACES","units":48,"revenue":651.25,"cost":0.5999999865889549,"profit":650.6499481201172,"transactions":26,"margin":99.9000015258789}],"Elevation Mesa":[{"product":"SWEET CHERRY BERRY GUMMIES - HIPPIES PEACES","units":372,"revenue":4457.5,"cost":1860.0,"profit":2597.5,"transactions":302,"margin":58.29999923706055},{"product":"SOUR PINEAPPLE ORANGE GUMMIES - HIPPIES PEACES","units":298,"revenue":3804.375,"cost":1490.0,"profit":2314.375,"transactions":210,"margin":60.79999923706055},{"product":"SWEET TIKI PUNCH GUMMIES - HIPPIES PEACES","units":302,"revenue":3690.3250122070312,"cost":1510.0,"profit":2180.3250122070312,"transactions":254,"margin":59.099998474121094},{"product":"SWEET VEGAS COOLER GUMMIES - HIPPIES PEACES","units":280,"revenue":3621.6500854492188,"cost":1400.0,"profit":2221.649932861328,"transactions":210,"margin":61.29999923706055},{"product":"SOUR POMEGRANATE LIMEADE GUMMIES - HIPPIES PEACES","units":272,"revenue":3460.4000854492188,"cost":1360.0,"profit":2100.399932861328,"transactions":220,"margin":60.70000076293945},{"product":"SOUR CHERRY BERRY GUMMIES - HIPPIES PEACES","units":244,"revenue":3288.4249877929688,"cost":1220.0,"profit":2068.4249877929688,"transactions":188,"margin":62.900001525878906},{"product":"5:1 THC/CBN SWEET GUAVA MOJITO GUMMIES - HIPPIES PEACES","units":240,"revenue":3106.875,"cost":1200.0,"profit":1906.875,"transactions":164,"margin":61.400001525878906},{"product":"SOUR TIKI PUNCH GUMMIES - HIPPIES PEACES","units":220,"revenue":2658.4249877929688,"cost":1100.0,"profit":1558.4249877929688,"transactions":182,"margin":58.599998474121094},{"product":"SWEET CITRUS PUNCH GUMMIES - HIPPIES PEACES","units":216,"revenue":2543.4500122070312,"cost":1080.0,"profit":1463.4500122070312,"transactions":164,"margin":57.5},{"product":"SOUR GREEN APPLE BERRY GUMMIES - HIPPIES PEACES","units":188,"revenue":2464.375,"cost":940.0,"profit":1524.375,"transactions":154,"margin":61.900001525878906},{"product":"10:1 THC/CBN SWEET GUAVA MOJITO GUMMIES - HIPPIES PEACES","units":168,"revenue":2046.25,"cost":840.0,"profit":1206.25,"transactions":128,"margin":58.900001525878906},{"product":"SWEET GREEN APPLE BERRY GUMMIES - HIPPIES PEACES","units":120,"revenue":1388.4249877929688,"cost":600.0,"profit":788.4249877929688,"transactions":100,"margin":56.79999923706055},{"product":"10:1 THC/CBN SOUR GUAVA MOJITO GUMMIES - HIPPIES PEACES","units":70,"revenue":891.875,"cost":350.0,"profit":541.875,"transactions":50,"margin":60.79999923706055},{"product":"PINA COLADA SUGAR FREE GUMMIES - HIPPIES PEACES","units":50,"revenue":653.75,"cost":250.0,"profit":403.75,"transactions":38,"margin":61.79999923706055},{"product":"POMEGRANATE LIMEADE SUGAR FREE GUMMIES - HIPPIES PEACES","units":48,"revenue":630.625,"cost":240.0,"profit":390.625,"transactions":44,"margin":61.900001525878906}],"Elevation Oasis":[{"product":"5:1 THC/CBN SWEET GUAVA MOJITO GUMMIES - HIPPIES PEACES","units":746,"revenue":9595.0,"cost":3730.0,"profit":5865.0,"transactions":350,"margin":61.099998474121094},{"product":"SWEET VEGAS COOLER GUMMIES - HIPPIES PEACES","units":734,"revenue":9547.5,"cost":3670.0,"profit":5877.5,"transactions":496,"margin":61.599998474121094},{"product":"SOUR PINEAPPLE ORANGE GUMMIES - HIPPIES PEACES","units":738,"revenue":9294.149780273438,"cost":3690.0,"profit":5604.1497802734375,"transactions":498,"margin":60.29999923706055},{"product":"SOUR POMEGRANATE LIMEADE GUMMIES - HIPPIES PEACES","units":730,"revenue":9285.4248046875,"cost":3650.0,"profit":5635.4248046875,"transactions":458,"margin":60.70000076293945},{"product":"SWEET TIKI PUNCH GUMMIES - HIPPIES PEACES","units":632,"revenue":7500.0,"cost":3160.0,"profit":4340.0,"transactions":476,"margin":57.900001525878906},{"product":"SWEET CHERRY BERRY GUMMIES - HIPPIES PEACES","units":610,"revenue":7133.75,"cost":3050.0,"profit":4083.75,"transactions":424,"margin":57.20000076293945},{"product":"10:1 THC/CBN SWEET GUAVA MOJITO GUMMIES - HIPPIES PEACES","units":594,"revenue":6875.0,"cost":2970.0,"profit":3905.0,"transactions":368,"margin":56.79999923706055},{"product":"SOUR GREEN APPLE BERRY GUMMIES - HIPPIES PEACES","units":544,"revenue":6780.0,"cost":2720.0,"profit":4060.0,"transactions":382,"margin":59.900001525878906},{"product":"SOUR TIKI PUNCH GUMMIES - HIPPIES PEACES","units":496,"revenue":5925.0,"cost":2480.0,"profit":3445.0,"transactions":296,"margin":58.099998474121094},{"product":"SWEET CITRUS PUNCH GUMMIES - HIPPIES PEACES","units":488,"revenue":5682.5,"cost":2440.0,"profit":3242.5,"transactions":376,"margin":57.099998474121094},{"product":"SOUR CHERRY BERRY GUMMIES - HIPPIES PEACES","units":390,"revenue":5206.25,"cost":1950.0,"profit":3256.25,"transactions":212,"margin":62.5},{"product":"10:1 THC/CBN SWEET STRAWBERRY MANGO GUMMIES - HIPPIES PEACES","units":394,"revenue":4258.75,"cost":1970.0,"profit":2288.75,"transactions":256,"margin":53.70000076293945},{"product":"10:1 THC/CBN SOUR STRAWBERRY MANGO GUMMIES - HIPPIES PEACES","units":294,"revenue":3737.5,"cost":1470.0,"profit":2267.5,"transactions":196,"margin":60.70000076293945},{"product":"10:1 THC/CBN SOUR GUAVA MOJITO GUMMIES - HIPPIES PEACES","units":296,"revenue":3695.625,"cost":1480.0,"profit":2215.625,"transactions":188,"margin":60.0},{"product":"SOUR CITRUS PUNCH GUMMIES - HIPPIES PEACES","units":348,"revenue":3691.25,"cost":1740.0,"profit":1951.25,"transactions":244,"margin":52.900001525878906}],"Elevation Downtown":[{"product":"SWEET CHERRY BERRY GUMMIES - HIPPIES PEACES","units":82,"revenue":1133.125,"cost":415.0,"profit":718.125,"transactions":80,"margin":63.400001525878906},{"product":"SWEET VEGAS COOLER GUMMIES - HIPPIES PEACES","units":70,"revenue":984.1749572753906,"cost":350.0,"profit":634.1749954223633,"transactions":54,"margin":64.4000015258789},{"product":"SOUR GREEN APPLE BERRY GUMMIES - HIPPIES PEACES","units":66,"revenue":901.2249755859375,"cost":330.0,"profit":571.2250137329102,"transactions":60,"margin":63.400001525878906},{"product":"SOUR POMEGRANATE LIMEADE GUMMIES - HIPPIES PEACES","units":54,"revenue":779.375,"cost":270.0,"profit":509.375,"transactions":46,"margin":65.4000015258789},{"product":"SOUR TIKI PUNCH GUMMIES - HIPPIES PEACES","units":60,"revenue":778.75,"cost":300.0,"profit":478.75,"transactions":52,"margin":61.5},{"product":"5:1 THC/CBN SWEET GUAVA MOJITO GUMMIES - HIPPIES PEACES","units":46,"revenue":639.8249816894531,"cost":230.0,"profit":409.8249816894531,"transactions":32,"margin":64.0999984741211},{"product":"SOUR PINEAPPLE ORANGE GUMMIES - HIPPIES PEACES","units":44,"revenue":608.75,"cost":220.0,"profit":388.75,"transactions":36,"margin":63.900001525878906},{"product":"SWEET TIKI PUNCH GUMMIES - HIPPIES PEACES","units":46,"revenue":582.5,"cost":230.0,"profit":352.5,"transactions":38,"margin":60.5},{"product":"10:1 THC/CBN SOUR GUAVA MOJITO GUMMIES - HIPPIES PEACES","units":40,"revenue":531.25,"cost":200.0,"profit":331.25,"transactions":30,"margin":62.400001525878906},{"product":"SWEET BLUE COCONUT GUMMIES - HIPPIES PEACES","units":40,"revenue":511.25,"cost":200.0,"profit":311.25,"transactions":40,"margin":60.900001525878906},{"product":"SOUR CITRUS PUNCH GUMMIES - HIPPIES PEACES","units":36,"revenue":495.625,"cost":180.0,"profit":315.625,"transactions":34,"margin":63.70000076293945},{"product":"SWEET GREEN APPLE BERRY GUMMIES - HIPPIES PEACES","units":38,"revenue":480.625,"cost":190.0,"profit":290.625,"transactions":38,"margin":60.5},{"product":"10:1 THC/CBN SWEET STRAWBERRY MANGO GUMMIES - HIPPIES PEACES","units":36,"revenue":452.5,"cost":180.0,"profit":272.5,"transactions":32,"margin":60.20000076293945},{"product":"10:1 THC/CBN SWEET GUAVA MOJITO GUMMIES - HIPPIES PEACES","units":24,"revenue":283.75,"cost":120.0,"profit":163.75,"transactions":18,"margin":57.70000076293945},{"product":"SWEET CITRUS PUNCH GUMMIES - HIPPIES PEACES","units":24,"revenue":275.0,"cost":120.0,"profit":155.0,"transactions":24,"margin":56.400001525878906}],"Elevation Midtown":[{"product":"SOUR CHERRY BERRY GUMMIES - HIPPIES PEACES","units":330,"revenue":4219.175109863281,"cost":1650.0,"profit":2569.1751098632812,"transactions":218,"margin":60.900001525878906},{"product":"SWEET TIKI PUNCH GUMMIES - HIPPIES PEACES","units":190,"revenue":2392.5,"cost":950.0,"profit":1442.5,"transactions":154,"margin":60.29999923706055},{"product":"SWEET CITRUS PUNCH GUMMIES - HIPPIES PEACES","units":190,"revenue":2238.75,"cost":950.0,"profit":1288.75,"transactions":150,"margin":57.599998474121094},{"product":"SWEET CHERRY BERRY GUMMIES - HIPPIES PEACES","units":180,"revenue":2222.5,"cost":900.0,"profit":1322.5,"transactions":130,"margin":59.5},{"product":"SOUR PINEAPPLE ORANGE GUMMIES - HIPPIES PEACES","units":148,"revenue":1955.625,"cost":740.0,"profit":1215.625,"transactions":132,"margin":62.20000076293945},{"product":"SWEET VEGAS COOLER GUMMIES - HIPPIES PEACES","units":150,"revenue":1953.5499572753906,"cost":750.0,"profit":1203.550033569336,"transactions":120,"margin":61.599998474121094},{"product":"5:1 THC/CBN SWEET GUAVA MOJITO GUMMIES - HIPPIES PEACES","units":144,"revenue":1891.25,"cost":720.0,"profit":1171.25,"transactions":100,"margin":61.900001525878906},{"product":"SOUR POMEGRANATE LIMEADE GUMMIES - HIPPIES PEACES","units":142,"revenue":1795.8500671386719,"cost":710.0,"profit":1085.8499908447266,"transactions":122,"margin":60.5},{"product":"SOUR GREEN APPLE BERRY GUMMIES - HIPPIES PEACES","units":132,"revenue":1748.75,"cost":660.0,"profit":1088.75,"transactions":116,"margin":62.29999923706055},{"product":"SOUR TIKI PUNCH GUMMIES - HIPPIES PEACES","units":90,"revenue":1086.25,"cost":450.0,"profit":636.25,"transactions":76,"margin":58.599998474121094},{"product":"SOUR CITRUS PUNCH GUMMIES - HIPPIES PEACES","units":90,"revenue":1020.0,"cost":450.0,"profit":570.0,"transactions":68,"margin":55.900001525878906},{"product":"10:1 THC/CBN SWEET GUAVA MOJITO GUMMIES - HIPPIES PEACES","units":90,"revenue":1000.2249908447266,"cost":450.0,"profit":550.2249908447266,"transactions":52,"margin":55.0},{"product":"10:1 THC/CBN SWEET STRAWBERRY MANGO GUMMIES - HIPPIES PEACES","units":70,"revenue":817.0999908447266,"cost":350.0,"profit":467.09999084472656,"transactions":60,"margin":57.20000076293945},{"product":"SWEET GREEN APPLE BERRY GUMMIES - HIPPIES PEACES","units":72,"revenue":778.75,"cost":360.0,"profit":418.75,"transactions":60,"margin":53.79999923706055},{"product":"10:1 THC/CBN SOUR GUAVA MOJITO GUMMIES - HIPPIES PEACES","units":40,"revenue":423.3250045776367,"cost":200.0,"profit":223.32500457763672,"transactions":32,"margin":52.79999923706055}],"Elevation Boulevard":[{"product":"SOUR CHERRY BERRY GUMMIES - HIPPIES PEACES","units":250,"revenue":3272.650146484375,"cost":1250.0,"profit":2022.6499938964844,"transactions":192,"margin":61.79999923706055},{"product":"SWEET VEGAS COOLER GUMMIES - HIPPIES PEACES","units":196,"revenue":2506.925048828125,"cost":980.0,"profit":1526.925048828125,"transactions":152,"margin":60.900001525878906},{"product":"SOUR POMEGRANATE LIMEADE GUMMIES - HIPPIES PEACES","units":196,"revenue":2452.3500061035156,"cost":980.0,"profit":1472.3500061035156,"transactions":144,"margin":60.0},{"product":"SOUR PINEAPPLE ORANGE GUMMIES - HIPPIES PEACES","units":168,"revenue":2251.374969482422,"cost":840.0,"profit":1411.3749694824219,"transactions":156,"margin":62.70000076293945},{"product":"SOUR TIKI PUNCH GUMMIES - HIPPIES PEACES","units":168,"revenue":2218.75,"cost":840.0,"profit":1378.75,"transactions":142,"margin":62.099998474121094},{"product":"SWEET CITRUS PUNCH GUMMIES - HIPPIES PEACES","units":170,"revenue":2209.1250610351562,"cost":850.0,"profit":1359.1250610351562,"transactions":146,"margin":61.5},{"product":"SOUR GREEN APPLE BERRY GUMMIES - HIPPIES PEACES","units":170,"revenue":2187.5,"cost":850.0,"profit":1337.5,"transactions":138,"margin":61.099998474121094},{"product":"SWEET CHERRY BERRY GUMMIES - HIPPIES PEACES","units":174,"revenue":2113.75,"cost":870.0,"profit":1243.75,"transactions":126,"margin":58.79999923706055},{"product":"SWEET TIKI PUNCH GUMMIES - HIPPIES PEACES","units":166,"revenue":2081.6250610351562,"cost":830.0,"profit":1251.624984741211,"transactions":138,"margin":60.099998474121094},{"product":"5:1 THC/CBN SWEET GUAVA MOJITO GUMMIES - HIPPIES PEACES","units":134,"revenue":1699.1749572753906,"cost":670.0,"profit":1029.1749572753906,"transactions":78,"margin":60.599998474121094},{"product":"SWEET PINA COLADA SUGAR FREE GUMMIES - HIPPIES PEACES","units":98,"revenue":1319.5750427246094,"cost":490.0,"profit":829.5750427246094,"transactions":72,"margin":62.900001525878906},{"product":"SWEET GREEN APPLE BERRY GUMMIES - HIPPIES PEACES","units":70,"revenue":822.5,"cost":350.0,"profit":472.5,"transactions":58,"margin":57.400001525878906},{"product":"SOUR CITRUS PUNCH GUMMIES - HIPPIES PEACES","units":70,"revenue":773.75,"cost":350.0,"profit":423.75,"transactions":62,"margin":54.79999923706055},{"product":"10:1 THC/CBN SWEET GUAVA MOJITO GUMMIES - HIPPIES PEACES","units":70,"revenue":753.125,"cost":350.0,"profit":403.125,"transactions":54,"margin":53.5},{"product":"10:1 THC/CBN SWEET STRAWBERRY MANGO GUMMIES - HIPPIES PEACES","units":70,"revenue":730.625,"cost":350.0,"profit":380.625,"transactions":48,"margin":52.099998474121094}],"Elevation Parkway":[{"product":"5:1 THC/CBN SWEET GUAVA MOJITO GUMMIES - HIPPIES PEACES","units":136,"revenue":1708.125,"cost":680.0,"profit":1028.125,"transactions":60,"margin":60.20000076293945},{"product":"SOUR CHERRY BERRY GUMMIES - HIPPIES PEACES","units":120,"revenue":1636.25,"cost":600.0,"profit":1036.25,"transactions":90,"margin":63.29999923706055},{"product":"SWEET CHERRY BERRY GUMMIES - HIPPIES PEACES","units":116,"revenue":1511.25,"cost":580.0,"profit":931.25,"transactions":82,"margin":61.599998474121094},{"product":"SWEET VEGAS COOLER GUMMIES - HIPPIES PEACES","units":98,"revenue":1420.625,"cost":490.0,"profit":930.625,"transactions":80,"margin":65.5},{"product":"SOUR TIKI PUNCH GUMMIES - HIPPIES PEACES","units":100,"revenue":1386.25,"cost":500.0,"profit":886.25,"transactions":76,"margin":63.900001525878906},{"product":"SWEET TIKI PUNCH GUMMIES - HIPPIES PEACES","units":98,"revenue":1359.375,"cost":490.0,"profit":869.375,"transactions":88,"margin":64.0},{"product":"SOUR GREEN APPLE BERRY GUMMIES - HIPPIES PEACES","units":98,"revenue":1322.5,"cost":490.0,"profit":832.5,"transactions":82,"margin":62.900001525878906},{"product":"SWEET CITRUS PUNCH GUMMIES - HIPPIES PEACES","units":98,"revenue":1236.875,"cost":490.0,"profit":746.875,"transactions":82,"margin":60.400001525878906},{"product":"SOUR POMEGRANATE LIMEADE GUMMIES - HIPPIES PEACES","units":72,"revenue":1061.25,"cost":360.0,"profit":701.25,"transactions":60,"margin":66.0999984741211},{"product":"SOUR PINEAPPLE ORANGE GUMMIES - HIPPIES PEACES","units":64,"revenue":1026.25,"cost":320.0,"profit":706.25,"transactions":56,"margin":68.80000305175781},{"product":"SOUR CITRUS PUNCH GUMMIES - HIPPIES PEACES","units":50,"revenue":613.125,"cost":250.0,"profit":363.125,"transactions":40,"margin":59.20000076293945},{"product":"SWEET GREEN APPLE BERRY GUMMIES - HIPPIES PEACES","units":44,"revenue":563.75,"cost":220.0,"profit":343.75,"transactions":40,"margin":61.0},{"product":"10:1 THC/CBN SWEET STRAWBERRY MANGO GUMMIES - HIPPIES PEACES","units":32,"revenue":388.75,"cost":160.0,"profit":228.75,"transactions":28,"margin":58.79999923706055},{"product":"SWEET BLUE COCONUT GUMMIES - HIPPIES PEACES","units":26,"revenue":323.75,"cost":130.0,"profit":193.75,"transactions":24,"margin":59.79999923706055},{"product":"10:1 THC/CBN SOUR STRAWBERRY MANGO GUMMIES - HIPPIES PEACES","units":20,"revenue":297.5,"cost":100.0,"profit":197.5,"transactions":12,"margin":66.4000015258789}]},"store_summary":[{"store_clean":"Elevation Oasis","units":9030,"revenue":110642.6953125,"cost":45150.0,"profit":65492.7001953125,"discounts":58819.7998046875,"margin":59.20000076293945,"discount_rate":34.70000076293945},{"store_clean":"Elevation Mesa","units":3298,"revenue":41120.4736328125,"cost":16490.0,"profit":24630.47607421875,"discounts":20467.025146484375,"margin":59.900001525878906,"discount_rate":33.20000076293945},{"store_clean":"Elevation Springs","units":2756,"revenue":34816.0009765625,"cost":13540.6005859375,"profit":21275.400390625,"discounts":16715.250244140625,"margin":61.099998474121094,"discount_rate":32.400001525878906},{"store_clean":"Elevation Boulevard","units":2260,"revenue":28570.30029296875,"cost":11300.0,"profit":17270.30029296875,"discounts":13760.94970703125,"margin":60.400001525878906,"discount_rate":32.5},{"store_clean":"Elevation Midtown","units":2128,"revenue":26344.85107421875,"cost":10640.0,"profit":15704.849853515625,"discounts":13536.400146484375,"margin":59.599998474121094,"discount_rate":33.900001525878906},{"store_clean":"Elevation Parkway","units":1226,"revenue":16575.625,"cost":6130.0,"profit":10445.625,"discounts":6186.875,"margin":63.0,"discount_rate":27.200000762939453},{"store_clean":"Elevation Downtown","units":742,"revenue":9977.725219726562,"cost":3715.0,"profit":6262.7252197265625,"discounts":3884.7750854492188,"margin":62.79999923706055,"discount_rate":28.0}],"recommendations":[{"severity":"red","title":"HIGH PROMOTION DEPENDENCY","detail":"Only 17% sells at full price. Heavy discounting required.","action":"Test reducing deal frequency \u2014 track velocity without promos."},{"severity":"info","title":"VOLUME LEVERAGE","detail":"$107,219 revenue provides negotiating leverage.","action":"Use volume as leverage in next vendor meeting."}],"comparison":null}