{"brand":"LAVI","date_range":"2024-01-01 00:00:00 to 2026-01-31 00:00:00","period_label":"All Time","summary":{"total_units":15486,"total_revenue":366109.21875,"total_cost":171138.1640625,"total_discounts":91313.30078125,"total_profit":194971.03515625,"overall_margin":53.29999923706055,"fp_margin":61.5,"disc_margin":45.099998474121094,"pct_full_price":49.599998474121094,"avg_discount_rate":20.0,"fp_revenue":181673.75,"disc_revenue":184435.44921875,"brand":"LAVI","date_range":"2024-01-01 00:00:00 to 2026-01-31 00:00:00","primary_category":"FLOWER","store_coverage":"6/7","stores_present":["Elevation Springs","Elevation Mesa","Elevation Oasis","Elevation Midtown","Elevation Boulevard","Elevation Parkway"],"stores_missing":["Elevation Downtown"],"velocity_rank":37,"velocity_total":64},"distribution":[{"store":"Elevation Springs","carries_brand":true,"sku_count":30,"revenue":48897.373046875,"units":2896,"store_total_revenue":51138750.0,"brand_share_pct":0.10000000149011612},{"store":"Elevation Mesa","carries_brand":true,"sku_count":28,"revenue":41831.123046875,"units":2698,"store_total_revenue":47532240.0,"brand_share_pct":0.10000000149011612},{"store":"Elevation Oasis","carries_brand":true,"sku_count":34,"revenue":198119.8046875,"units":4422,"store_total_revenue":56050145.0,"brand_share_pct":0.4000000059604645},{"store":"Elevation Downtown","carries_brand":false,"sku_count":0,"revenue":0.0,"units":0,"store_total_revenue":1945237.1875,"brand_share_pct":0},{"store":"Elevation Midtown","carries_brand":true,"sku_count":18,"revenue":21397.4755859375,"units":1232,"store_total_revenue":30850185.0,"brand_share_pct":0.10000000149011612},{"store":"Elevation Boulevard","carries_brand":true,"sku_count":28,"revenue":38784.7265625,"units":3110,"store_total_revenue":28757865.0,"brand_share_pct":0.10000000149011612},{"store":"Elevation Parkway","carries_brand":true,"sku_count":18,"revenue":17078.699951171875,"units":1128,"store_total_revenue":21987007.5,"brand_share_pct":0.10000000149011612}],"share_of_category":[{"category":"FLOWER","brand_revenue":283471.4453125,"category_revenue":77755450.0,"revenue_share_pct":0.4000000059604645,"brand_units":6948,"category_units":2708446,"units_share_pct":0.3},{"category":"PRE ROLL","brand_revenue":82637.75390625,"category_revenue":14009791.25,"revenue_share_pct":0.6000000238418579,"brand_units":8538,"category_units":1485736,"units_share_pct":0.6}],"share_of_category_trend":{"FLOWER":[{"period":"2024-01","brand_revenue":14816.300048828125,"category_revenue":3552357.8125,"share_pct":0.4000000059604645},{"period":"2024-02","brand_revenue":31414.52392578125,"category_revenue":3535245.625,"share_pct":0.8999999761581421},{"period":"2024-03","brand_revenue":35959.1259765625,"category_revenue":3693805.625,"share_pct":1.0},{"period":"2024-04","brand_revenue":62585.72265625,"category_revenue":3541899.6875,"share_pct":1.7999999523162842},{"period":"2024-05","brand_revenue":59148.22265625,"category_revenue":3537479.375,"share_pct":1.7000000476837158},{"period":"2024-06","brand_revenue":44622.5,"category_revenue":3403269.6875,"share_pct":1.2999999523162842},{"period":"2024-07","brand_revenue":18516.25,"category_revenue":3457705.9375,"share_pct":0.5},{"period":"2024-08","brand_revenue":5743.42529296875,"category_revenue":3453819.375,"share_pct":0.20000000298023224},{"period":"2024-09","brand_revenue":5500.625,"category_revenue":3316441.5625,"share_pct":0.20000000298023224},{"period":"2024-10","brand_revenue":3384.7500610351562,"category_revenue":3585775.0,"share_pct":0.10000000149011612},{"period":"2024-11","brand_revenue":1780.0,"category_revenue":3454855.3125,"share_pct":0.10000000149011612},{"period":"2024-12","brand_revenue":0.0,"category_revenue":3226567.8125,"share_pct":0.0},{"period":"2025-01","brand_revenue":0.0,"category_revenue":2984938.125,"share_pct":0.0},{"period":"2025-02","brand_revenue":0.0,"category_revenue":2816220.0,"share_pct":0.0},{"period":"2025-03","brand_revenue":0.0,"category_revenue":2911379.6875,"share_pct":0.0},{"period":"2025-04","brand_revenue":0.0,"category_revenue":3118895.3125,"share_pct":0.0},{"period":"2025-05","brand_revenue":0.0,"category_revenue":2887345.0,"share_pct":0.0},{"period":"2025-06","brand_revenue":0.0,"category_revenue":2773698.125,"share_pct":0.0},{"period":"2025-07","brand_revenue":0.0,"category_revenue":2782763.125,"share_pct":0.0},{"period":"2025-08","brand_revenue":0.0,"category_revenue":2733122.8125,"share_pct":0.0},{"period":"2025-09","brand_revenue":0.0,"category_revenue":2603501.5625,"share_pct":0.0},{"period":"2025-10","brand_revenue":0.0,"category_revenue":2663705.0,"share_pct":0.0},{"period":"2025-11","brand_revenue":0.0,"category_revenue":2700189.0625,"share_pct":0.0},{"period":"2025-12","brand_revenue":0.0,"category_revenue":2515209.53125,"share_pct":0.0},{"period":"2026-01","brand_revenue":0.0,"category_revenue":2505261.875,"share_pct":0.0}],"PRE ROLL":[{"period":"2024-01","brand_revenue":2400.0,"category_revenue":508338.515625,"share_pct":0.5},{"period":"2024-02","brand_revenue":3545.0,"category_revenue":489393.671875,"share_pct":0.699999988079071},{"period":"2024-03","brand_revenue":19821.500244140625,"category_revenue":520052.3828125,"share_pct":3.799999952316284},{"period":"2024-04","brand_revenue":22060.07568359375,"category_revenue":491300.6640625,"share_pct":4.5},{"period":"2024-05","brand_revenue":11373.1494140625,"category_revenue":542202.890625,"share_pct":2.0999999046325684},{"period":"2024-06","brand_revenue":10140.549926757812,"category_revenue":507288.8671875,"share_pct":2.0},{"period":"2024-07","brand_revenue":6662.4749755859375,"category_revenue":524250.9765625,"share_pct":1.2999999523162842},{"period":"2024-08","brand_revenue":6635.0,"category_revenue":612518.7109375,"share_pct":1.100000023841858},{"period":"2024-09","brand_revenue":0.0,"category_revenue":586543.0078125,"share_pct":0.0},{"period":"2024-10","brand_revenue":0.0,"category_revenue":641449.1796875,"share_pct":0.0},{"period":"2024-11","brand_revenue":0.0,"category_revenue":579866.71875,"share_pct":0.0},{"period":"2024-12","brand_revenue":0.0,"category_revenue":582999.5703125,"share_pct":0.0},{"period":"2025-01","brand_revenue":0.0,"category_revenue":544095.3125,"share_pct":0.0},{"period":"2025-02","brand_revenue":0.0,"category_revenue":500875.5859375,"share_pct":0.0},{"period":"2025-03","brand_revenue":0.0,"category_revenue":551422.0703125,"share_pct":0.0},{"period":"2025-04","brand_revenue":0.0,"category_revenue":568189.375,"share_pct":0.0},{"period":"2025-05","brand_revenue":0.0,"category_revenue":565516.875,"share_pct":0.0},{"period":"2025-06","brand_revenue":0.0,"category_revenue":560506.71875,"share_pct":0.0},{"period":"2025-07","brand_revenue":0.0,"category_revenue":600916.09375,"share_pct":0.0},{"period":"2025-08","brand_revenue":0.0,"category_revenue":620247.5,"share_pct":0.0},{"period":"2025-09","brand_revenue":0.0,"category_revenue":608971.09375,"share_pct":0.0},{"period":"2025-10","brand_revenue":0.0,"category_revenue":645293.1640625,"share_pct":0.0},{"period":"2025-11","brand_revenue":0.0,"category_revenue":581113.4765625,"share_pct":0.0},{"period":"2025-12","brand_revenue":0.0,"category_revenue":553088.5546875,"share_pct":0.0},{"period":"2026-01","brand_revenue":0.0,"category_revenue":523350.9375,"share_pct":0.0}]},"velocity_by_category":[{"category":"PRE ROLL","brand_units_per_day":11.2,"category_avg_units_per_day":42.38,"velocity_index":26.4,"brand_rev_per_unit":7.74,"category_rev_per_unit":7.54,"brands_in_category":46},{"category":"FLOWER","brand_units_per_day":9.12,"category_avg_units_per_day":55.54,"velocity_index":16.4,"brand_rev_per_unit":32.64,"category_rev_per_unit":22.97,"brands_in_category":64}],"store_gaps":[{"store":"Elevation Downtown","category":"FLOWER","category_revenue_at_store":324929.8828125,"opportunity":"Brand not carried"},{"store":"Elevation Downtown","category":"PRE ROLL","category_revenue_at_store":196139.1015625,"opportunity":"Brand not carried"}],"product_mix":{"top":[{"product":"LA BOMBA HALF OUNCE - LAVI","units":956,"revenue":59564.951171875,"cost":29900.80078125,"profit":29664.150390625,"stores":1,"transactions":736,"margin":49.79999923706055},{"product":"PANDA KUSH PRE ROLL - LAVI","units":2962,"revenue":28545.849609375,"cost":10946.25,"profit":17599.599609375,"stores":6,"transactions":2414,"margin":61.70000076293945},{"product":"HEADBAND EIGHTH - LAVI","units":984,"revenue":27537.0751953125,"cost":13030.32470703125,"profit":14506.75048828125,"stores":6,"transactions":740,"margin":52.70000076293945},{"product":"APE TAPE PRE ROLL - LAVI","units":2480,"revenue":24686.69921875,"cost":9300.0,"profit":15386.700439453125,"stores":6,"transactions":2030,"margin":62.29999923706055},{"product":"LEMON CHERRY GELATO HALF OUNCE - LAVI","units":350,"revenue":21231.25,"cost":10963.75,"profit":10267.5,"stores":1,"transactions":294,"margin":48.400001525878906},{"product":"APPLES AND BANANAS HALF OUNCE - LAVI","units":258,"revenue":17935.0,"cost":8081.8499755859375,"profit":9853.1494140625,"stores":1,"transactions":222,"margin":54.900001525878906},{"product":"WIFI BARZ HALF OUNCE - LAVI","units":244,"revenue":16998.499755859375,"cost":7625.0,"profit":9373.499755859375,"stores":1,"transactions":226,"margin":55.099998474121094},{"product":"KING TUT HALF OUNCE - LAVI","units":200,"revenue":13837.5,"cost":6250.0,"profit":7587.5,"stores":1,"transactions":178,"margin":54.79999923706055},{"product":"WEDDING CAKE HALF OUNCE - LAVI","units":200,"revenue":13526.500244140625,"cost":6250.0,"profit":7276.500244140625,"stores":1,"transactions":186,"margin":53.79999923706055},{"product":"PINEAPPLE CROWN HALF OUNCE - LAVI","units":200,"revenue":13451.99951171875,"cost":6250.0,"profit":7202.0001220703125,"stores":1,"transactions":166,"margin":53.5},{"product":"WIFI BARZ EIGHTH - LAVI","units":470,"revenue":12824.124755859375,"cost":7343.5748291015625,"profit":5480.5499267578125,"stores":5,"transactions":408,"margin":42.70000076293945},{"product":"LEMON CHERRY GELATO PRE ROLL - LAVI","units":1188,"revenue":10794.124755859375,"cost":4455.0,"profit":6339.124755859375,"stores":5,"transactions":1030,"margin":58.70000076293945},{"product":"LA BOMBA EIGHTH - LAVI","units":380,"revenue":10330.875244140625,"cost":5937.5,"profit":4393.374938964844,"stores":3,"transactions":318,"margin":42.5},{"product":"APE TAPE HALF OUNCE - LAVI","units":144,"revenue":10242.5,"cost":4500.0,"profit":5742.5,"stores":1,"transactions":114,"margin":56.099998474121094},{"product":"PINEAPPLE CROWN PRE ROLL - LAVI","units":920,"revenue":9929.07470703125,"cost":3450.0,"profit":6479.07470703125,"stores":6,"transactions":778,"margin":65.30000305175781},{"product":"SOURDOUGH EIGHTH - LAVI","units":398,"revenue":9504.05029296875,"cost":6218.75,"profit":3285.2999877929688,"stores":3,"transactions":254,"margin":34.599998474121094},{"product":"TRUE OG EIGHTH - LAVI","units":318,"revenue":8826.475219726562,"cost":4968.75,"profit":3857.7249145507812,"stores":3,"transactions":260,"margin":43.70000076293945},{"product":"KING TUT EIGHTH - LAVI","units":286,"revenue":7754.000244140625,"cost":3464.1250610351562,"profit":4289.8748779296875,"stores":2,"transactions":186,"margin":55.29999923706055},{"product":"LAVA COOKIES EIGHTH - LAVI","units":264,"revenue":6981.400146484375,"cost":4125.0,"profit":2856.400146484375,"stores":3,"transactions":214,"margin":40.900001525878906},{"product":"LEMON CHERRY GELATO EIGHTH - LAVI","units":236,"revenue":6345.574951171875,"cost":3687.5,"profit":2658.074951171875,"stores":3,"transactions":188,"margin":41.900001525878906}],"bottom":[{"product":"SOURDOUGH PRE ROLL - LAVI","units":496,"revenue":4371.25,"cost":1860.0,"profit":2511.25,"stores":2,"transactions":402,"margin":57.400001525878906},{"product":"WIFI BARZ PRE ROLL - LAVI","units":396,"revenue":3760.7501220703125,"cost":1485.0,"profit":2275.749969482422,"stores":3,"transactions":334,"margin":60.5},{"product":"APPLES AND BANANAS EIGHTH - LAVI","units":142,"revenue":3573.75,"cost":633.6750030517578,"profit":2940.0750732421875,"stores":2,"transactions":120,"margin":82.30000305175781},{"product":"PEACH CANDY #9 EIGHTH - LAVI","units":118,"revenue":3184.7250366210938,"cost":950.7499694824219,"profit":2233.975067138672,"stores":2,"transactions":80,"margin":70.0999984741211},{"product":"PANDA KUSH EIGHTH - LAVI","units":112,"revenue":2970.2999877929688,"cost":1750.0,"profit":1220.2999877929688,"stores":1,"transactions":82,"margin":41.099998474121094},{"product":"SOURDOUGH HALF OUNCE - LAVI","units":40,"revenue":2475.050048828125,"cost":1250.0,"profit":1225.0499725341797,"stores":1,"transactions":32,"margin":49.5},{"product":"LA BOMBA PRE ROLL - LAVI","units":248,"revenue":2022.5,"cost":930.0,"profit":1092.5,"stores":2,"transactions":206,"margin":54.0},{"product":"LEMON CHERRY GELATO PRE ROLL 1G - LAVI","units":134,"revenue":1188.75,"cost":502.5,"profit":686.25,"stores":1,"transactions":110,"margin":57.70000076293945},{"product":"PEACH CANDY #9 PRE ROLL - LAVI","units":96,"revenue":982.5,"cost":360.0,"profit":622.5,"stores":1,"transactions":86,"margin":63.400001525878906},{"product":"APE TAPE EIGHTH - LAVI","units":4,"revenue":138.125,"cost":70.0,"profit":68.125,"stores":1,"transactions":4,"margin":49.29999923706055}],"expansion":[{"product":"WIFI BARZ EIGHTH - LAVI","current_stores":5,"total_stores":6,"missing_stores":["Elevation Oasis"],"revenue":12824.124755859375},{"product":"LEMON CHERRY GELATO PRE ROLL - LAVI","current_stores":5,"total_stores":6,"missing_stores":["Elevation Parkway"],"revenue":10794.124755859375},{"product":"LA BOMBA EIGHTH - LAVI","current_stores":3,"total_stores":6,"missing_stores":["Elevation Mesa","Elevation Oasis","Elevation Parkway"],"revenue":10330.875244140625},{"product":"SOURDOUGH EIGHTH - LAVI","current_stores":3,"total_stores":6,"missing_stores":["Elevation Oasis","Elevation Midtown","Elevation Parkway"],"revenue":9504.05029296875},{"product":"TRUE OG EIGHTH - LAVI","current_stores":3,"total_stores":6,"missing_stores":["Elevation Oasis","Elevation Midtown","Elevation Parkway"],"revenue":8826.475219726562},{"product":"KING TUT EIGHTH - LAVI","current_stores":2,"total_stores":6,"missing_stores":["Elevation Springs","Elevation Midtown","Elevation Boulevard","Elevation Parkway"],"revenue":7754.000244140625},{"product":"LAVA COOKIES EIGHTH - LAVI","current_stores":3,"total_stores":6,"missing_stores":["Elevation Oasis","Elevation Midtown","Elevation Parkway"],"revenue":6981.400146484375},{"product":"LEMON CHERRY GELATO EIGHTH - LAVI","current_stores":3,"total_stores":6,"missing_stores":["Elevation Oasis","Elevation Midtown","Elevation Parkway"],"revenue":6345.574951171875},{"product":"THIRD EYE EIGHTH - LAVI","current_stores":2,"total_stores":6,"missing_stores":["Elevation Springs","Elevation Mesa","Elevation Oasis","Elevation Boulevard"],"revenue":5433.8751220703125},{"product":"SOURDOUGH PRE ROLL - LAVI","current_stores":2,"total_stores":6,"missing_stores":["Elevation Mesa","Elevation Oasis","Elevation Midtown","Elevation Parkway"],"revenue":4371.25}]},"pricing_consistency":[{"product":"LA BOMBA EIGHTH - LAVI","min_price":37.512499491373696,"max_price":58.86591131036931,"avg_price":50.25525115555786,"std_dev":4.504179112944385,"store_count":6,"price_range":21.35341181899562,"range_pct":42.5},{"product":"LAVA COOKIES EIGHTH - LAVI","min_price":44.59435739824848,"max_price":60.360367937785824,"avg_price":52.341574162575675,"std_dev":3.1546052085883747,"store_count":6,"price_range":15.76601053953734,"range_pct":30.1},{"product":"WIFI BARZ PRE ROLL - LAVI","min_price":16.03124936421712,"max_price":20.924999999999997,"avg_price":18.80208312140571,"std_dev":1.004155050376732,"store_count":6,"price_range":4.893750635782876,"range_pct":26.0},{"product":"LEMON CHERRY GELATO PRE ROLL - LAVI","min_price":16.094000244140624,"max_price":21.01010101010101,"avg_price":19.034983801356212,"std_dev":0.9835302687594893,"store_count":10,"price_range":4.916100765960387,"range_pct":25.8},{"product":"PINEAPPLE CROWN PRE ROLL - LAVI","min_price":19.282608695652176,"max_price":24.266666666666666,"avg_price":21.840633618865088,"std_dev":0.7121753150691301,"store_count":12,"price_range":4.984057971014493,"range_pct":22.8},{"product":"TRUE OG EIGHTH - LAVI","min_price":48.456946478949654,"max_price":60.35969636878189,"avg_price":54.850592770928806,"std_dev":2.40018917815323,"store_count":6,"price_range":11.902749889832238,"range_pct":21.7},{"product":"APPLES AND BANANAS EIGHTH - LAVI","min_price":47.1,"max_price":58.03571428571429,"avg_price":52.567857142857136,"std_dev":3.0930870914188713,"store_count":4,"price_range":10.935714285714289,"range_pct":20.8},{"product":"SOURDOUGH EIGHTH - LAVI","min_price":41.19009341833727,"max_price":50.53718566894531,"avg_price":47.13131617609151,"std_dev":2.0654508667591296,"store_count":6,"price_range":9.347092250608044,"range_pct":19.8},{"product":"PANDA KUSH PRE ROLL - LAVI","min_price":17.843140970498645,"max_price":21.3506711409396,"avg_price":19.571524607137174,"std_dev":0.5549490053588306,"store_count":12,"price_range":3.5075301704409534,"range_pct":17.9},{"product":"HEADBAND EIGHTH - LAVI","min_price":49.996551864448634,"max_price":59.04413340043049,"avg_price":55.61898633634375,"std_dev":1.3380738740861027,"store_count":12,"price_range":9.04758153598185,"range_pct":16.3},{"product":"APE TAPE PRE ROLL - LAVI","min_price":18.907035175879397,"max_price":21.955645161290324,"avg_price":19.986785750990105,"std_dev":0.4521358815846632,"store_count":12,"price_range":3.0486099854109283,"range_pct":15.3},{"product":"SOURDOUGH PRE ROLL - LAVI","min_price":16.275252525252526,"max_price":18.523489932885905,"avg_price":17.399371229069217,"std_dev":0.6358975666619309,"store_count":4,"price_range":2.24823740763338,"range_pct":12.9},{"product":"LEMON CHERRY GELATO EIGHTH - LAVI","min_price":51.289870803420605,"max_price":57.117951221955124,"avg_price":53.75697314776599,"std_dev":1.2060441588286321,"store_count":6,"price_range":5.8280804185345225,"range_pct":10.8},{"product":"WIFI BARZ EIGHTH - LAVI","min_price":51.43518518518518,"max_price":55.99500122070313,"avg_price":54.240620614510995,"std_dev":0.7113313553576406,"store_count":10,"price_range":4.559816035517947,"range_pct":8.4},{"product":"THIRD EYE EIGHTH - LAVI","min_price":60.06538586738782,"max_price":64.40260569254558,"avg_price":62.2339957799667,"std_dev":1.2267510199463125,"store_count":4,"price_range":4.3372198251577565,"range_pct":7.0},{"product":"PEACH CANDY #9 EIGHTH - LAVI","min_price":52.993125915527344,"max_price":56.05263157894737,"avg_price":54.52287874723736,"std_dev":0.8653588806731807,"store_count":4,"price_range":3.059505663420028,"range_pct":5.6},{"product":"KING TUT EIGHTH - LAVI","min_price":53.35,"max_price":56.25581253406614,"avg_price":54.802906267033066,"std_dev":0.8218878990780104,"store_count":4,"price_range":2.9058125340661345,"range_pct":5.3},{"product":"LA BOMBA PRE ROLL - LAVI","min_price":15.85,"max_price":16.62162162162162,"avg_price":16.23581081081081,"std_dev":0.21824755246352373,"store_count":4,"price_range":0.771621621621621,"range_pct":4.8}],"promotional_effectiveness":{"lift":{"fp_units_per_day":23.22,"disc_units_per_day":34.2,"lift_pct":47.2,"fp_avg_revenue_per_unit":66.875,"disc_avg_revenue_per_unit":36.7},"by_deal":[{"deal_name":"Industry - 30% Off","uses":823,"revenue":33575.77496647835,"discounts":14515.475033521652,"units":1970.0,"cost":16923.249927163124,"margin":49.6,"discount_depth":60.4},{"deal_name":"Stock & Save - PR - 5 for $30","uses":229,"revenue":5942.5,"discounts":3982.5,"units":794.0,"cost":2941.25,"margin":50.5,"discount_depth":80.2},{"deal_name":"4/20 50% Off!!!!","uses":222,"revenue":12980.824999809265,"discounts":13144.174990653992,"units":754.0,"cost":9400.124943852425,"margin":27.6,"discount_depth":100.6},{"deal_name":"30% Off Special","uses":143,"revenue":6193.75,"discounts":2693.75,"units":361.0,"cost":3431.875,"margin":44.6,"discount_depth":60.6},{"deal_name":"Senior - 10% Off","uses":141,"revenue":19414.499908685684,"discounts":2300.5000054836273,"units":424.0,"cost":8858.874955773354,"margin":54.4,"discount_depth":21.2},{"deal_name":"Jackpot - Locals 30% Off","uses":118,"revenue":14066.24997138977,"discounts":6058.7500286102295,"units":342.0,"cost":8281.724935173988,"margin":41.1,"discount_depth":60.2},{"deal_name":"Stock & Save - 1/4 for $40","uses":101,"revenue":6821.25,"discounts":3348.75,"units":273.0,"cost":4265.625,"margin":37.5,"discount_depth":65.8},{"deal_name":"ME + LAVI 1/4 BOGO","uses":68,"revenue":5776.925039291382,"discounts":5773.074955940247,"units":308.0,"cost":4812.5,"margin":16.7,"discount_depth":100.0},{"deal_name":"Senior / Veterans - 20% Off","uses":68,"revenue":5958.000013828278,"discounts":1499.500002861023,"units":184.0,"cost":2943.8499796390533,"margin":50.6,"discount_depth":40.2},{"deal_name":"Veterans - 10% Off","uses":62,"revenue":5773.249965906143,"discounts":654.2500019073486,"units":152.0,"cost":2525.1749914884567,"margin":56.3,"discount_depth":20.4},{"deal_name":"ME + Lavi BOGO 1/8th's","uses":53,"revenue":4951.625027656555,"discounts":4873.374962806702,"units":262.0,"cost":3200.7499945163727,"margin":35.4,"discount_depth":99.2},{"deal_name":"ME + LAVI 1/4 for $50","uses":46,"revenue":5008.75,"discounts":1141.25,"units":160.0,"cost":2026.9749927520752,"margin":59.5,"discount_depth":37.2},{"deal_name":"ME & LAVI & Kush Co 1/4 for $45","uses":31,"revenue":4500.0,"discounts":1500.0,"units":160.0,"cost":2098.149996995926,"margin":53.4,"discount_depth":50.0},{"deal_name":"ME + LAVI 1/8th BOGO","uses":19,"revenue":1500.4750061035156,"discounts":1424.5249891281128,"units":78.0,"cost":1218.75,"margin":18.8,"discount_depth":97.4},{"deal_name":"ME + LAVI 1/4 for $45","uses":17,"revenue":1912.5,"discounts":637.5,"units":68.0,"cost":1062.3499965667725,"margin":44.5,"discount_depth":50.0},{"deal_name":"ME & LAVI & Kush Co 1/4 for $50","uses":15,"revenue":1712.5,"discounts":612.5,"units":58.0,"cost":879.5999979972839,"margin":48.6,"discount_depth":52.6},{"deal_name":"25% OFF SALE","uses":14,"revenue":356.25,"discounts":118.75,"units":38.0,"cost":142.5,"margin":60.0,"discount_depth":50.0},{"deal_name":"25-30% Off","uses":6,"revenue":337.5,"discounts":112.5,"units":12.0,"cost":187.5,"margin":44.4,"discount_depth":50.0},{"deal_name":"LVAC - 25% Off","uses":2,"revenue":37.5,"discounts":12.5,"units":4.0,"cost":15.0,"margin":60.0,"discount_depth":50.0},{"deal_name":"$45 Mix N Match Quarters","uses":1,"revenue":112.5,"discounts":37.5,"units":4.0,"cost":62.5,"margin":44.4,"discount_depth":50.0}]},"growth_opportunities":[{"type":"distribution","title":"Expand to Elevation Downtown","detail":"Store has $208,428 in FLOWER, PRE ROLL \u2014 categories where LAVI competes.","priority":"high"},{"type":"sku_expansion","title":"Add 'APPLES AND BANANAS EIGHTH - LAVI' to 4 more store(s)","detail":"Carried in 2 stores. Missing from: Elevation Mesa, Elevation Oasis, Elevation Midtown, Elevation Boulevard","priority":"medium"},{"type":"sku_expansion","title":"Add 'KING TUT EIGHTH - LAVI' to 4 more store(s)","detail":"Carried in 2 stores. Missing from: Elevation Springs, Elevation Midtown, Elevation Boulevard, Elevation Parkway","priority":"medium"},{"type":"sku_expansion","title":"Add 'LA BOMBA EIGHTH - LAVI' to 3 more store(s)","detail":"Carried in 3 stores. Missing from: Elevation Mesa, Elevation Oasis, Elevation Parkway","priority":"medium"},{"type":"sku_expansion","title":"Add 'LA BOMBA PRE ROLL - LAVI' to 4 more store(s)","detail":"Carried in 2 stores. Missing from: Elevation Springs, Elevation Mesa, Elevation Midtown, Elevation Parkway","priority":"medium"},{"type":"sku_expansion","title":"Add 'LAVA COOKIES EIGHTH - LAVI' to 3 more store(s)","detail":"Carried in 3 stores. Missing from: Elevation Oasis, Elevation Midtown, Elevation Parkway","priority":"medium"},{"type":"velocity","title":"Improve velocity in PRE ROLL","detail":"Velocity index 26 (below category average). 5.6 units/day vs 21.2 avg.","priority":"medium"},{"type":"velocity","title":"Improve velocity in FLOWER","detail":"Velocity index 16 (below category average). 4.6 units/day vs 27.8 avg.","priority":"medium"}],"trend":[{"period":"2024-01","revenue":17216.300048828125,"cost":10101.25,"margin":41.3,"units":836,"transactions":592,"profit":7115.050048828125,"revenue_change_pct":null,"units_change_pct":null,"margin_change_pts":null},{"period":"2024-02","revenue":34959.52392578125,"cost":16498.75,"margin":52.8,"units":966,"transactions":662,"profit":18460.775146484375,"revenue_change_pct":103.1,"units_change_pct":15.6,"margin_change_pts":11.5},{"period":"2024-03","revenue":55780.625,"cost":24402.5,"margin":56.3,"units":2582,"transactions":1992,"profit":31378.125,"revenue_change_pct":59.6,"units_change_pct":167.3,"margin_change_pts":3.4},{"period":"2024-04","revenue":84645.80078125,"cost":38837.2509765625,"margin":54.1,"units":3870,"transactions":2880,"profit":45808.5498046875,"revenue_change_pct":51.7,"units_change_pct":49.9,"margin_change_pts":-2.1},{"period":"2024-05","revenue":70521.376953125,"cost":32230.849609375,"margin":54.3,"units":2572,"transactions":1834,"profit":38290.52490234375,"revenue_change_pct":-16.7,"units_change_pct":-33.5,"margin_change_pts":0.2},{"period":"2024-06","revenue":54763.0517578125,"cost":24354.74853515625,"margin":55.5,"units":1994,"transactions":1648,"profit":30408.30078125,"revenue_change_pct":-22.3,"units_change_pct":-22.5,"margin_change_pts":1.2},{"period":"2024-07","revenue":25178.7255859375,"cost":11674.07470703125,"margin":53.6,"units":1182,"transactions":944,"profit":13504.649658203125,"revenue_change_pct":-54.0,"units_change_pct":-40.7,"margin_change_pts":-1.9},{"period":"2024-08","revenue":12378.42529296875,"cost":6726.25,"margin":45.7,"units":1080,"transactions":678,"profit":5652.17529296875,"revenue_change_pct":-50.8,"units_change_pct":-8.6,"margin_change_pts":-8.0},{"period":"2024-09","revenue":5500.625,"cost":3312.5,"margin":39.8,"units":212,"transactions":170,"profit":2188.125,"revenue_change_pct":-55.6,"units_change_pct":-80.4,"margin_change_pts":-5.9},{"period":"2024-10","revenue":3384.7500610351562,"cost":1937.5,"margin":42.8,"units":124,"transactions":104,"profit":1447.2500610351562,"revenue_change_pct":-38.5,"units_change_pct":-41.5,"margin_change_pts":3.0},{"period":"2024-11","revenue":1780.0,"cost":1062.5,"margin":40.3,"units":68,"transactions":68,"profit":717.5,"revenue_change_pct":-47.4,"units_change_pct":-45.2,"margin_change_pts":-2.4}]}