{"brand":"LAVI","date_range":"2024-01-01 00:00:00 to 2026-01-31 00:00:00","period_label":"All Time","summary":{"total_units":15486,"total_revenue":366109.21875,"total_cost":171138.1640625,"total_discounts":91313.30078125,"total_profit":194971.03515625,"overall_margin":53.29999923706055,"fp_margin":61.5,"disc_margin":45.099998474121094,"pct_full_price":49.599998474121094,"avg_discount_rate":20.0,"fp_revenue":181673.75,"disc_revenue":184435.44921875,"unique_customers":8958,"brand":"LAVI","date_range":"2024-01-01 00:00:00 to 2026-01-31 00:00:00","months_count":22,"avg_monthly_cost":15558.025,"cost_per_unit":22.1,"primary_category":"FLOWER","primary_cat_margin":54.099998474121094,"category_rank":38,"category_total":64,"margin_vs_category":-0.800000011920929,"velocity_rank":37},"category_breakdown":[{"category_clean":"FLOWER","units":6948,"revenue":283471.4453125,"cost":139281.923828125,"profit":144189.521484375,"discounts":67381.0498046875,"margin":50.900001525878906,"category_avg_margin":54.099998474121094,"vs_category":-3.2,"rank":38.0,"total_brands":64.0},{"category_clean":"PRE ROLL","units":8538,"revenue":82637.75390625,"cost":31856.25,"profit":50781.4990234375,"discounts":23932.2509765625,"margin":61.5,"category_avg_margin":48.29999923706055,"vs_category":13.2,"rank":22.0,"total_brands":46.0}],"trend":[{"period":"2024-01","revenue":17216.300048828125,"cost":10101.25,"margin":41.3,"units":836,"transactions":592,"profit":7115.050048828125,"revenue_change_pct":null,"units_change_pct":null,"margin_change_pts":null},{"period":"2024-02","revenue":34959.52392578125,"cost":16498.75,"margin":52.8,"units":966,"transactions":662,"profit":18460.775146484375,"revenue_change_pct":103.1,"units_change_pct":15.6,"margin_change_pts":11.5},{"period":"2024-03","revenue":55780.625,"cost":24402.5,"margin":56.3,"units":2582,"transactions":1992,"profit":31378.125,"revenue_change_pct":59.6,"units_change_pct":167.3,"margin_change_pts":3.4},{"period":"2024-04","revenue":84645.80078125,"cost":38837.2509765625,"margin":54.1,"units":3870,"transactions":2880,"profit":45808.5498046875,"revenue_change_pct":51.7,"units_change_pct":49.9,"margin_change_pts":-2.1},{"period":"2024-05","revenue":70521.376953125,"cost":32230.849609375,"margin":54.3,"units":2572,"transactions":1834,"profit":38290.52490234375,"revenue_change_pct":-16.7,"units_change_pct":-33.5,"margin_change_pts":0.2},{"period":"2024-06","revenue":54763.0517578125,"cost":24354.74853515625,"margin":55.5,"units":1994,"transactions":1648,"profit":30408.30078125,"revenue_change_pct":-22.3,"units_change_pct":-22.5,"margin_change_pts":1.2},{"period":"2024-07","revenue":25178.7255859375,"cost":11674.07470703125,"margin":53.6,"units":1182,"transactions":944,"profit":13504.649658203125,"revenue_change_pct":-54.0,"units_change_pct":-40.7,"margin_change_pts":-1.9},{"period":"2024-08","revenue":12378.42529296875,"cost":6726.25,"margin":45.7,"units":1080,"transactions":678,"profit":5652.17529296875,"revenue_change_pct":-50.8,"units_change_pct":-8.6,"margin_change_pts":-8.0},{"period":"2024-09","revenue":5500.625,"cost":3312.5,"margin":39.8,"units":212,"transactions":170,"profit":2188.125,"revenue_change_pct":-55.6,"units_change_pct":-80.4,"margin_change_pts":-5.9},{"period":"2024-10","revenue":3384.7500610351562,"cost":1937.5,"margin":42.8,"units":124,"transactions":104,"profit":1447.2500610351562,"revenue_change_pct":-38.5,"units_change_pct":-41.5,"margin_change_pts":3.0},{"period":"2024-11","revenue":1780.0,"cost":1062.5,"margin":40.3,"units":68,"transactions":68,"profit":717.5,"revenue_change_pct":-47.4,"units_change_pct":-45.2,"margin_change_pts":-2.4}],"share_of_category":[{"category":"FLOWER","brand_revenue":283471.4453125,"category_revenue":77755450.0,"revenue_share_pct":0.4000000059604645,"brand_units":6948,"category_units":2708446,"units_share_pct":0.3},{"category":"PRE ROLL","brand_revenue":82637.75390625,"category_revenue":14009791.25,"revenue_share_pct":0.6000000238418579,"brand_units":8538,"category_units":1485736,"units_share_pct":0.6}],"share_of_category_trend":{"FLOWER":[{"period":"2024-01","brand_revenue":14816.300048828125,"category_revenue":3552357.8125,"share_pct":0.4000000059604645},{"period":"2024-02","brand_revenue":31414.52392578125,"category_revenue":3535245.625,"share_pct":0.8999999761581421},{"period":"2024-03","brand_revenue":35959.1259765625,"category_revenue":3693805.625,"share_pct":1.0},{"period":"2024-04","brand_revenue":62585.72265625,"category_revenue":3541899.6875,"share_pct":1.7999999523162842},{"period":"2024-05","brand_revenue":59148.22265625,"category_revenue":3537479.375,"share_pct":1.7000000476837158},{"period":"2024-06","brand_revenue":44622.5,"category_revenue":3403269.6875,"share_pct":1.2999999523162842},{"period":"2024-07","brand_revenue":18516.25,"category_revenue":3457705.9375,"share_pct":0.5},{"period":"2024-08","brand_revenue":5743.42529296875,"category_revenue":3453819.375,"share_pct":0.20000000298023224},{"period":"2024-09","brand_revenue":5500.625,"category_revenue":3316441.5625,"share_pct":0.20000000298023224},{"period":"2024-10","brand_revenue":3384.7500610351562,"category_revenue":3585775.0,"share_pct":0.10000000149011612},{"period":"2024-11","brand_revenue":1780.0,"category_revenue":3454855.3125,"share_pct":0.10000000149011612},{"period":"2024-12","brand_revenue":0.0,"category_revenue":3226567.8125,"share_pct":0.0},{"period":"2025-01","brand_revenue":0.0,"category_revenue":2984938.125,"share_pct":0.0},{"period":"2025-02","brand_revenue":0.0,"category_revenue":2816220.0,"share_pct":0.0},{"period":"2025-03","brand_revenue":0.0,"category_revenue":2911379.6875,"share_pct":0.0},{"period":"2025-04","brand_revenue":0.0,"category_revenue":3118895.3125,"share_pct":0.0},{"period":"2025-05","brand_revenue":0.0,"category_revenue":2887345.0,"share_pct":0.0},{"period":"2025-06","brand_revenue":0.0,"category_revenue":2773698.125,"share_pct":0.0},{"period":"2025-07","brand_revenue":0.0,"category_revenue":2782763.125,"share_pct":0.0},{"period":"2025-08","brand_revenue":0.0,"category_revenue":2733122.8125,"share_pct":0.0},{"period":"2025-09","brand_revenue":0.0,"category_revenue":2603501.5625,"share_pct":0.0},{"period":"2025-10","brand_revenue":0.0,"category_revenue":2663705.0,"share_pct":0.0},{"period":"2025-11","brand_revenue":0.0,"category_revenue":2700189.0625,"share_pct":0.0},{"period":"2025-12","brand_revenue":0.0,"category_revenue":2515209.53125,"share_pct":0.0},{"period":"2026-01","brand_revenue":0.0,"category_revenue":2505261.875,"share_pct":0.0}],"PRE ROLL":[{"period":"2024-01","brand_revenue":2400.0,"category_revenue":508338.515625,"share_pct":0.5},{"period":"2024-02","brand_revenue":3545.0,"category_revenue":489393.671875,"share_pct":0.699999988079071},{"period":"2024-03","brand_revenue":19821.500244140625,"category_revenue":520052.3828125,"share_pct":3.799999952316284},{"period":"2024-04","brand_revenue":22060.07568359375,"category_revenue":491300.6640625,"share_pct":4.5},{"period":"2024-05","brand_revenue":11373.1494140625,"category_revenue":542202.890625,"share_pct":2.0999999046325684},{"period":"2024-06","brand_revenue":10140.549926757812,"category_revenue":507288.8671875,"share_pct":2.0},{"period":"2024-07","brand_revenue":6662.4749755859375,"category_revenue":524250.9765625,"share_pct":1.2999999523162842},{"period":"2024-08","brand_revenue":6635.0,"category_revenue":612518.7109375,"share_pct":1.100000023841858},{"period":"2024-09","brand_revenue":0.0,"category_revenue":586543.0078125,"share_pct":0.0},{"period":"2024-10","brand_revenue":0.0,"category_revenue":641449.1796875,"share_pct":0.0},{"period":"2024-11","brand_revenue":0.0,"category_revenue":579866.71875,"share_pct":0.0},{"period":"2024-12","brand_revenue":0.0,"category_revenue":582999.5703125,"share_pct":0.0},{"period":"2025-01","brand_revenue":0.0,"category_revenue":544095.3125,"share_pct":0.0},{"period":"2025-02","brand_revenue":0.0,"category_revenue":500875.5859375,"share_pct":0.0},{"period":"2025-03","brand_revenue":0.0,"category_revenue":551422.0703125,"share_pct":0.0},{"period":"2025-04","brand_revenue":0.0,"category_revenue":568189.375,"share_pct":0.0},{"period":"2025-05","brand_revenue":0.0,"category_revenue":565516.875,"share_pct":0.0},{"period":"2025-06","brand_revenue":0.0,"category_revenue":560506.71875,"share_pct":0.0},{"period":"2025-07","brand_revenue":0.0,"category_revenue":600916.09375,"share_pct":0.0},{"period":"2025-08","brand_revenue":0.0,"category_revenue":620247.5,"share_pct":0.0},{"period":"2025-09","brand_revenue":0.0,"category_revenue":608971.09375,"share_pct":0.0},{"period":"2025-10","brand_revenue":0.0,"category_revenue":645293.1640625,"share_pct":0.0},{"period":"2025-11","brand_revenue":0.0,"category_revenue":581113.4765625,"share_pct":0.0},{"period":"2025-12","brand_revenue":0.0,"category_revenue":553088.5546875,"share_pct":0.0},{"period":"2026-01","brand_revenue":0.0,"category_revenue":523350.9375,"share_pct":0.0}]},"discount_depth":[{"tier":"0% (Full Price)","transactions":4836,"pct_of_transactions":38.4,"revenue":181673.75,"avg_discount":0.0},{"tier":"1-10%","transactions":650,"pct_of_transactions":5.2,"revenue":31858.65234375,"avg_discount":20.0},{"tier":"11-20%","transactions":416,"pct_of_transactions":3.3,"revenue":14710.150146484375,"avg_discount":37.400001525878906},{"tier":"21-30%","transactions":306,"pct_of_transactions":2.4,"revenue":11064.599609375,"avg_discount":50.0},{"tier":"31%+","transactions":2990,"pct_of_transactions":23.7,"revenue":56307.67578125,"avg_discount":89.80000305175781}],"velocity":{"units_per_day":46.78,"revenue_per_day":1106.0749816894531,"avg_units_per_txn":2.68,"days_of_data":331,"total_units":15486,"total_transactions":11572},"velocity_by_category":[{"category":"PRE ROLL","brand_units_per_day":11.2,"category_avg_units_per_day":42.38,"velocity_index":26.4,"brand_rev_per_unit":7.74,"category_rev_per_unit":7.54,"brands_in_category":46},{"category":"FLOWER","brand_units_per_day":9.12,"category_avg_units_per_day":55.54,"velocity_index":16.4,"brand_rev_per_unit":32.64,"category_rev_per_unit":22.97,"brands_in_category":64}],"deals":[{"deal_name":"Industry - 30% Off","times_used":1646,"units":1970.0,"revenue":33575.77496647835,"discounts":14515.475033521652,"cost":16923.249927163124,"profit":16652.525077164173,"pre_discount_revenue":48091.25,"margin":49.6,"avg_discount":60.4},{"deal_name":"Stock & Save - PR - 5 for $30","times_used":458,"units":794.0,"revenue":5942.5,"discounts":3982.5,"cost":2941.25,"profit":3001.25,"pre_discount_revenue":9925.0,"margin":50.5,"avg_discount":80.2},{"deal_name":"4/20 50% Off!!!!","times_used":444,"units":754.0,"revenue":12980.824999809265,"discounts":13144.174990653992,"cost":9400.124943852425,"profit":3580.700032711029,"pre_discount_revenue":26125.0,"margin":27.6,"avg_discount":100.6},{"deal_name":"30% Off Special","times_used":286,"units":361.0,"revenue":6193.75,"discounts":2693.75,"cost":3431.875,"profit":2761.875,"pre_discount_revenue":8887.5,"margin":44.6,"avg_discount":60.6},{"deal_name":"Senior - 10% Off","times_used":282,"units":424.0,"revenue":19414.499908685684,"discounts":2300.5000054836273,"cost":8858.874955773354,"profit":10555.625067949295,"pre_discount_revenue":21715.0,"margin":54.4,"avg_discount":21.2},{"deal_name":"Jackpot - Locals 30% Off","times_used":236,"units":342.0,"revenue":14066.24997138977,"discounts":6058.7500286102295,"cost":8281.724935173988,"profit":5784.525034427643,"pre_discount_revenue":20125.0,"margin":41.1,"avg_discount":60.2},{"deal_name":"Stock & Save - 1/4 for $40","times_used":202,"units":273.0,"revenue":6821.25,"discounts":3348.75,"cost":4265.625,"profit":2555.625,"pre_discount_revenue":10170.0,"margin":37.5,"avg_discount":65.8},{"deal_name":"ME + LAVI 1/4 BOGO","times_used":136,"units":308.0,"revenue":5776.925039291382,"discounts":5773.074955940247,"cost":4812.5,"profit":964.4250428676605,"pre_discount_revenue":11550.0,"margin":16.7,"avg_discount":100.0},{"deal_name":"Senior / Veterans - 20% Off","times_used":136,"units":184.0,"revenue":5958.000013828278,"discounts":1499.500002861023,"cost":2943.8499796390533,"profit":3014.1500347852707,"pre_discount_revenue":7457.5,"margin":50.6,"avg_discount":40.2},{"deal_name":"Veterans - 10% Off","times_used":124,"units":152.0,"revenue":5773.249965906143,"discounts":654.2500019073486,"cost":2525.1749914884567,"profit":3248.07501912117,"pre_discount_revenue":6427.5,"margin":56.3,"avg_discount":20.4},{"deal_name":"ME + Lavi BOGO 1/8th's","times_used":106,"units":262.0,"revenue":4951.625027656555,"discounts":4873.374962806702,"cost":3200.7499945163727,"profit":1750.8750581741333,"pre_discount_revenue":9825.0,"margin":35.4,"avg_discount":99.2},{"deal_name":"ME + LAVI 1/4 for $50","times_used":92,"units":160.0,"revenue":5008.75,"discounts":1141.25,"cost":2026.9749927520752,"profit":2981.7750178370625,"pre_discount_revenue":6150.0,"margin":59.5,"avg_discount":37.2},{"deal_name":"ME & LAVI & Kush Co 1/4 for $45","times_used":62,"units":160.0,"revenue":4500.0,"discounts":1500.0,"cost":2098.149996995926,"profit":2401.85001373291,"pre_discount_revenue":6000.0,"margin":53.4,"avg_discount":50.0},{"deal_name":"ME + LAVI 1/8th BOGO","times_used":38,"units":78.0,"revenue":1500.4750061035156,"discounts":1424.5249891281128,"cost":1218.75,"profit":281.7250108718872,"pre_discount_revenue":2925.0,"margin":18.8,"avg_discount":97.4},{"deal_name":"ME + LAVI 1/4 for $45","times_used":34,"units":68.0,"revenue":1912.5,"discounts":637.5,"cost":1062.3499965667725,"profit":850.1500034332275,"pre_discount_revenue":2550.0,"margin":44.5,"avg_discount":50.0},{"deal_name":"ME & LAVI & Kush Co 1/4 for $50","times_used":30,"units":58.0,"revenue":1712.5,"discounts":612.5,"cost":879.5999979972839,"profit":832.900003194809,"pre_discount_revenue":2325.0,"margin":48.6,"avg_discount":52.6},{"deal_name":"25% OFF SALE","times_used":28,"units":38.0,"revenue":356.25,"discounts":118.75,"cost":142.5,"profit":213.75,"pre_discount_revenue":475.0,"margin":60.0,"avg_discount":50.0},{"deal_name":"25-30% Off","times_used":12,"units":12.0,"revenue":337.5,"discounts":112.5,"cost":187.5,"profit":150.0,"pre_discount_revenue":450.0,"margin":44.4,"avg_discount":50.0},{"deal_name":"LVAC - 25% Off","times_used":4,"units":4.0,"revenue":37.5,"discounts":12.5,"cost":15.0,"profit":22.5,"pre_discount_revenue":50.0,"margin":60.0,"avg_discount":50.0},{"deal_name":"$45 Mix N Match Quarters","times_used":2,"units":4.0,"revenue":112.5,"discounts":37.5,"cost":62.5,"profit":50.0,"pre_discount_revenue":150.0,"margin":44.4,"avg_discount":50.0}],"top_products":[{"product":"LA BOMBA HALF OUNCE - LAVI","units":956,"revenue":59564.951171875,"cost":29900.80078125,"profit":29664.150390625,"transactions":736,"margin":49.79999923706055},{"product":"PANDA KUSH PRE ROLL - LAVI","units":2962,"revenue":28545.849609375,"cost":10946.25,"profit":17599.599609375,"transactions":2414,"margin":61.70000076293945},{"product":"HEADBAND EIGHTH - LAVI","units":984,"revenue":27537.0751953125,"cost":13030.32470703125,"profit":14506.75048828125,"transactions":740,"margin":52.70000076293945},{"product":"APE TAPE PRE ROLL - LAVI","units":2480,"revenue":24686.69921875,"cost":9300.0,"profit":15386.700439453125,"transactions":2030,"margin":62.29999923706055},{"product":"LEMON CHERRY GELATO HALF OUNCE - LAVI","units":350,"revenue":21231.25,"cost":10963.75,"profit":10267.5,"transactions":294,"margin":48.400001525878906},{"product":"APPLES AND BANANAS HALF OUNCE - LAVI","units":258,"revenue":17935.0,"cost":8081.8499755859375,"profit":9853.1494140625,"transactions":222,"margin":54.900001525878906},{"product":"WIFI BARZ HALF OUNCE - LAVI","units":244,"revenue":16998.499755859375,"cost":7625.0,"profit":9373.499755859375,"transactions":226,"margin":55.099998474121094},{"product":"KING TUT HALF OUNCE - LAVI","units":200,"revenue":13837.5,"cost":6250.0,"profit":7587.5,"transactions":178,"margin":54.79999923706055},{"product":"WEDDING CAKE HALF OUNCE - LAVI","units":200,"revenue":13526.500244140625,"cost":6250.0,"profit":7276.500244140625,"transactions":186,"margin":53.79999923706055},{"product":"PINEAPPLE CROWN HALF OUNCE - LAVI","units":200,"revenue":13451.99951171875,"cost":6250.0,"profit":7202.0001220703125,"transactions":166,"margin":53.5},{"product":"WIFI BARZ EIGHTH - LAVI","units":470,"revenue":12824.124755859375,"cost":7343.5748291015625,"profit":5480.5499267578125,"transactions":408,"margin":42.70000076293945},{"product":"LEMON CHERRY GELATO PRE ROLL - LAVI","units":1188,"revenue":10794.124755859375,"cost":4455.0,"profit":6339.124755859375,"transactions":1030,"margin":58.70000076293945},{"product":"LA BOMBA EIGHTH - LAVI","units":380,"revenue":10330.875244140625,"cost":5937.5,"profit":4393.374938964844,"transactions":318,"margin":42.5},{"product":"APE TAPE HALF OUNCE - LAVI","units":144,"revenue":10242.5,"cost":4500.0,"profit":5742.5,"transactions":114,"margin":56.099998474121094},{"product":"PINEAPPLE CROWN PRE ROLL - LAVI","units":920,"revenue":9929.07470703125,"cost":3450.0,"profit":6479.07470703125,"transactions":778,"margin":65.30000305175781},{"product":"SOURDOUGH EIGHTH - LAVI","units":398,"revenue":9504.05029296875,"cost":6218.75,"profit":3285.2999877929688,"transactions":254,"margin":34.599998474121094},{"product":"TRUE OG EIGHTH - LAVI","units":318,"revenue":8826.475219726562,"cost":4968.75,"profit":3857.7249145507812,"transactions":260,"margin":43.70000076293945},{"product":"KING TUT EIGHTH - LAVI","units":286,"revenue":7754.000244140625,"cost":3464.1250610351562,"profit":4289.8748779296875,"transactions":186,"margin":55.29999923706055},{"product":"LAVA COOKIES EIGHTH - LAVI","units":264,"revenue":6981.400146484375,"cost":4125.0,"profit":2856.400146484375,"transactions":214,"margin":40.900001525878906},{"product":"LEMON CHERRY GELATO EIGHTH - LAVI","units":236,"revenue":6345.574951171875,"cost":3687.5,"profit":2658.074951171875,"transactions":188,"margin":41.900001525878906},{"product":"THIRD EYE EIGHTH - LAVI","units":174,"revenue":5433.8751220703125,"cost":1848.074951171875,"profit":3585.8001708984375,"transactions":144,"margin":66.0},{"product":"PANDA KUSH HALF OUNCE - LAVI","units":88,"revenue":5160.10009765625,"cost":2750.0,"profit":2410.0999450683594,"transactions":68,"margin":46.70000076293945},{"product":"SOURDOUGH PRE ROLL - LAVI","units":496,"revenue":4371.25,"cost":1860.0,"profit":2511.25,"transactions":402,"margin":57.400001525878906},{"product":"WIFI BARZ PRE ROLL - LAVI","units":396,"revenue":3760.7501220703125,"cost":1485.0,"profit":2275.749969482422,"transactions":334,"margin":60.5},{"product":"APPLES AND BANANAS EIGHTH - LAVI","units":142,"revenue":3573.75,"cost":633.6750030517578,"profit":2940.0750732421875,"transactions":120,"margin":82.30000305175781}],"products_by_store":{"Elevation Springs":[{"product":"LA BOMBA EIGHTH - LAVI","units":324,"revenue":8810.750122070312,"cost":5062.5,"profit":3748.2501220703125,"transactions":274,"margin":42.5},{"product":"HEADBAND EIGHTH - LAVI","units":208,"revenue":6095.050048828125,"cost":2379.324951171875,"profit":3715.72509765625,"transactions":172,"margin":61.0},{"product":"PANDA KUSH PRE ROLL - LAVI","units":496,"revenue":4842.5,"cost":1860.0,"profit":2982.5,"transactions":420,"margin":61.599998474121094},{"product":"SOURDOUGH EIGHTH - LAVI","units":160,"revenue":4042.974853515625,"cost":2500.0,"profit":1542.9750061035156,"transactions":118,"margin":38.20000076293945},{"product":"APE TAPE PRE ROLL - LAVI","units":398,"revenue":3762.5,"cost":1492.5,"profit":2270.0,"transactions":286,"margin":60.29999923706055},{"product":"WIFI BARZ EIGHTH - LAVI","units":120,"revenue":3328.125,"cost":1875.0,"profit":1453.125,"transactions":106,"margin":43.70000076293945},{"product":"TRUE OG EIGHTH - LAVI","units":98,"revenue":2957.6251220703125,"cost":1531.25,"profit":1426.3749694824219,"transactions":84,"margin":48.20000076293945},{"product":"LAVA COOKIES EIGHTH - LAVI","units":82,"revenue":2474.7750854492188,"cost":1281.25,"profit":1193.5250091552734,"transactions":74,"margin":48.20000076293945},{"product":"APPLES AND BANANAS EIGHTH - LAVI","units":100,"revenue":2355.0,"cost":446.25,"profit":1908.75,"transactions":78,"margin":81.0999984741211},{"product":"LEMON CHERRY GELATO EIGHTH - LAVI","units":84,"revenue":2220.2499389648438,"cost":1312.5,"profit":907.7500152587891,"transactions":64,"margin":40.900001525878906},{"product":"PINEAPPLE CROWN PRE ROLL - LAVI","units":200,"revenue":2145.3250122070312,"cost":750.0,"profit":1395.3250122070312,"transactions":174,"margin":65.0},{"product":"LEMON CHERRY GELATO PRE ROLL - LAVI","units":198,"revenue":2080.0,"cost":742.5,"profit":1337.5,"transactions":172,"margin":64.30000305175781},{"product":"SOURDOUGH PRE ROLL - LAVI","units":198,"revenue":1611.25,"cost":742.5,"profit":868.75,"transactions":136,"margin":53.900001525878906},{"product":"LEMON CHERRY GELATO PRE ROLL 1G - LAVI","units":134,"revenue":1188.75,"cost":502.5,"profit":686.25,"transactions":110,"margin":57.70000076293945},{"product":"PEACH CANDY #9 PRE ROLL - LAVI","units":96,"revenue":982.5,"cost":360.0,"profit":622.5,"transactions":86,"margin":63.400001525878906}],"Elevation Mesa":[{"product":"PANDA KUSH PRE ROLL - LAVI","units":614,"revenue":5674.8248291015625,"cost":2302.5,"profit":3372.3251342773438,"transactions":476,"margin":59.400001525878906},{"product":"APE TAPE PRE ROLL - LAVI","units":488,"revenue":5032.5,"cost":1830.0,"profit":3202.5,"transactions":402,"margin":63.599998474121094},{"product":"HEADBAND EIGHTH - LAVI","units":174,"revenue":4349.700012207031,"cost":1825.7499694824219,"profit":2523.9500427246094,"transactions":130,"margin":58.0},{"product":"TRUE OG EIGHTH - LAVI","units":148,"revenue":4124.4000244140625,"cost":2312.5,"profit":1811.9000244140625,"transactions":116,"margin":43.900001525878906},{"product":"LEMON CHERRY GELATO PRE ROLL - LAVI","units":400,"revenue":3218.800048828125,"cost":1500.0,"profit":1718.800048828125,"transactions":362,"margin":53.400001525878906},{"product":"LAVA COOKIES EIGHTH - LAVI","units":120,"revenue":3124.2001342773438,"cost":1875.0,"profit":1249.1999816894531,"transactions":98,"margin":40.0},{"product":"PANDA KUSH EIGHTH - LAVI","units":112,"revenue":2970.2999877929688,"cost":1750.0,"profit":1220.2999877929688,"transactions":82,"margin":41.099998474121094},{"product":"WIFI BARZ EIGHTH - LAVI","units":96,"revenue":2585.0,"cost":1500.0,"profit":1085.0,"transactions":78,"margin":42.0},{"product":"KING TUT EIGHTH - LAVI","units":86,"revenue":2418.9999389648438,"cost":383.77498626708984,"profit":2035.2250671386719,"transactions":74,"margin":84.0999984741211},{"product":"LEMON CHERRY GELATO EIGHTH - LAVI","units":78,"revenue":2227.5999450683594,"cost":1218.75,"profit":1008.8500213623047,"transactions":70,"margin":45.29999923706055},{"product":"SOURDOUGH EIGHTH - LAVI","units":106,"revenue":2183.074951171875,"cost":1656.25,"profit":526.8250274658203,"transactions":60,"margin":24.100000381469727},{"product":"PEACH CANDY #9 EIGHTH - LAVI","units":80,"revenue":2119.7250366210938,"cost":357.00000762939453,"profit":1762.7250671386719,"transactions":52,"margin":83.19999694824219},{"product":"PINEAPPLE CROWN PRE ROLL - LAVI","units":100,"revenue":1032.5,"cost":375.0,"profit":657.5,"transactions":84,"margin":63.70000076293945},{"product":"WIFI BARZ PRE ROLL - LAVI","units":96,"revenue":769.4999694824219,"cost":360.0,"profit":409.50000762939453,"transactions":78,"margin":53.20000076293945}],"Elevation Oasis":[{"product":"LA BOMBA HALF OUNCE - LAVI","units":956,"revenue":59564.951171875,"cost":29900.80078125,"profit":29664.150390625,"transactions":736,"margin":49.79999923706055},{"product":"LEMON CHERRY GELATO HALF OUNCE - LAVI","units":350,"revenue":21231.25,"cost":10963.75,"profit":10267.5,"transactions":294,"margin":48.400001525878906},{"product":"APPLES AND BANANAS HALF OUNCE - LAVI","units":258,"revenue":17935.0,"cost":8081.8499755859375,"profit":9853.1494140625,"transactions":222,"margin":54.900001525878906},{"product":"WIFI BARZ HALF OUNCE - LAVI","units":244,"revenue":16998.499755859375,"cost":7625.0,"profit":9373.499755859375,"transactions":226,"margin":55.099998474121094},{"product":"KING TUT HALF OUNCE - LAVI","units":200,"revenue":13837.5,"cost":6250.0,"profit":7587.5,"transactions":178,"margin":54.79999923706055},{"product":"WEDDING CAKE HALF OUNCE - LAVI","units":200,"revenue":13526.500244140625,"cost":6250.0,"profit":7276.500244140625,"transactions":186,"margin":53.79999923706055},{"product":"PINEAPPLE CROWN HALF OUNCE - LAVI","units":200,"revenue":13451.99951171875,"cost":6250.0,"profit":7202.0001220703125,"transactions":166,"margin":53.5},{"product":"APE TAPE HALF OUNCE - LAVI","units":144,"revenue":10242.5,"cost":4500.0,"profit":5742.5,"transactions":114,"margin":56.099998474121094},{"product":"HEADBAND EIGHTH - LAVI","units":200,"revenue":5680.0,"cost":3102.6751708984375,"profit":2577.3251342773438,"transactions":116,"margin":45.400001525878906},{"product":"KING TUT EIGHTH - LAVI","units":200,"revenue":5335.0,"cost":3080.3500366210938,"profit":2254.6499633789062,"transactions":112,"margin":42.29999923706055},{"product":"PANDA KUSH HALF OUNCE - LAVI","units":88,"revenue":5160.10009765625,"cost":2750.0,"profit":2410.0999450683594,"transactions":68,"margin":46.70000076293945},{"product":"PANDA KUSH PRE ROLL - LAVI","units":554,"revenue":4942.550048828125,"cost":2017.5,"profit":2925.050048828125,"transactions":438,"margin":59.20000076293945},{"product":"APE TAPE PRE ROLL - LAVI","units":302,"revenue":2901.3250732421875,"cost":1132.5,"profit":1768.8250732421875,"transactions":248,"margin":61.0},{"product":"SOURDOUGH HALF OUNCE - LAVI","units":40,"revenue":2475.050048828125,"cost":1250.0,"profit":1225.0499725341797,"transactions":32,"margin":49.5},{"product":"LEMON CHERRY GELATO PRE ROLL - LAVI","units":196,"revenue":2027.5750732421875,"cost":735.0,"profit":1292.5750732421875,"transactions":148,"margin":63.70000076293945}],"Elevation Midtown":[{"product":"HEADBAND EIGHTH - LAVI","units":196,"revenue":5786.3250732421875,"cost":3061.9500732421875,"profit":2724.375,"transactions":142,"margin":47.099998474121094},{"product":"PANDA KUSH PRE ROLL - LAVI","units":298,"revenue":3181.25,"cost":1117.5,"profit":2063.75,"transactions":254,"margin":64.9000015258789},{"product":"THIRD EYE EIGHTH - LAVI","units":96,"revenue":3091.3250732421875,"cost":1500.0,"profit":1591.3250732421875,"transactions":76,"margin":51.5},{"product":"WIFI BARZ EIGHTH - LAVI","units":100,"revenue":2799.7500610351562,"cost":1562.3249816894531,"profit":1237.4250030517578,"transactions":86,"margin":44.20000076293945},{"product":"APE TAPE PRE ROLL - LAVI","units":248,"revenue":2452.5,"cost":930.0,"profit":1522.5,"transactions":214,"margin":62.099998474121094},{"product":"PINEAPPLE CROWN PRE ROLL - LAVI","units":150,"revenue":1820.0,"cost":562.5,"profit":1257.5,"transactions":126,"margin":69.0999984741211},{"product":"PEACH CANDY #9 EIGHTH - LAVI","units":38,"revenue":1065.0,"cost":593.75,"profit":471.25,"transactions":28,"margin":44.20000076293945},{"product":"LEMON CHERRY GELATO PRE ROLL - LAVI","units":94,"revenue":976.25,"cost":352.5,"profit":623.75,"transactions":86,"margin":63.900001525878906},{"product":"LA BOMBA EIGHTH - LAVI","units":12,"revenue":225.0749969482422,"cost":187.5,"profit":37.57500171661377,"transactions":6,"margin":16.700000762939453}],"Elevation Boulevard":[{"product":"APE TAPE PRE ROLL - LAVI","units":734,"revenue":7134.749755859375,"cost":2752.5,"profit":4382.250061035156,"transactions":638,"margin":61.400001525878906},{"product":"PANDA KUSH PRE ROLL - LAVI","units":664,"revenue":6370.8251953125,"cost":2446.25,"profit":3924.5748901367188,"transactions":560,"margin":61.599998474121094},{"product":"SOURDOUGH EIGHTH - LAVI","units":132,"revenue":3277.9998779296875,"cost":2062.5,"profit":1215.5000305175781,"transactions":76,"margin":37.099998474121094},{"product":"SOURDOUGH PRE ROLL - LAVI","units":298,"revenue":2760.0,"cost":1117.5,"profit":1642.5,"transactions":266,"margin":59.5},{"product":"HEADBAND EIGHTH - LAVI","units":100,"revenue":2752.5,"cost":1562.5,"profit":1190.0,"transactions":82,"margin":43.20000076293945},{"product":"WIFI BARZ EIGHTH - LAVI","units":100,"revenue":2722.5,"cost":1562.5,"profit":1160.0,"transactions":96,"margin":42.599998474121094},{"product":"LEMON CHERRY GELATO PRE ROLL - LAVI","units":300,"revenue":2491.4999389648438,"cost":1125.0,"profit":1366.4999389648438,"transactions":262,"margin":54.79999923706055},{"product":"PINEAPPLE CROWN PRE ROLL - LAVI","units":230,"revenue":2217.5,"cost":862.5,"profit":1355.0,"transactions":200,"margin":61.099998474121094},{"product":"WIFI BARZ PRE ROLL - LAVI","units":200,"revenue":1945.0,"cost":750.0,"profit":1195.0,"transactions":164,"margin":61.400001525878906},{"product":"LEMON CHERRY GELATO EIGHTH - LAVI","units":74,"revenue":1897.7250671386719,"cost":1156.25,"profit":741.4749908447266,"transactions":54,"margin":39.099998474121094},{"product":"TRUE OG EIGHTH - LAVI","units":72,"revenue":1744.4500732421875,"cost":1125.0,"profit":619.4499969482422,"transactions":60,"margin":35.5},{"product":"LAVA COOKIES EIGHTH - LAVI","units":62,"revenue":1382.4249267578125,"cost":968.75,"profit":413.6750030517578,"transactions":42,"margin":29.899999618530273},{"product":"LA BOMBA EIGHTH - LAVI","units":44,"revenue":1295.050048828125,"cost":687.5,"profit":607.5500106811523,"transactions":38,"margin":46.900001525878906},{"product":"LA BOMBA PRE ROLL - LAVI","units":100,"revenue":792.5,"cost":375.0,"profit":417.5,"transactions":86,"margin":52.70000076293945}],"Elevation Parkway":[{"product":"PANDA KUSH PRE ROLL - LAVI","units":336,"revenue":3533.900146484375,"cost":1202.5,"profit":2331.3999938964844,"transactions":266,"margin":66.0},{"product":"APE TAPE PRE ROLL - LAVI","units":310,"revenue":3403.125,"cost":1162.5,"profit":2240.625,"transactions":242,"margin":65.80000305175781},{"product":"HEADBAND EIGHTH - LAVI","units":106,"revenue":2873.5000610351562,"cost":1098.125,"profit":1775.3750610351562,"transactions":98,"margin":61.79999923706055},{"product":"THIRD EYE EIGHTH - LAVI","units":78,"revenue":2342.550048828125,"cost":348.07498931884766,"profit":1994.47509765625,"transactions":68,"margin":85.0999984741211},{"product":"WIFI BARZ EIGHTH - LAVI","units":54,"revenue":1388.75,"cost":843.75,"profit":545.0,"transactions":42,"margin":39.20000076293945},{"product":"APPLES AND BANANAS EIGHTH - LAVI","units":42,"revenue":1218.75,"cost":187.4250030517578,"profit":1031.3249969482422,"transactions":42,"margin":84.5999984741211},{"product":"PINEAPPLE CROWN PRE ROLL - LAVI","units":98,"revenue":1133.75,"cost":367.5,"profit":766.25,"transactions":90,"margin":67.5999984741211},{"product":"WIFI BARZ PRE ROLL - LAVI","units":100,"revenue":1046.25,"cost":375.0,"profit":671.25,"transactions":92,"margin":64.19999694824219},{"product":"APE TAPE EIGHTH - LAVI","units":4,"revenue":138.125,"cost":70.0,"profit":68.125,"transactions":4,"margin":49.29999923706055}]},"store_summary":[{"store_clean":"Elevation Oasis","units":4422,"revenue":198119.8046875,"cost":94976.923828125,"profit":103142.87109375,"discounts":34142.7001953125,"margin":52.099998474121094,"discount_rate":14.699999809265137},{"store_clean":"Elevation Springs","units":2896,"revenue":48897.373046875,"cost":22838.076171875,"profit":26059.29931640625,"discounts":16552.62451171875,"margin":53.29999923706055,"discount_rate":25.299999237060547},{"store_clean":"Elevation Mesa","units":2698,"revenue":41831.123046875,"cost":19246.524658203125,"profit":22584.599609375,"discounts":16893.87451171875,"margin":54.0,"discount_rate":28.799999237060547},{"store_clean":"Elevation Boulevard","units":3110,"revenue":38784.72412109375,"cost":18553.75,"profit":20230.975341796875,"discounts":14672.774658203125,"margin":52.20000076293945,"discount_rate":27.399999618530273},{"store_clean":"Elevation Midtown","units":1232,"revenue":21397.4755859375,"cost":9868.02490234375,"profit":11529.449462890625,"discounts":4917.5250244140625,"margin":53.900001525878906,"discount_rate":18.700000762939453},{"store_clean":"Elevation Parkway","units":1128,"revenue":17078.699951171875,"cost":5654.8748779296875,"profit":11423.82568359375,"discounts":4133.800048828125,"margin":66.9000015258789,"discount_rate":19.5}],"recommendations":[{"severity":"info","title":"VOLUME LEVERAGE","detail":"$146,444 revenue provides negotiating leverage.","action":"Use volume as leverage in next vendor meeting."}],"comparison":null}