{"brand":"REDWOOD","date_range":"2024-01-01 00:00:00 to 2026-01-31 00:00:00","period_label":"All Time","summary":{"total_units":110442,"total_revenue":2496429.6875,"total_cost":1100757.03125,"total_discounts":723377.890625,"total_profit":1395672.5,"overall_margin":55.900001525878906,"fp_margin":64.19999694824219,"disc_margin":52.29999923706055,"pct_full_price":30.0,"avg_discount_rate":22.5,"fp_revenue":749353.75,"disc_revenue":1747075.78125,"brand":"REDWOOD","date_range":"2024-01-01 00:00:00 to 2026-01-31 00:00:00","primary_category":"FLOWER","store_coverage":"6/7","stores_present":["Elevation Springs","Elevation Mesa","Elevation Oasis","Elevation Midtown","Elevation Boulevard","Elevation Parkway"],"stores_missing":["Elevation Downtown"],"velocity_rank":10,"velocity_total":64},"distribution":[{"store":"Elevation Springs","carries_brand":true,"sku_count":122,"revenue":516458.59375,"units":23742,"store_total_revenue":51138750.0,"brand_share_pct":1.0},{"store":"Elevation Mesa","carries_brand":true,"sku_count":128,"revenue":553420.9375,"units":28252,"store_total_revenue":47532240.0,"brand_share_pct":1.2000000476837158},{"store":"Elevation Oasis","carries_brand":true,"sku_count":130,"revenue":718550.625,"units":22978,"store_total_revenue":56050145.0,"brand_share_pct":1.2999999523162842},{"store":"Elevation Downtown","carries_brand":false,"sku_count":0,"revenue":0.0,"units":0,"store_total_revenue":1945237.1875,"brand_share_pct":0},{"store":"Elevation Midtown","carries_brand":true,"sku_count":118,"revenue":304774.53125,"units":12964,"store_total_revenue":30850185.0,"brand_share_pct":1.0},{"store":"Elevation Boulevard","carries_brand":true,"sku_count":114,"revenue":262412.109375,"units":14920,"store_total_revenue":28757865.0,"brand_share_pct":0.8999999761581421},{"store":"Elevation Parkway","carries_brand":true,"sku_count":100,"revenue":140812.822265625,"units":7586,"store_total_revenue":21987007.5,"brand_share_pct":0.6000000238418579}],"share_of_category":[{"category":"FLOWER","brand_revenue":2120017.03125,"category_revenue":77755450.0,"revenue_share_pct":2.700000047683716,"brand_units":70836,"category_units":2708446,"units_share_pct":2.6},{"category":"PRE ROLL","brand_revenue":374432.5,"category_revenue":14009791.25,"revenue_share_pct":2.700000047683716,"brand_units":39584,"category_units":1485736,"units_share_pct":2.7},{"category":0.0,"brand_revenue":0.0,"category_revenue":0.0,"revenue_share_pct":0.0,"brand_units":0,"category_units":0,"units_share_pct":0.0}],"share_of_category_trend":{"FLOWER":[{"period":"2024-01","brand_revenue":140507.724609375,"category_revenue":3552357.8125,"share_pct":4.0},{"period":"2024-02","brand_revenue":109030.9765625,"category_revenue":3535245.625,"share_pct":3.0999999046325684},{"period":"2024-03","brand_revenue":107810.400390625,"category_revenue":3693805.625,"share_pct":2.9000000953674316},{"period":"2024-04","brand_revenue":75154.775390625,"category_revenue":3541899.6875,"share_pct":2.0999999046325684},{"period":"2024-05","brand_revenue":69472.5732421875,"category_revenue":3537479.375,"share_pct":2.0},{"period":"2024-06","brand_revenue":77302.451171875,"category_revenue":3403269.6875,"share_pct":2.299999952316284},{"period":"2024-07","brand_revenue":57428.0517578125,"category_revenue":3457705.9375,"share_pct":1.7000000476837158},{"period":"2024-08","brand_revenue":41699.326171875,"category_revenue":3453819.375,"share_pct":1.2000000476837158},{"period":"2024-09","brand_revenue":14242.80029296875,"category_revenue":3316441.5625,"share_pct":0.4000000059604645},{"period":"2024-10","brand_revenue":0.0,"category_revenue":3585775.0,"share_pct":0.0},{"period":"2024-11","brand_revenue":0.0,"category_revenue":3454855.3125,"share_pct":0.0},{"period":"2024-12","brand_revenue":0.0,"category_revenue":3226567.8125,"share_pct":0.0},{"period":"2025-01","brand_revenue":19116.75048828125,"category_revenue":2984938.125,"share_pct":0.6000000238418579},{"period":"2025-02","brand_revenue":84436.728515625,"category_revenue":2816220.0,"share_pct":3.0},{"period":"2025-03","brand_revenue":126047.3046875,"category_revenue":2911379.6875,"share_pct":4.300000190734863},{"period":"2025-04","brand_revenue":170214.31640625,"category_revenue":3118895.3125,"share_pct":5.5},{"period":"2025-05","brand_revenue":172978.02734375,"category_revenue":2887345.0,"share_pct":6.0},{"period":"2025-06","brand_revenue":109660.37109375,"category_revenue":2773698.125,"share_pct":4.0},{"period":"2025-07","brand_revenue":139234.8046875,"category_revenue":2782763.125,"share_pct":5.0},{"period":"2025-08","brand_revenue":188987.734375,"category_revenue":2733122.8125,"share_pct":6.900000095367432},{"period":"2025-09","brand_revenue":97983.720703125,"category_revenue":2603501.5625,"share_pct":3.799999952316284},{"period":"2025-10","brand_revenue":91262.94921875,"category_revenue":2663705.0,"share_pct":3.4000000953674316},{"period":"2025-11","brand_revenue":80072.2509765625,"category_revenue":2700189.0625,"share_pct":3.0},{"period":"2025-12","brand_revenue":77271.6259765625,"category_revenue":2515209.53125,"share_pct":3.0999999046325684},{"period":"2026-01","brand_revenue":70101.4013671875,"category_revenue":2505261.875,"share_pct":2.799999952316284}],"PRE ROLL":[{"period":"2024-01","brand_revenue":13556.500244140625,"category_revenue":508338.515625,"share_pct":2.700000047683716},{"period":"2024-02","brand_revenue":16973.499755859375,"category_revenue":489393.671875,"share_pct":3.5},{"period":"2024-03","brand_revenue":14793.800048828125,"category_revenue":520052.3828125,"share_pct":2.799999952316284},{"period":"2024-04","brand_revenue":11674.49951171875,"category_revenue":491300.6640625,"share_pct":2.4000000953674316},{"period":"2024-05","brand_revenue":13485.8251953125,"category_revenue":542202.890625,"share_pct":2.5},{"period":"2024-06","brand_revenue":12808.00048828125,"category_revenue":507288.8671875,"share_pct":2.5},{"period":"2024-07","brand_revenue":10088.125,"category_revenue":524250.9765625,"share_pct":1.899999976158142},{"period":"2024-08","brand_revenue":6045.0,"category_revenue":612518.7109375,"share_pct":1.0},{"period":"2024-09","brand_revenue":896.9999694824219,"category_revenue":586543.0078125,"share_pct":0.20000000298023224},{"period":"2024-10","brand_revenue":0.0,"category_revenue":641449.1796875,"share_pct":0.0},{"period":"2024-11","brand_revenue":0.0,"category_revenue":579866.71875,"share_pct":0.0},{"period":"2024-12","brand_revenue":0.0,"category_revenue":582999.5703125,"share_pct":0.0},{"period":"2025-01","brand_revenue":437.5,"category_revenue":544095.3125,"share_pct":0.10000000149011612},{"period":"2025-02","brand_revenue":7084.5751953125,"category_revenue":500875.5859375,"share_pct":1.399999976158142},{"period":"2025-03","brand_revenue":14484.25048828125,"category_revenue":551422.0703125,"share_pct":2.5999999046325684},{"period":"2025-04","brand_revenue":14030.50048828125,"category_revenue":568189.375,"share_pct":2.5},{"period":"2025-05","brand_revenue":16073.75,"category_revenue":565516.875,"share_pct":2.799999952316284},{"period":"2025-06","brand_revenue":12071.025390625,"category_revenue":560506.71875,"share_pct":2.200000047683716},{"period":"2025-07","brand_revenue":20379.100341796875,"category_revenue":600916.09375,"share_pct":3.4000000953674316},{"period":"2025-08","brand_revenue":38881.10107421875,"category_revenue":620247.5,"share_pct":6.300000190734863},{"period":"2025-09","brand_revenue":34224.423828125,"category_revenue":608971.09375,"share_pct":5.599999904632568},{"period":"2025-10","brand_revenue":16757.874755859375,"category_revenue":645293.1640625,"share_pct":2.5999999046325684},{"period":"2025-11","brand_revenue":38159.29931640625,"category_revenue":581113.4765625,"share_pct":6.599999904632568},{"period":"2025-12","brand_revenue":39389.27490234375,"category_revenue":553088.5546875,"share_pct":7.099999904632568},{"period":"2026-01","brand_revenue":22137.60009765625,"category_revenue":523350.9375,"share_pct":4.199999809265137}]},"velocity_by_category":[{"category":"FLOWER","brand_units_per_day":92.96,"category_avg_units_per_day":55.54,"velocity_index":167.4,"brand_rev_per_unit":23.94,"category_rev_per_unit":22.97,"brands_in_category":64},{"category":"PRE ROLL","brand_units_per_day":51.94,"category_avg_units_per_day":42.38,"velocity_index":122.6,"brand_rev_per_unit":7.57,"category_rev_per_unit":7.54,"brands_in_category":46},{"category":0.0,"brand_units_per_day":0.0,"category_avg_units_per_day":0,"velocity_index":0,"brand_rev_per_unit":0.0,"category_rev_per_unit":0.0,"brands_in_category":0}],"store_gaps":[{"store":"Elevation Downtown","category":"FLOWER","category_revenue_at_store":324929.8828125,"opportunity":"Brand not carried"},{"store":"Elevation Downtown","category":"PRE ROLL","category_revenue_at_store":196139.1015625,"opportunity":"Brand not carried"}],"product_mix":{"top":[{"product":"SWEET TEA EIGHTH - REDWOOD","units":6860,"revenue":246563.02734375,"cost":109801.62109375,"profit":136761.396484375,"stores":6,"transactions":5148,"margin":55.5},{"product":"STRAWBERRY MANGO HAZE EIGHTH - REDWOOD","units":6316,"revenue":204440.1171875,"cost":91787.998046875,"profit":112652.12890625,"stores":6,"transactions":5142,"margin":55.099998474121094},{"product":"UK CHEESE EIGHTH - REDWOOD","units":4774,"revenue":152115.625,"cost":70177.8759765625,"profit":81937.75390625,"stores":6,"transactions":3688,"margin":53.900001525878906},{"product":"TANGERINE SKUNK EIGHTH - REDWOOD","units":3988,"revenue":119326.201171875,"cost":53036.0009765625,"profit":66290.2001953125,"stores":6,"transactions":3026,"margin":55.599998474121094},{"product":"GAS LEAK EIGHTH - REDWOOD","units":3198,"revenue":91987.75390625,"cost":42025.2490234375,"profit":49962.5,"stores":6,"transactions":2612,"margin":54.29999923706055},{"product":"JEALOUSY EIGHTH - REDWOOD","units":2852,"revenue":87683.623046875,"cost":39817.5,"profit":47866.123046875,"stores":6,"transactions":2270,"margin":54.599998474121094},{"product":"SUNSHINE DAYDREAM EIGHTH - REDWOOD","units":2798,"revenue":85837.646484375,"cost":41086.25,"profit":44751.4013671875,"stores":6,"transactions":2278,"margin":52.099998474121094},{"product":"TROPICANA CHERRY EIGHTH - REDWOOD","units":2642,"revenue":85797.87109375,"cost":40638.125,"profit":45159.7509765625,"stores":6,"transactions":2176,"margin":52.599998474121094},{"product":"COCO CHANEL EIGHTH - REDWOOD","units":2760,"revenue":84679.00390625,"cost":38664.375,"profit":46014.6240234375,"stores":6,"transactions":2180,"margin":54.29999923706055},{"product":"PLATINUM STRAWBERRIES EIGHTH - REDWOOD","units":2590,"revenue":79484.5263671875,"cost":31575.74951171875,"profit":47908.7744140625,"stores":6,"transactions":2040,"margin":60.29999923706055},{"product":"BANANA PIE EIGHTH - REDWOOD","units":2570,"revenue":74147.2021484375,"cost":34392.62451171875,"profit":39754.5751953125,"stores":6,"transactions":2170,"margin":53.599998474121094},{"product":"FLAT WHITE EIGHTH - REDWOOD","units":2330,"revenue":72949.0478515625,"cost":34653.75,"profit":38295.30029296875,"stores":6,"transactions":1948,"margin":52.5},{"product":"PLATINUM STRAWBERRIES PRE ROLL - REDWOOD","units":6522,"revenue":70550.0,"cost":32197.5,"profit":38352.5,"stores":6,"transactions":5126,"margin":54.400001525878906},{"product":"WINGSUIT EIGHTH - REDWOOD","units":1924,"revenue":60985.4248046875,"cost":25805.0,"profit":35180.4248046875,"stores":5,"transactions":1590,"margin":57.70000076293945},{"product":"PLATINUM BLUE DREAM EIGHTH - REDWOOD","units":1698,"revenue":58762.373046875,"cost":24999.6240234375,"profit":33762.75146484375,"stores":6,"transactions":1294,"margin":57.5},{"product":"MONKEY BREAD EIGHTH - REDWOOD","units":1626,"revenue":54771.748046875,"cost":24976.875,"profit":29794.87548828125,"stores":6,"transactions":1368,"margin":54.400001525878906},{"product":"WATERMELON GELATTI EIGHTH - REDWOOD","units":1554,"revenue":47845.126953125,"cost":21315.2490234375,"profit":26529.87548828125,"stores":6,"transactions":1310,"margin":55.400001525878906},{"product":"CHEM SORBET EIGHTH - REDWOOD","units":1466,"revenue":43226.376953125,"cost":18198.00048828125,"profit":25028.3740234375,"stores":6,"transactions":1226,"margin":57.900001525878906},{"product":"COCO CHANEL PRE ROLL - REDWOOD","units":3220,"revenue":36566.8505859375,"cost":18250.0,"profit":18316.8505859375,"stores":6,"transactions":2628,"margin":50.099998474121094},{"product":"LEMONCELLO EIGHTH - REDWOOD","units":1194,"revenue":36442.77587890625,"cost":15668.375244140625,"profit":20774.3994140625,"stores":6,"transactions":1008,"margin":57.0}],"bottom":[{"product":"UK CHEESE HALF OUNCE - REDWOOD","units":18,"revenue":2025.0,"cost":562.5,"profit":1462.5,"stores":1,"transactions":18,"margin":72.19999694824219},{"product":"JEALOUSY PRE ROLL - REDWOOD","units":196,"revenue":1973.75,"cost":735.0,"profit":1238.75,"stores":3,"transactions":158,"margin":62.79999923706055},{"product":"TANGERINE SKUNK GRAM - REDWOOD","units":188,"revenue":1815.8250427246094,"cost":940.0,"profit":875.8249664306641,"stores":1,"transactions":174,"margin":48.20000076293945},{"product":"GUMMY BUNS PRE ROLL - REDWOOD","units":166,"revenue":1359.6499633789062,"cost":622.5,"profit":737.1499633789062,"stores":4,"transactions":128,"margin":54.20000076293945},{"product":"VAPOR FUEL GRAM - REDWOOD","units":116,"revenue":1212.5,"cost":580.0,"profit":632.5,"stores":2,"transactions":104,"margin":52.20000076293945},{"product":"MANDARIN GOLD PRE ROLL - REDWOOD","units":148,"revenue":1165.0,"cost":555.0,"profit":610.0,"stores":2,"transactions":122,"margin":52.400001525878906},{"product":"NIGERIAN HAZE GRAM - REDWOOD","units":106,"revenue":1087.5,"cost":530.0,"profit":557.5,"stores":2,"transactions":98,"margin":51.29999923706055},{"product":"LEMONCELLO PRE ROLL- REDWOOD","units":50,"revenue":595.0,"cost":187.5,"profit":407.5,"stores":1,"transactions":46,"margin":68.5},{"product":"JOKERZ GRAM - REDWOOD","units":18,"revenue":200.0,"cost":90.0,"profit":110.0,"stores":2,"transactions":18,"margin":55.0},{"product":"FRENCH TOAST GRAM - REDWOOD","units":20,"revenue":187.5,"cost":100.0,"profit":87.5,"stores":2,"transactions":16,"margin":46.70000076293945}],"expansion":[{"product":"WINGSUIT EIGHTH - REDWOOD","current_stores":5,"total_stores":6,"missing_stores":["Elevation Parkway"],"revenue":60985.4248046875},{"product":"SWEET TEA GRAM - REDWOOD","current_stores":5,"total_stores":6,"missing_stores":["Elevation Oasis"],"revenue":32555.0},{"product":"JOKERZ EIGHTH - REDWOOD","current_stores":3,"total_stores":6,"missing_stores":["Elevation Springs","Elevation Oasis","Elevation Parkway"],"revenue":23752.4755859375},{"product":"FRENCH TOAST EIGHTH - REDWOOD","current_stores":3,"total_stores":6,"missing_stores":["Elevation Mesa","Elevation Midtown","Elevation Boulevard"],"revenue":21516.25},{"product":"BUTTER CAKE EIGHTH - REDWOOD","current_stores":4,"total_stores":6,"missing_stores":["Elevation Boulevard","Elevation Parkway"],"revenue":17385.30029296875},{"product":"FLAMINGO FLOAT EIGHTH - REDWOOD","current_stores":4,"total_stores":6,"missing_stores":["Elevation Mesa","Elevation Parkway"],"revenue":16653.125},{"product":"OCTANE MINT SORBET EIGHTH - REDWOOD","current_stores":4,"total_stores":6,"missing_stores":["Elevation Boulevard","Elevation Parkway"],"revenue":14011.25},{"product":"SKYWALKER OG EIGHTH - REDWOOD","current_stores":2,"total_stores":6,"missing_stores":["Elevation Mesa","Elevation Midtown","Elevation Boulevard","Elevation Parkway"],"revenue":13480.0},{"product":"STRAWBERRY MANGO HAZE PRE ROLL - REDWOOD","current_stores":5,"total_stores":6,"missing_stores":["Elevation Midtown"],"revenue":12024.825439453125},{"product":"PLATINUM COOKIES EIGHTH - REDWOOD","current_stores":3,"total_stores":6,"missing_stores":["Elevation Springs","Elevation Boulevard","Elevation Parkway"],"revenue":10954.25048828125}]},"pricing_consistency":[{"product":"GUMMY BUNS PRE ROLL - REDWOOD","min_price":14.786000061035157,"max_price":25.0,"avg_price":17.99650001525879,"std_dev":1.917912011997676,"store_count":8,"price_range":10.213999938964843,"range_pct":56.8},{"product":"BUBBLEGUM MARKER EIGHTH - REDWOOD","min_price":42.6530612244898,"max_price":62.9344970703125,"avg_price":53.94063957370058,"std_dev":3.447219461798221,"store_count":8,"price_range":20.281435845822706,"range_pct":37.6},{"product":"OCTANE MINT SORBET PRE ROLL - REDWOOD","min_price":15.9,"max_price":23.2,"avg_price":20.005143997784664,"std_dev":1.0968824410067797,"store_count":10,"price_range":7.299999999999997,"range_pct":36.5},{"product":"SUNSHINE DAYDREAM PRE ROLL - REDWOOD","min_price":15.84090909090909,"max_price":22.119565217391305,"avg_price":18.515651543230376,"std_dev":0.9571268664955982,"store_count":12,"price_range":6.278656126482214,"range_pct":33.9},{"product":"TANGERINE SKUNK PRE ROLL - REDWOOD","min_price":15.568651471819198,"max_price":21.100000554865055,"avg_price":16.936800072900027,"std_dev":0.9380927803667922,"store_count":10,"price_range":5.531349083045858,"range_pct":32.7},{"product":"WATERMELON GELATTI PRE ROLL - REDWOOD","min_price":18.790624618530273,"max_price":25.795456279407848,"avg_price":21.542349079235137,"std_dev":0.9278625786546677,"store_count":12,"price_range":7.0048316608775725,"range_pct":32.5},{"product":"COCO CHANEL PRE ROLL - REDWOOD","min_price":18.73076952420748,"max_price":25.781639659472106,"avg_price":22.223300031132197,"std_dev":1.144566259486837,"store_count":12,"price_range":7.050870135264624,"range_pct":31.7},{"product":"COCO CHANEL EIGHTH - REDWOOD","min_price":50.526784261067704,"max_price":68.47015084572209,"avg_price":59.84115527439983,"std_dev":3.1177491168273006,"store_count":12,"price_range":17.94336658465438,"range_pct":30.0},{"product":"PLATINUM STRAWBERRIES PRE ROLL - REDWOOD","min_price":18.727659195188494,"max_price":25.111616654829547,"avg_price":21.816927290086262,"std_dev":1.0452905360082265,"store_count":12,"price_range":6.383957459641052,"range_pct":29.3},{"product":"TROPICANA CHERRY PRE ROLL - REDWOOD","min_price":15.76530612244898,"max_price":20.833333333333336,"avg_price":17.674145163982402,"std_dev":0.7736274658572709,"store_count":12,"price_range":5.068027210884356,"range_pct":28.7},{"product":"FLAT WHITE PRE ROLL - REDWOOD","min_price":15.1,"max_price":20.025125628140703,"avg_price":17.549536252458118,"std_dev":0.8264412821714722,"store_count":12,"price_range":4.925125628140703,"range_pct":28.1},{"product":"JOKERZ EIGHTH - REDWOOD","min_price":51.78385416666667,"max_price":68.00443043428308,"avg_price":59.466172849419394,"std_dev":3.2576371109502165,"store_count":6,"price_range":16.220576267616416,"range_pct":27.3},{"product":"STRAWBERRY MANGO HAZE PRE ROLL - REDWOOD","min_price":19.400781393051147,"max_price":25.06154221754808,"avg_price":22.121128563943337,"std_dev":0.9580228598286928,"store_count":10,"price_range":5.660760824496931,"range_pct":25.6},{"product":"FRENCH TOAST EIGHTH - REDWOOD","min_price":66.58333188011532,"max_price":85.81045911203023,"avg_price":75.98148943914002,"std_dev":3.848320250834662,"store_count":6,"price_range":19.227127231914913,"range_pct":25.3},{"product":"COCO CHANEL GRAM - REDWOOD","min_price":19.515189641638646,"max_price":25.0,"avg_price":22.526407493545122,"std_dev":0.9100458361691971,"store_count":10,"price_range":5.484810358361354,"range_pct":24.3},{"product":"UK CHEESE PRE ROLL - REDWOOD","min_price":15.20050048828125,"max_price":19.083333333333336,"avg_price":16.41365426364206,"std_dev":0.5794457891953605,"store_count":12,"price_range":3.8828328450520844,"range_pct":23.7},{"product":"JEALOUSY PRE ROLL - REDWOOD","min_price":16.684782608695652,"max_price":21.323529411764707,"avg_price":19.64860400682012,"std_dev":1.0295966306605486,"store_count":6,"price_range":4.638746803069054,"range_pct":23.6},{"product":"BUTTER CAKE PRE ROLL - REDWOOD","min_price":18.6,"max_price":23.599999999999998,"avg_price":21.573333333333334,"std_dev":0.7315979466589249,"store_count":10,"price_range":4.999999999999998,"range_pct":23.2},{"product":"LEMONCELLO EIGHTH - REDWOOD","min_price":51.3031914893617,"max_price":64.95805369127517,"avg_price":59.66960591684423,"std_dev":1.9743278153956536,"store_count":12,"price_range":13.654862201913467,"range_pct":22.9},{"product":"SWEET TEA PRE ROLL - REDWOOD","min_price":18.65,"max_price":23.222489790482953,"avg_price":20.487349699985714,"std_dev":0.799185690012012,"store_count":12,"price_range":4.572489790482955,"range_pct":22.3},{"product":"DNA CAKE EIGHTH - REDWOOD","min_price":48.68333333333333,"max_price":60.666666666666664,"avg_price":54.675,"std_dev":3.389398504487519,"store_count":4,"price_range":11.983333333333333,"range_pct":21.9},{"product":"GAS LEAK EIGHTH - REDWOOD","min_price":49.25,"max_price":61.538220551378444,"avg_price":56.546581859877215,"std_dev":1.6834036640390206,"store_count":12,"price_range":12.288220551378446,"range_pct":21.7},{"product":"SHERB CRASHER GRAM - REDWOOD","min_price":19.15625,"max_price":23.636363636363637,"avg_price":20.950757575757578,"std_dev":0.7600850488273485,"store_count":8,"price_range":4.4801136363636385,"range_pct":21.4},{"product":"GAS LEAK PRE ROLL - REDWOOD","min_price":16.499999119685246,"max_price":20.303030303030305,"avg_price":18.144481888390693,"std_dev":0.6896097252442084,"store_count":12,"price_range":3.803031183345056,"range_pct":21.0},{"product":"PLATINUM BLUE DREAM PRE ROLL - REDWOOD","min_price":16.181407525910807,"max_price":19.71650085449219,"avg_price":17.627203557422327,"std_dev":0.49077278669471647,"store_count":12,"price_range":3.5350933285813824,"range_pct":20.1},{"product":"BLACKBERRY HAZE PRE ROLL - REDWOOD","min_price":15.833333333333332,"max_price":18.981500244140626,"avg_price":16.792966715494792,"std_dev":0.5124701132427296,"store_count":10,"price_range":3.148166910807293,"range_pct":18.7},{"product":"PLATINUM BLUE DREAM GRAM - REDWOOD","min_price":18.6,"max_price":22.3,"avg_price":20.949253144654087,"std_dev":0.6772056444463972,"store_count":8,"price_range":3.699999999999999,"range_pct":17.7},{"product":"STRAWBERRY MANGO HAZE EIGHTH - REDWOOD","min_price":60.20092080550918,"max_price":71.40574953347817,"avg_price":64.56801701441218,"std_dev":1.5629501868041316,"store_count":12,"price_range":11.204828727968987,"range_pct":17.4},{"product":"SKYWALKER OG EIGHTH - REDWOOD","min_price":73.62000122070312,"max_price":87.39999825613839,"avg_price":80.50999973842076,"std_dev":3.8975717393947202,"store_count":4,"price_range":13.779997035435274,"range_pct":17.1},{"product":"TROPICANA CHERRY GRAM - REDWOOD","min_price":19.051724137931036,"max_price":22.5625,"avg_price":20.58165253371602,"std_dev":0.46961928234398864,"store_count":12,"price_range":3.5107758620689666,"range_pct":17.1}],"promotional_effectiveness":{"lift":{"fp_units_per_day":43.76,"disc_units_per_day":134.22,"lift_pct":206.8,"fp_avg_revenue_per_unit":55.875,"disc_avg_revenue_per_unit":41.775000000000006},"by_deal":[{"deal_name":"Industry - 30% Off","uses":5169,"revenue":254102.82579779625,"discounts":108970.92384696007,"units":12980.0,"cost":141407.5,"margin":44.4,"discount_depth":60.0},{"deal_name":"Lit4Less - PR - 5 for $30","uses":4335,"revenue":141680.3875029087,"discounts":96102.1124958992,"units":18919.0,"cost":71306.25,"margin":49.7,"discount_depth":80.8},{"deal_name":"Lit4Less - 1/4 for $50","uses":2819,"revenue":312415.8874964714,"discounts":92401.61250591278,"units":10017.0,"cost":105993.06450724602,"margin":66.1,"discount_depth":45.6},{"deal_name":"Redwood Family 1/4 - $50","uses":2231,"revenue":248113.97500038147,"discounts":82484.77499961853,"units":7934.0,"cost":127070.0,"margin":48.8,"discount_depth":50.0},{"deal_name":"Industry 30% Off","uses":1820,"revenue":115476.11250698566,"discounts":49667.63748764992,"units":5064.0,"cost":53467.25047469139,"margin":53.7,"discount_depth":60.2},{"deal_name":"Senior - 10% Off","uses":940,"revenue":97744.12544727325,"discounts":11185.874979496002,"units":2873.0,"cost":37789.37503576279,"margin":61.3,"discount_depth":20.6},{"deal_name":"4/20 2025 - Flower / Infused","uses":792,"revenue":40882.07499623299,"discounts":41207.924996614456,"units":2624.0,"cost":31507.5,"margin":22.9,"discount_depth":100.4},{"deal_name":"30% Off Special","uses":733,"revenue":50572.375020980835,"discounts":21742.62497663498,"units":1693.0,"cost":21743.937714099884,"margin":57.0,"discount_depth":60.2},{"deal_name":"Senior / Veterans - 20% Off","uses":462,"revenue":47833.99987697601,"discounts":12053.499969244003,"units":1560.0,"cost":20959.75004196167,"margin":56.2,"discount_depth":40.2},{"deal_name":"Jackpot - Locals 30% Off","uses":416,"revenue":39143.00001382828,"discounts":16806.9999563694,"units":1262.0,"cost":16752.875089645386,"margin":57.2,"discount_depth":60.0},{"deal_name":"Veterans - 10% Off","uses":402,"revenue":28665.037682056427,"discounts":3232.4624931812286,"units":979.0,"cost":11244.3750166893,"margin":60.8,"discount_depth":20.2},{"deal_name":"4/20 50% Off!!!!","uses":325,"revenue":18013.125,"discounts":17925.625,"units":1168.0,"cost":14260.0,"margin":20.8,"discount_depth":99.8},{"deal_name":"50% Off - G2B","uses":314,"revenue":16670.904163519543,"discounts":16737.429167429607,"units":897.3333333333334,"cost":8716.9167470932,"margin":47.7,"discount_depth":100.2},{"deal_name":"Redwood 30% Off","uses":252,"revenue":16752.000000476837,"discounts":7210.500001907349,"units":766.0,"cost":6082.750091552734,"margin":63.7,"discount_depth":60.2},{"deal_name":"Employee 30% - NOT FRIDAYS","uses":250,"revenue":13587.750005722046,"discounts":5882.249991893768,"units":602.0,"cost":7022.250018119812,"margin":48.3,"discount_depth":60.4},{"deal_name":"Redwood Family 1/4 - $50 (Cheech + Chong / Tyson / Willies)","uses":167,"revenue":21475.0,"discounts":6407.5,"units":688.0,"cost":10191.625006198883,"margin":52.5,"discount_depth":46.0},{"deal_name":"Jackpot Exclusive - 1/2 oz / Full Oz Deal","uses":164,"revenue":24592.1875,"discounts":18310.3125,"units":1015.0,"cost":10213.4377348423,"margin":58.5,"discount_depth":85.4},{"deal_name":"Employee - 40% OFF","uses":140,"revenue":9511.499992609024,"discounts":6343.500000238419,"units":476.0,"cost":5683.1250166893005,"margin":40.2,"discount_depth":80.0},{"deal_name":"LVAC - 25% Off","uses":102,"revenue":5115.9250020980835,"discounts":1705.3250002861023,"units":248.0,"cost":2346.0000133514404,"margin":54.1,"discount_depth":50.0},{"deal_name":"40% Off Flower Blowout","uses":49,"revenue":2520.0,"discounts":1680.0,"units":112.0,"cost":1127.0000219345093,"margin":55.3,"discount_depth":80.0}]},"growth_opportunities":[{"type":"distribution","title":"Expand to Elevation Downtown","detail":"Store has $208,428 in FLOWER, PRE ROLL \u2014 categories where REDWOOD competes.","priority":"high"},{"type":"sku_expansion","title":"Add 'BLACKBERRY HAZE PRE ROLL - REDWOOD' to 1 more store(s)","detail":"Carried in 5 stores. Missing from: Elevation Oasis","priority":"medium"},{"type":"sku_expansion","title":"Add 'BUBBLEGUM MARKER EIGHTH - REDWOOD' to 2 more store(s)","detail":"Carried in 4 stores. Missing from: Elevation Boulevard, Elevation Parkway","priority":"medium"},{"type":"sku_expansion","title":"Add 'BUTTER CAKE EIGHTH - REDWOOD' to 2 more store(s)","detail":"Carried in 4 stores. Missing from: Elevation Boulevard, Elevation Parkway","priority":"medium"},{"type":"sku_expansion","title":"Add 'BUTTER CAKE PRE ROLL - REDWOOD' to 1 more store(s)","detail":"Carried in 5 stores. Missing from: Elevation Parkway","priority":"medium"},{"type":"sku_expansion","title":"Add 'COCO CHANEL GRAM - REDWOOD' to 1 more store(s)","detail":"Carried in 5 stores. Missing from: Elevation Springs","priority":"medium"},{"type":"velocity","title":"Improve velocity in nan","detail":"Velocity index 0 (below category average). 0.0 units/day vs 0.0 avg.","priority":"medium"}],"trend":[{"period":"2024-01","revenue":154064.228515625,"cost":74320.0,"margin":51.8,"units":5756,"transactions":4344,"profit":79744.2236328125,"revenue_change_pct":null,"units_change_pct":null,"margin_change_pts":null},{"period":"2024-02","revenue":126004.47265625,"cost":59232.5,"margin":53.0,"units":5070,"transactions":3832,"profit":66771.9775390625,"revenue_change_pct":-18.2,"units_change_pct":-11.9,"margin_change_pts":1.2},{"period":"2024-03","revenue":122604.19921875,"cost":59377.5,"margin":51.6,"units":5214,"transactions":4046,"profit":63226.69921875,"revenue_change_pct":-2.7,"units_change_pct":2.8,"margin_change_pts":-1.4},{"period":"2024-04","revenue":86829.27734375,"cost":46140.0,"margin":46.9,"units":4168,"transactions":3072,"profit":40689.27490234375,"revenue_change_pct":-29.2,"units_change_pct":-20.1,"margin_change_pts":-4.7},{"period":"2024-05","revenue":82958.3984375,"cost":37712.5,"margin":54.5,"units":3766,"transactions":3020,"profit":45245.8984375,"revenue_change_pct":-4.5,"units_change_pct":-9.6,"margin_change_pts":7.7},{"period":"2024-06","revenue":90110.44921875,"cost":44640.0,"margin":50.5,"units":4154,"transactions":3154,"profit":45470.44921875,"revenue_change_pct":8.6,"units_change_pct":10.3,"margin_change_pts":-4.1},{"period":"2024-07","revenue":67516.1767578125,"cost":33052.5,"margin":51.0,"units":2886,"transactions":2118,"profit":34463.67431640625,"revenue_change_pct":-25.1,"units_change_pct":-30.5,"margin_change_pts":0.6},{"period":"2024-08","revenue":47744.326171875,"cost":22110.0,"margin":53.7,"units":2596,"transactions":2096,"profit":25634.326171875,"revenue_change_pct":-29.3,"units_change_pct":-10.0,"margin_change_pts":2.6},{"period":"2024-09","revenue":15139.7998046875,"cost":7455.0,"margin":50.8,"units":790,"transactions":636,"profit":7684.7998046875,"revenue_change_pct":-68.3,"units_change_pct":-69.6,"margin_change_pts":-2.9},{"period":"2025-01","revenue":19554.25048828125,"cost":9607.5,"margin":50.9,"units":672,"transactions":502,"profit":9946.749877929688,"revenue_change_pct":29.2,"units_change_pct":-14.9,"margin_change_pts":0.1},{"period":"2025-02","revenue":91521.298828125,"cost":43695.0,"margin":52.3,"units":3402,"transactions":2546,"profit":47826.298828125,"revenue_change_pct":368.0,"units_change_pct":406.2,"margin_change_pts":1.4},{"period":"2025-03","revenue":140531.552734375,"cost":66650.0,"margin":52.6,"units":5454,"transactions":4090,"profit":73881.5478515625,"revenue_change_pct":53.6,"units_change_pct":60.3,"margin_change_pts":0.3},{"period":"2025-04","revenue":184244.82421875,"cost":100302.5,"margin":45.6,"units":7848,"transactions":5286,"profit":83942.32421875,"revenue_change_pct":31.1,"units_change_pct":43.9,"margin_change_pts":-7.0},{"period":"2025-05","revenue":189051.77734375,"cost":87845.0,"margin":53.5,"units":6948,"transactions":4866,"profit":101206.77734375,"revenue_change_pct":2.6,"units_change_pct":-11.5,"margin_change_pts":8.0},{"period":"2025-06","revenue":121731.396484375,"cost":56355.0,"margin":53.7,"units":4600,"transactions":3154,"profit":65376.4013671875,"revenue_change_pct":-35.6,"units_change_pct":-33.8,"margin_change_pts":0.2},{"period":"2025-07","revenue":159613.896484375,"cost":61096.6259765625,"margin":61.7,"units":6912,"transactions":4484,"profit":98517.275390625,"revenue_change_pct":31.1,"units_change_pct":50.3,"margin_change_pts":8.0},{"period":"2025-08","revenue":229848.828125,"cost":84701.875,"margin":63.1,"units":10624,"transactions":6268,"profit":145146.953125,"revenue_change_pct":44.0,"units_change_pct":53.7,"margin_change_pts":1.4},{"period":"2025-09","revenue":132208.154296875,"cost":48562.8759765625,"margin":63.3,"units":6900,"transactions":4126,"profit":83645.2734375,"revenue_change_pct":-42.5,"units_change_pct":-35.1,"margin_change_pts":0.1},{"period":"2025-10","revenue":108020.8203125,"cost":35827.5,"margin":66.8,"units":4148,"transactions":2660,"profit":72193.3251953125,"revenue_change_pct":-18.3,"units_change_pct":-39.9,"margin_change_pts":3.6},{"period":"2025-11","revenue":118231.552734375,"cost":45884.1259765625,"margin":61.2,"units":6968,"transactions":3860,"profit":72347.4267578125,"revenue_change_pct":9.5,"units_change_pct":68.0,"margin_change_pts":-5.6},{"period":"2025-12","revenue":116660.8984375,"cost":42673.876953125,"margin":63.4,"units":6908,"transactions":4060,"profit":73987.0263671875,"revenue_change_pct":-1.3,"units_change_pct":-0.9,"margin_change_pts":2.2},{"period":"2026-01","revenue":92239.00390625,"cost":33515.12451171875,"margin":63.7,"units":4658,"transactions":2874,"profit":58723.876953125,"revenue_change_pct":-20.9,"units_change_pct":-32.6,"margin_change_pts":0.2}]}