{"brand":"REDWOOD","date_range":"2024-01-01 00:00:00 to 2026-01-31 00:00:00","period_label":"All Time","summary":{"total_units":110442,"total_revenue":2496429.6875,"total_cost":1100757.03125,"total_discounts":723377.890625,"total_profit":1395672.5,"overall_margin":55.900001525878906,"fp_margin":64.19999694824219,"disc_margin":52.29999923706055,"pct_full_price":30.0,"avg_discount_rate":22.5,"fp_revenue":749353.75,"disc_revenue":1747075.78125,"unique_customers":41040,"brand":"REDWOOD","date_range":"2024-01-01 00:00:00 to 2026-01-31 00:00:00","months_count":44,"avg_monthly_cost":50034.399999999994,"cost_per_unit":19.925,"primary_category":"FLOWER","primary_cat_margin":54.099998474121094,"category_rank":11,"category_total":64,"margin_vs_category":1.7999999523162842,"velocity_rank":10},"category_breakdown":[{"category_clean":"FLOWER","units":70836,"revenue":2120017.03125,"cost":931374.53125,"profit":1188642.578125,"discounts":583330.4296875,"margin":56.099998474121094,"category_avg_margin":54.099998474121094,"vs_category":2.0,"rank":11.0,"total_brands":64.0},{"category_clean":"PRE ROLL","units":39584,"revenue":374432.5390625,"cost":168695.0,"profit":205737.51953125,"discounts":139827.470703125,"margin":54.900001525878906,"category_avg_margin":48.29999923706055,"vs_category":6.6,"rank":11.0,"total_brands":46.0}],"trend":[{"period":"2024-01","revenue":154064.228515625,"cost":74320.0,"margin":51.8,"units":5756,"transactions":4344,"profit":79744.2236328125,"revenue_change_pct":null,"units_change_pct":null,"margin_change_pts":null},{"period":"2024-02","revenue":126004.47265625,"cost":59232.5,"margin":53.0,"units":5070,"transactions":3832,"profit":66771.9775390625,"revenue_change_pct":-18.2,"units_change_pct":-11.9,"margin_change_pts":1.2},{"period":"2024-03","revenue":122604.19921875,"cost":59377.5,"margin":51.6,"units":5214,"transactions":4046,"profit":63226.69921875,"revenue_change_pct":-2.7,"units_change_pct":2.8,"margin_change_pts":-1.4},{"period":"2024-04","revenue":86829.27734375,"cost":46140.0,"margin":46.9,"units":4168,"transactions":3072,"profit":40689.27490234375,"revenue_change_pct":-29.2,"units_change_pct":-20.1,"margin_change_pts":-4.7},{"period":"2024-05","revenue":82958.3984375,"cost":37712.5,"margin":54.5,"units":3766,"transactions":3020,"profit":45245.8984375,"revenue_change_pct":-4.5,"units_change_pct":-9.6,"margin_change_pts":7.7},{"period":"2024-06","revenue":90110.44921875,"cost":44640.0,"margin":50.5,"units":4154,"transactions":3154,"profit":45470.44921875,"revenue_change_pct":8.6,"units_change_pct":10.3,"margin_change_pts":-4.1},{"period":"2024-07","revenue":67516.1767578125,"cost":33052.5,"margin":51.0,"units":2886,"transactions":2118,"profit":34463.67431640625,"revenue_change_pct":-25.1,"units_change_pct":-30.5,"margin_change_pts":0.6},{"period":"2024-08","revenue":47744.326171875,"cost":22110.0,"margin":53.7,"units":2596,"transactions":2096,"profit":25634.326171875,"revenue_change_pct":-29.3,"units_change_pct":-10.0,"margin_change_pts":2.6},{"period":"2024-09","revenue":15139.7998046875,"cost":7455.0,"margin":50.8,"units":790,"transactions":636,"profit":7684.7998046875,"revenue_change_pct":-68.3,"units_change_pct":-69.6,"margin_change_pts":-2.9},{"period":"2025-01","revenue":19554.25048828125,"cost":9607.5,"margin":50.9,"units":672,"transactions":502,"profit":9946.749877929688,"revenue_change_pct":29.2,"units_change_pct":-14.9,"margin_change_pts":0.1},{"period":"2025-02","revenue":91521.298828125,"cost":43695.0,"margin":52.3,"units":3402,"transactions":2546,"profit":47826.298828125,"revenue_change_pct":368.0,"units_change_pct":406.2,"margin_change_pts":1.4},{"period":"2025-03","revenue":140531.552734375,"cost":66650.0,"margin":52.6,"units":5454,"transactions":4090,"profit":73881.5478515625,"revenue_change_pct":53.6,"units_change_pct":60.3,"margin_change_pts":0.3},{"period":"2025-04","revenue":184244.82421875,"cost":100302.5,"margin":45.6,"units":7848,"transactions":5286,"profit":83942.32421875,"revenue_change_pct":31.1,"units_change_pct":43.9,"margin_change_pts":-7.0},{"period":"2025-05","revenue":189051.77734375,"cost":87845.0,"margin":53.5,"units":6948,"transactions":4866,"profit":101206.77734375,"revenue_change_pct":2.6,"units_change_pct":-11.5,"margin_change_pts":8.0},{"period":"2025-06","revenue":121731.396484375,"cost":56355.0,"margin":53.7,"units":4600,"transactions":3154,"profit":65376.4013671875,"revenue_change_pct":-35.6,"units_change_pct":-33.8,"margin_change_pts":0.2},{"period":"2025-07","revenue":159613.896484375,"cost":61096.6259765625,"margin":61.7,"units":6912,"transactions":4484,"profit":98517.275390625,"revenue_change_pct":31.1,"units_change_pct":50.3,"margin_change_pts":8.0},{"period":"2025-08","revenue":229848.828125,"cost":84701.875,"margin":63.1,"units":10624,"transactions":6268,"profit":145146.953125,"revenue_change_pct":44.0,"units_change_pct":53.7,"margin_change_pts":1.4},{"period":"2025-09","revenue":132208.154296875,"cost":48562.8759765625,"margin":63.3,"units":6900,"transactions":4126,"profit":83645.2734375,"revenue_change_pct":-42.5,"units_change_pct":-35.1,"margin_change_pts":0.1},{"period":"2025-10","revenue":108020.8203125,"cost":35827.5,"margin":66.8,"units":4148,"transactions":2660,"profit":72193.3251953125,"revenue_change_pct":-18.3,"units_change_pct":-39.9,"margin_change_pts":3.6},{"period":"2025-11","revenue":118231.552734375,"cost":45884.1259765625,"margin":61.2,"units":6968,"transactions":3860,"profit":72347.4267578125,"revenue_change_pct":9.5,"units_change_pct":68.0,"margin_change_pts":-5.6},{"period":"2025-12","revenue":116660.8984375,"cost":42673.876953125,"margin":63.4,"units":6908,"transactions":4060,"profit":73987.0263671875,"revenue_change_pct":-1.3,"units_change_pct":-0.9,"margin_change_pts":2.2},{"period":"2026-01","revenue":92239.00390625,"cost":33515.12451171875,"margin":63.7,"units":4658,"transactions":2874,"profit":58723.876953125,"revenue_change_pct":-20.9,"units_change_pct":-32.6,"margin_change_pts":0.2}],"share_of_category":[{"category":"FLOWER","brand_revenue":2120017.03125,"category_revenue":77755450.0,"revenue_share_pct":2.700000047683716,"brand_units":70836,"category_units":2708446,"units_share_pct":2.6},{"category":"PRE ROLL","brand_revenue":374432.5,"category_revenue":14009791.25,"revenue_share_pct":2.700000047683716,"brand_units":39584,"category_units":1485736,"units_share_pct":2.7},{"category":0.0,"brand_revenue":0.0,"category_revenue":0.0,"revenue_share_pct":0.0,"brand_units":0,"category_units":0,"units_share_pct":0.0}],"share_of_category_trend":{"FLOWER":[{"period":"2024-01","brand_revenue":140507.724609375,"category_revenue":3552357.8125,"share_pct":4.0},{"period":"2024-02","brand_revenue":109030.9765625,"category_revenue":3535245.625,"share_pct":3.0999999046325684},{"period":"2024-03","brand_revenue":107810.400390625,"category_revenue":3693805.625,"share_pct":2.9000000953674316},{"period":"2024-04","brand_revenue":75154.775390625,"category_revenue":3541899.6875,"share_pct":2.0999999046325684},{"period":"2024-05","brand_revenue":69472.5732421875,"category_revenue":3537479.375,"share_pct":2.0},{"period":"2024-06","brand_revenue":77302.451171875,"category_revenue":3403269.6875,"share_pct":2.299999952316284},{"period":"2024-07","brand_revenue":57428.0517578125,"category_revenue":3457705.9375,"share_pct":1.7000000476837158},{"period":"2024-08","brand_revenue":41699.326171875,"category_revenue":3453819.375,"share_pct":1.2000000476837158},{"period":"2024-09","brand_revenue":14242.80029296875,"category_revenue":3316441.5625,"share_pct":0.4000000059604645},{"period":"2024-10","brand_revenue":0.0,"category_revenue":3585775.0,"share_pct":0.0},{"period":"2024-11","brand_revenue":0.0,"category_revenue":3454855.3125,"share_pct":0.0},{"period":"2024-12","brand_revenue":0.0,"category_revenue":3226567.8125,"share_pct":0.0},{"period":"2025-01","brand_revenue":19116.75048828125,"category_revenue":2984938.125,"share_pct":0.6000000238418579},{"period":"2025-02","brand_revenue":84436.728515625,"category_revenue":2816220.0,"share_pct":3.0},{"period":"2025-03","brand_revenue":126047.3046875,"category_revenue":2911379.6875,"share_pct":4.300000190734863},{"period":"2025-04","brand_revenue":170214.31640625,"category_revenue":3118895.3125,"share_pct":5.5},{"period":"2025-05","brand_revenue":172978.02734375,"category_revenue":2887345.0,"share_pct":6.0},{"period":"2025-06","brand_revenue":109660.37109375,"category_revenue":2773698.125,"share_pct":4.0},{"period":"2025-07","brand_revenue":139234.8046875,"category_revenue":2782763.125,"share_pct":5.0},{"period":"2025-08","brand_revenue":188987.734375,"category_revenue":2733122.8125,"share_pct":6.900000095367432},{"period":"2025-09","brand_revenue":97983.720703125,"category_revenue":2603501.5625,"share_pct":3.799999952316284},{"period":"2025-10","brand_revenue":91262.94921875,"category_revenue":2663705.0,"share_pct":3.4000000953674316},{"period":"2025-11","brand_revenue":80072.2509765625,"category_revenue":2700189.0625,"share_pct":3.0},{"period":"2025-12","brand_revenue":77271.6259765625,"category_revenue":2515209.53125,"share_pct":3.0999999046325684},{"period":"2026-01","brand_revenue":70101.4013671875,"category_revenue":2505261.875,"share_pct":2.799999952316284}],"PRE ROLL":[{"period":"2024-01","brand_revenue":13556.500244140625,"category_revenue":508338.515625,"share_pct":2.700000047683716},{"period":"2024-02","brand_revenue":16973.499755859375,"category_revenue":489393.671875,"share_pct":3.5},{"period":"2024-03","brand_revenue":14793.800048828125,"category_revenue":520052.3828125,"share_pct":2.799999952316284},{"period":"2024-04","brand_revenue":11674.49951171875,"category_revenue":491300.6640625,"share_pct":2.4000000953674316},{"period":"2024-05","brand_revenue":13485.8251953125,"category_revenue":542202.890625,"share_pct":2.5},{"period":"2024-06","brand_revenue":12808.00048828125,"category_revenue":507288.8671875,"share_pct":2.5},{"period":"2024-07","brand_revenue":10088.125,"category_revenue":524250.9765625,"share_pct":1.899999976158142},{"period":"2024-08","brand_revenue":6045.0,"category_revenue":612518.7109375,"share_pct":1.0},{"period":"2024-09","brand_revenue":896.9999694824219,"category_revenue":586543.0078125,"share_pct":0.20000000298023224},{"period":"2024-10","brand_revenue":0.0,"category_revenue":641449.1796875,"share_pct":0.0},{"period":"2024-11","brand_revenue":0.0,"category_revenue":579866.71875,"share_pct":0.0},{"period":"2024-12","brand_revenue":0.0,"category_revenue":582999.5703125,"share_pct":0.0},{"period":"2025-01","brand_revenue":437.5,"category_revenue":544095.3125,"share_pct":0.10000000149011612},{"period":"2025-02","brand_revenue":7084.5751953125,"category_revenue":500875.5859375,"share_pct":1.399999976158142},{"period":"2025-03","brand_revenue":14484.25048828125,"category_revenue":551422.0703125,"share_pct":2.5999999046325684},{"period":"2025-04","brand_revenue":14030.50048828125,"category_revenue":568189.375,"share_pct":2.5},{"period":"2025-05","brand_revenue":16073.75,"category_revenue":565516.875,"share_pct":2.799999952316284},{"period":"2025-06","brand_revenue":12071.025390625,"category_revenue":560506.71875,"share_pct":2.200000047683716},{"period":"2025-07","brand_revenue":20379.100341796875,"category_revenue":600916.09375,"share_pct":3.4000000953674316},{"period":"2025-08","brand_revenue":38881.10107421875,"category_revenue":620247.5,"share_pct":6.300000190734863},{"period":"2025-09","brand_revenue":34224.423828125,"category_revenue":608971.09375,"share_pct":5.599999904632568},{"period":"2025-10","brand_revenue":16757.874755859375,"category_revenue":645293.1640625,"share_pct":2.5999999046325684},{"period":"2025-11","brand_revenue":38159.29931640625,"category_revenue":581113.4765625,"share_pct":6.599999904632568},{"period":"2025-12","brand_revenue":39389.27490234375,"category_revenue":553088.5546875,"share_pct":7.099999904632568},{"period":"2026-01","brand_revenue":22137.60009765625,"category_revenue":523350.9375,"share_pct":4.199999809265137}]},"discount_depth":[{"tier":"0% (Full Price)","transactions":24010,"pct_of_transactions":27.1,"revenue":749353.75,"avg_discount":0.0},{"tier":"1-10%","transactions":3962,"pct_of_transactions":4.5,"revenue":165797.7734375,"avg_discount":19.799999237060547},{"tier":"11-20%","transactions":9568,"pct_of_transactions":10.8,"revenue":385443.90625,"avg_discount":34.599998474121094},{"tier":"21-30%","transactions":8948,"pct_of_transactions":10.1,"revenue":333426.484375,"avg_discount":57.599998474121094},{"tier":"31%+","transactions":22948,"pct_of_transactions":25.9,"revenue":399997.265625,"avg_discount":83.5999984741211}],"velocity":{"units_per_day":144.94,"revenue_per_day":3276.14990234375,"avg_units_per_txn":2.94,"days_of_data":762,"total_units":110442,"total_transactions":75094},"velocity_by_category":[{"category":"FLOWER","brand_units_per_day":92.96,"category_avg_units_per_day":55.54,"velocity_index":167.4,"brand_rev_per_unit":23.94,"category_rev_per_unit":22.97,"brands_in_category":64},{"category":"PRE ROLL","brand_units_per_day":51.94,"category_avg_units_per_day":42.38,"velocity_index":122.6,"brand_rev_per_unit":7.57,"category_rev_per_unit":7.54,"brands_in_category":46},{"category":0.0,"brand_units_per_day":0.0,"category_avg_units_per_day":0,"velocity_index":0,"brand_rev_per_unit":0.0,"category_rev_per_unit":0.0,"brands_in_category":0}],"deals":[{"deal_name":"Industry - 30% Off","times_used":10338,"units":12980.0,"revenue":254102.82579779625,"discounts":108970.92384696007,"cost":141407.5,"profit":112695.32615453005,"pre_discount_revenue":363073.75,"margin":44.4,"avg_discount":60.0},{"deal_name":"Lit4Less - PR - 5 for $30","times_used":8670,"units":18919.0,"revenue":141680.3875029087,"discounts":96102.1124958992,"cost":71306.25,"profit":70374.13749886677,"pre_discount_revenue":237782.5,"margin":49.7,"avg_discount":80.8},{"deal_name":"Lit4Less - 1/4 for $50","times_used":5638,"units":10017.0,"revenue":312415.8874964714,"discounts":92401.61250591278,"cost":105993.06450724602,"profit":206422.83300051466,"pre_discount_revenue":404817.5,"margin":66.1,"avg_discount":45.6},{"deal_name":"Redwood Family 1/4 - $50","times_used":4462,"units":7934.0,"revenue":248113.97500038147,"discounts":82484.77499961853,"cost":127070.0,"profit":121043.97500038147,"pre_discount_revenue":330598.75,"margin":48.8,"avg_discount":50.0},{"deal_name":"Industry 30% Off","times_used":3640,"units":5064.0,"revenue":115476.11250698566,"discounts":49667.63748764992,"cost":53467.25047469139,"profit":62008.862136006355,"pre_discount_revenue":165143.75,"margin":53.7,"avg_discount":60.2},{"deal_name":"Senior - 10% Off","times_used":1880,"units":2873.0,"revenue":97744.12544727325,"discounts":11185.874979496002,"cost":37789.37503576279,"profit":59954.750564694405,"pre_discount_revenue":108930.0,"margin":61.3,"avg_discount":20.6},{"deal_name":"4/20 2025 - Flower / Infused","times_used":1584,"units":2624.0,"revenue":40882.07499623299,"discounts":41207.924996614456,"cost":31507.5,"profit":9374.575000405312,"pre_discount_revenue":82090.0,"margin":22.9,"avg_discount":100.4},{"deal_name":"30% Off Special","times_used":1466,"units":1693.0,"revenue":50572.375020980835,"discounts":21742.62497663498,"cost":21743.937714099884,"profit":28828.437435626984,"pre_discount_revenue":72315.0,"margin":57.0,"avg_discount":60.2},{"deal_name":"Senior / Veterans - 20% Off","times_used":924,"units":1560.0,"revenue":47833.99987697601,"discounts":12053.499969244003,"cost":20959.75004196167,"profit":26874.249839782715,"pre_discount_revenue":59887.5,"margin":56.2,"avg_discount":40.2},{"deal_name":"Jackpot - Locals 30% Off","times_used":832,"units":1262.0,"revenue":39143.00001382828,"discounts":16806.9999563694,"cost":16752.875089645386,"profit":22390.12534201145,"pre_discount_revenue":55950.0,"margin":57.2,"avg_discount":60.0},{"deal_name":"Veterans - 10% Off","times_used":804,"units":979.0,"revenue":28665.037682056427,"discounts":3232.4624931812286,"cost":11244.3750166893,"profit":17420.66274166107,"pre_discount_revenue":31897.5,"margin":60.8,"avg_discount":20.2},{"deal_name":"4/20 50% Off!!!!","times_used":650,"units":1168.0,"revenue":18013.125,"discounts":17925.625,"cost":14260.0,"profit":3753.125,"pre_discount_revenue":35938.75,"margin":20.8,"avg_discount":99.8},{"deal_name":"50% Off - G2B","times_used":628,"units":897.3333333333334,"revenue":16670.904163519543,"discounts":16737.429167429607,"cost":8716.9167470932,"profit":7953.987419704596,"pre_discount_revenue":33408.333333333336,"margin":47.7,"avg_discount":100.2},{"deal_name":"Redwood 30% Off","times_used":504,"units":766.0,"revenue":16752.000000476837,"discounts":7210.500001907349,"cost":6082.750091552734,"profit":10669.25018787384,"pre_discount_revenue":23962.5,"margin":63.7,"avg_discount":60.2},{"deal_name":"Employee 30% - NOT FRIDAYS","times_used":500,"units":602.0,"revenue":13587.750005722046,"discounts":5882.249991893768,"cost":7022.250018119812,"profit":6565.50000667572,"pre_discount_revenue":19470.0,"margin":48.3,"avg_discount":60.4},{"deal_name":"Redwood Family 1/4 - $50 (Cheech + Chong / Tyson / Willies)","times_used":334,"units":688.0,"revenue":21475.0,"discounts":6407.5,"cost":10191.625006198883,"profit":11283.375024795532,"pre_discount_revenue":27882.5,"margin":52.5,"avg_discount":46.0},{"deal_name":"Jackpot Exclusive - 1/2 oz / Full Oz Deal","times_used":328,"units":1015.0,"revenue":24592.1875,"discounts":18310.3125,"cost":10213.4377348423,"profit":14378.749750852585,"pre_discount_revenue":42902.5,"margin":58.5,"avg_discount":85.4},{"deal_name":"Employee - 40% OFF","times_used":280,"units":476.0,"revenue":9511.499992609024,"discounts":6343.500000238419,"cost":5683.1250166893005,"profit":3828.3749800920486,"pre_discount_revenue":15855.0,"margin":40.2,"avg_discount":80.0},{"deal_name":"LVAC - 25% Off","times_used":204,"units":248.0,"revenue":5115.9250020980835,"discounts":1705.3250002861023,"cost":2346.0000133514404,"profit":2769.9249863624573,"pre_discount_revenue":6821.25,"margin":54.1,"avg_discount":50.0},{"deal_name":"40% Off Flower Blowout","times_used":98,"units":112.0,"revenue":2520.0,"discounts":1680.0,"cost":1127.0000219345093,"profit":1392.9999780654907,"pre_discount_revenue":4200.0,"margin":55.3,"avg_discount":80.0},{"deal_name":"Sammy - Blowout Flower","times_used":50,"units":52.0,"revenue":1267.5,"discounts":682.5,"cost":780.0,"profit":487.5,"pre_discount_revenue":1950.0,"margin":38.5,"avg_discount":70.0},{"deal_name":"Store Credit - $15","times_used":46,"units":46.333333333333336,"revenue":461.5916655460993,"discounts":439.2416659990946,"cost":256.6041696071625,"profit":204.98749936620396,"pre_discount_revenue":900.8333333333333,"margin":44.4,"avg_discount":97.6},{"deal_name":"40% Off Special","times_used":44,"units":76.0,"revenue":2872.5,"discounts":1915.0,"cost":1146.1250138282776,"profit":1726.3749861717224,"pre_discount_revenue":4787.5,"margin":60.1,"avg_discount":80.0},{"deal_name":"Sunset Flower - Cactus","times_used":36,"units":50.0,"revenue":1037.5,"discounts":837.5,"cost":750.0,"profit":287.5,"pre_discount_revenue":1875.0,"margin":27.7,"avg_discount":89.4},{"deal_name":"Store Credit - $25","times_used":36,"units":45.0,"revenue":1304.3375027179718,"discounts":463.16250026226044,"cost":465.0000047683716,"profit":839.3375042639673,"pre_discount_revenue":1767.5,"margin":64.3,"avg_discount":52.4},{"deal_name":"Reno - Early Bird - Senior / Veterans - 20%","times_used":24,"units":42.0,"revenue":875.0,"discounts":250.0,"cost":309.0000057220459,"profit":565.9999942779541,"pre_discount_revenue":1125.0,"margin":64.7,"avg_discount":44.4},{"deal_name":"5 FOR $40 Mix N Match Pre Roll","times_used":16,"units":40.0,"revenue":400.0,"discounts":200.0,"cost":250.0,"profit":150.0,"pre_discount_revenue":600.0,"margin":37.5,"avg_discount":66.6},{"deal_name":"Medical - 10%","times_used":14,"units":14.0,"revenue":367.5,"discounts":57.5,"cost":135.37500143051147,"profit":232.1250033378601,"pre_discount_revenue":425.0,"margin":63.2,"avg_discount":27.0},{"deal_name":"Store Credit - $50","times_used":12,"units":10.0,"revenue":161.8750023841858,"discounts":163.125,"cost":88.00000190734863,"profit":73.87499809265137,"pre_discount_revenue":325.0,"margin":45.6,"avg_discount":100.4},{"deal_name":"$45 Mix N Match Quarters","times_used":10,"units":14.0,"revenue":356.25,"discounts":168.75,"cost":245.0,"profit":111.25,"pre_discount_revenue":525.0,"margin":31.2,"avg_discount":64.2},{"deal_name":"Sammy Davis Early Bird - 15% Off","times_used":8,"units":10.0,"revenue":106.25,"discounts":18.75,"cost":37.5,"profit":68.75,"pre_discount_revenue":125.0,"margin":64.7,"avg_discount":30.0},{"deal_name":"Senior Sunday - RENO ONLY - 20% Off","times_used":8,"units":22.0,"revenue":660.0,"discounts":165.0,"cost":290.49999952316284,"profit":369.4999957084656,"pre_discount_revenue":825.0,"margin":56.0,"avg_discount":40.0},{"deal_name":"Store Credit - $100","times_used":8,"units":13.0,"revenue":193.06250035762787,"discounts":294.4374990463257,"cost":130.81250309944153,"profit":62.24999764934182,"pre_discount_revenue":487.5,"margin":32.2,"avg_discount":120.8},{"deal_name":"Store Credit - $75","times_used":8,"units":8.333333333333332,"revenue":253.75416437784827,"discounts":248.329168955485,"cost":126.229168176651,"profit":127.52499888340634,"pre_discount_revenue":502.08333333333326,"margin":50.3,"avg_discount":99.0},{"deal_name":"4 for $35 Pre Rolls","times_used":4,"units":8.0,"revenue":87.5,"discounts":32.5,"cost":50.0,"profit":37.5,"pre_discount_revenue":120.0,"margin":42.9,"avg_discount":54.2},{"deal_name":"Flower Special - $35 7G / $60 14G","times_used":4,"units":6.0,"revenue":112.5,"discounts":112.5,"cost":60.375001430511475,"profit":52.124998569488525,"pre_discount_revenue":225.0,"margin":46.3,"avg_discount":100.0},{"deal_name":"4 for $30 Pre Rolls","times_used":2,"units":8.0,"revenue":75.0,"discounts":45.0,"cost":50.0,"profit":25.0,"pre_discount_revenue":120.0,"margin":33.3,"avg_discount":75.0},{"deal_name":"35% Off Special","times_used":2,"units":2.0,"revenue":48.75,"discounts":26.25,"cost":20.125000476837158,"profit":28.624999523162842,"pre_discount_revenue":75.0,"margin":58.7,"avg_discount":70.0},{"deal_name":"Senior Sunday - SAHARA ONLY - 20% Off","times_used":2,"units":2.0,"revenue":60.0,"discounts":15.0,"cost":30.0,"profit":30.0,"pre_discount_revenue":75.0,"margin":50.0,"avg_discount":40.0},{"deal_name":"$45 Quarters - RW Brands","times_used":2,"units":2.0,"revenue":56.25,"discounts":18.75,"cost":35.0,"profit":21.25,"pre_discount_revenue":75.0,"margin":37.8,"avg_discount":50.0},{"deal_name":"Store Credit - $150","times_used":2,"units":4.0,"revenue":101.5625,"discounts":48.4375,"cost":40.250000953674316,"profit":61.312499046325684,"pre_discount_revenue":150.0,"margin":60.4,"avg_discount":64.6}],"top_products":[{"product":"SWEET TEA EIGHTH - REDWOOD","units":6860,"revenue":246563.02734375,"cost":109801.62109375,"profit":136761.396484375,"transactions":5148,"margin":55.5},{"product":"STRAWBERRY MANGO HAZE EIGHTH - REDWOOD","units":6316,"revenue":204440.1171875,"cost":91787.998046875,"profit":112652.12890625,"transactions":5142,"margin":55.099998474121094},{"product":"UK CHEESE EIGHTH - REDWOOD","units":4774,"revenue":152115.625,"cost":70177.8759765625,"profit":81937.75390625,"transactions":3688,"margin":53.900001525878906},{"product":"TANGERINE SKUNK EIGHTH - REDWOOD","units":3988,"revenue":119326.201171875,"cost":53036.0009765625,"profit":66290.2001953125,"transactions":3026,"margin":55.599998474121094},{"product":"GAS LEAK EIGHTH - REDWOOD","units":3198,"revenue":91987.75390625,"cost":42025.2490234375,"profit":49962.5,"transactions":2612,"margin":54.29999923706055},{"product":"JEALOUSY EIGHTH - REDWOOD","units":2852,"revenue":87683.623046875,"cost":39817.5,"profit":47866.123046875,"transactions":2270,"margin":54.599998474121094},{"product":"SUNSHINE DAYDREAM EIGHTH - REDWOOD","units":2798,"revenue":85837.646484375,"cost":41086.25,"profit":44751.4013671875,"transactions":2278,"margin":52.099998474121094},{"product":"TROPICANA CHERRY EIGHTH - REDWOOD","units":2642,"revenue":85797.87109375,"cost":40638.125,"profit":45159.7509765625,"transactions":2176,"margin":52.599998474121094},{"product":"COCO CHANEL EIGHTH - REDWOOD","units":2760,"revenue":84679.00390625,"cost":38664.375,"profit":46014.6240234375,"transactions":2180,"margin":54.29999923706055},{"product":"PLATINUM STRAWBERRIES EIGHTH - REDWOOD","units":2590,"revenue":79484.5263671875,"cost":31575.74951171875,"profit":47908.7744140625,"transactions":2040,"margin":60.29999923706055},{"product":"BANANA PIE EIGHTH - REDWOOD","units":2570,"revenue":74147.2021484375,"cost":34392.62451171875,"profit":39754.5751953125,"transactions":2170,"margin":53.599998474121094},{"product":"FLAT WHITE EIGHTH - REDWOOD","units":2330,"revenue":72949.0478515625,"cost":34653.75,"profit":38295.30029296875,"transactions":1948,"margin":52.5},{"product":"PLATINUM STRAWBERRIES PRE ROLL - REDWOOD","units":6522,"revenue":70550.0,"cost":32197.5,"profit":38352.5,"transactions":5126,"margin":54.400001525878906},{"product":"WINGSUIT EIGHTH - REDWOOD","units":1924,"revenue":60985.4248046875,"cost":25805.0,"profit":35180.4248046875,"transactions":1590,"margin":57.70000076293945},{"product":"PLATINUM BLUE DREAM EIGHTH - REDWOOD","units":1698,"revenue":58762.373046875,"cost":24999.6240234375,"profit":33762.75146484375,"transactions":1294,"margin":57.5},{"product":"MONKEY BREAD EIGHTH - REDWOOD","units":1626,"revenue":54771.748046875,"cost":24976.875,"profit":29794.87548828125,"transactions":1368,"margin":54.400001525878906},{"product":"WATERMELON GELATTI EIGHTH - REDWOOD","units":1554,"revenue":47845.126953125,"cost":21315.2490234375,"profit":26529.87548828125,"transactions":1310,"margin":55.400001525878906},{"product":"CHEM SORBET EIGHTH - REDWOOD","units":1466,"revenue":43226.376953125,"cost":18198.00048828125,"profit":25028.3740234375,"transactions":1226,"margin":57.900001525878906},{"product":"COCO CHANEL PRE ROLL - REDWOOD","units":3220,"revenue":36566.8505859375,"cost":18250.0,"profit":18316.8505859375,"transactions":2628,"margin":50.099998474121094},{"product":"LEMONCELLO EIGHTH - REDWOOD","units":1194,"revenue":36442.77587890625,"cost":15668.375244140625,"profit":20774.3994140625,"transactions":1008,"margin":57.0},{"product":"SWEET TEA PRE ROLL - REDWOOD","units":3532,"revenue":36330.400390625,"cost":16440.0,"profit":19890.400390625,"transactions":2704,"margin":54.70000076293945},{"product":"BLACKBERRY HAZE EIGHTH - REDWOOD","units":1072,"revenue":32960.70068359375,"cost":10787.000732421875,"profit":22173.701171875,"transactions":824,"margin":67.30000305175781},{"product":"SWEET TEA GRAM - REDWOOD","units":3138,"revenue":32555.0,"cost":15690.0,"profit":16865.0,"transactions":2646,"margin":51.79999923706055},{"product":"GELATO BOUQUET HALF OUNCE - REDWOOD","units":264,"revenue":30004.150390625,"cost":8250.0,"profit":21754.150390625,"transactions":236,"margin":72.5},{"product":"JOKERZ EIGHTH - REDWOOD","units":828,"revenue":23752.4755859375,"cost":14490.0,"profit":9262.474975585938,"transactions":654,"margin":39.0}],"products_by_store":{"Elevation Springs":[{"product":"SWEET TEA EIGHTH - REDWOOD","units":1560,"revenue":56110.2978515625,"cost":26206.25,"profit":29904.05029296875,"transactions":1224,"margin":53.29999923706055},{"product":"STRAWBERRY MANGO HAZE EIGHTH - REDWOOD","units":1198,"revenue":36060.34912109375,"cost":18319.375,"profit":17740.975341796875,"transactions":1024,"margin":49.20000076293945},{"product":"UK CHEESE EIGHTH - REDWOOD","units":1110,"revenue":35105.12451171875,"cost":17167.37548828125,"profit":17937.750244140625,"transactions":980,"margin":51.099998474121094},{"product":"TROPICANA CHERRY EIGHTH - REDWOOD","units":842,"revenue":26628.5009765625,"cost":12622.5,"profit":14005.999755859375,"transactions":746,"margin":52.599998474121094},{"product":"COCO CHANEL EIGHTH - REDWOOD","units":776,"revenue":24056.75048828125,"cost":11357.5,"profit":12699.25048828125,"transactions":670,"margin":52.79999923706055},{"product":"GAS LEAK EIGHTH - REDWOOD","units":774,"revenue":21264.49951171875,"cost":10266.99951171875,"profit":10997.5,"transactions":728,"margin":51.70000076293945},{"product":"SUNSHINE DAYDREAM EIGHTH - REDWOOD","units":648,"revenue":20586.4990234375,"cost":9721.25,"profit":10865.250244140625,"transactions":576,"margin":52.79999923706055},{"product":"PLATINUM BLUE DREAM EIGHTH - REDWOOD","units":538,"revenue":19128.24951171875,"cost":7644.8748779296875,"profit":11483.375244140625,"transactions":442,"margin":60.0},{"product":"TANGERINE SKUNK EIGHTH - REDWOOD","units":620,"revenue":18801.500244140625,"cost":8991.25,"profit":9810.250244140625,"transactions":540,"margin":52.20000076293945},{"product":"JEALOUSY EIGHTH - REDWOOD","units":602,"revenue":18331.25,"cost":8536.25,"profit":9795.0,"transactions":542,"margin":53.400001525878906},{"product":"WINGSUIT EIGHTH - REDWOOD","units":550,"revenue":17945.0,"cost":8503.125,"profit":9441.875,"transactions":498,"margin":52.599998474121094},{"product":"FLAT WHITE EIGHTH - REDWOOD","units":530,"revenue":16708.75,"cost":7950.0,"profit":8758.75,"transactions":484,"margin":52.400001525878906},{"product":"BANANA PIE EIGHTH - REDWOOD","units":600,"revenue":16316.500244140625,"cost":8486.500244140625,"profit":7830.0,"transactions":544,"margin":48.0},{"product":"PLATINUM STRAWBERRIES PRE ROLL - REDWOOD","units":1418,"revenue":15876.99951171875,"cost":7237.5,"profit":8639.500122070312,"transactions":1096,"margin":54.400001525878906},{"product":"PLATINUM STRAWBERRIES EIGHTH - REDWOOD","units":490,"revenue":14981.12548828125,"cost":6381.624755859375,"profit":8599.500122070312,"transactions":418,"margin":57.400001525878906}],"Elevation Mesa":[{"product":"STRAWBERRY MANGO HAZE EIGHTH - REDWOOD","units":1634,"revenue":53442.1484375,"cost":24643.62548828125,"profit":28798.525390625,"transactions":1432,"margin":53.900001525878906},{"product":"UK CHEESE EIGHTH - REDWOOD","units":1336,"revenue":41560.2978515625,"cost":20072.37548828125,"profit":21487.9248046875,"transactions":1152,"margin":51.70000076293945},{"product":"SWEET TEA EIGHTH - REDWOOD","units":1116,"revenue":38146.52587890625,"cost":18536.25,"profit":19610.274658203125,"transactions":902,"margin":51.400001525878906},{"product":"JEALOUSY EIGHTH - REDWOOD","units":900,"revenue":27650.0,"cost":13006.25,"profit":14643.75,"transactions":786,"margin":53.0},{"product":"TANGERINE SKUNK EIGHTH - REDWOOD","units":736,"revenue":21399.7509765625,"cost":11260.0,"profit":10139.749755859375,"transactions":564,"margin":47.400001525878906},{"product":"BANANA PIE EIGHTH - REDWOOD","units":714,"revenue":20362.5244140625,"cost":9890.374755859375,"profit":10472.149658203125,"transactions":636,"margin":51.400001525878906},{"product":"PLATINUM STRAWBERRIES EIGHTH - REDWOOD","units":644,"revenue":19328.75,"cost":7759.8748779296875,"profit":11568.87451171875,"transactions":524,"margin":59.900001525878906},{"product":"TROPICANA CHERRY EIGHTH - REDWOOD","units":580,"revenue":18493.42529296875,"cost":9650.0,"profit":8843.42529296875,"transactions":506,"margin":47.79999923706055},{"product":"FLAT WHITE EIGHTH - REDWOOD","units":584,"revenue":18248.75,"cost":8760.0,"profit":9488.75,"transactions":510,"margin":52.0},{"product":"GAS LEAK EIGHTH - REDWOOD","units":594,"revenue":17524.49951171875,"cost":7932.3748779296875,"profit":9592.125244140625,"transactions":528,"margin":54.70000076293945},{"product":"WINGSUIT EIGHTH - REDWOOD","units":504,"revenue":15871.2744140625,"cost":6325.625,"profit":9545.650024414062,"transactions":434,"margin":60.099998474121094},{"product":"PLATINUM BLUE DREAM EIGHTH - REDWOOD","units":432,"revenue":15267.750244140625,"cost":6831.1248779296875,"profit":8436.625366210938,"transactions":326,"margin":55.29999923706055},{"product":"SUNSHINE DAYDREAM EIGHTH - REDWOOD","units":488,"revenue":14436.25,"cost":6826.25,"profit":7610.0,"transactions":426,"margin":52.70000076293945},{"product":"MONKEY BREAD EIGHTH - REDWOOD","units":396,"revenue":13729.375,"cost":6438.125,"profit":7291.25,"transactions":358,"margin":53.099998474121094},{"product":"SWEET TEA GRAM - REDWOOD","units":1292,"revenue":13330.0,"cost":6460.0,"profit":6870.0,"transactions":1048,"margin":51.5}],"Elevation Oasis":[{"product":"SWEET TEA EIGHTH - REDWOOD","units":1864,"revenue":70218.798828125,"cost":28184.1259765625,"profit":42034.6728515625,"transactions":1076,"margin":59.900001525878906},{"product":"UK CHEESE EIGHTH - REDWOOD","units":1482,"revenue":49375.3271484375,"cost":20864.375,"profit":28510.94970703125,"transactions":828,"margin":57.70000076293945},{"product":"STRAWBERRY MANGO HAZE EIGHTH - REDWOOD","units":1396,"revenue":44638.525390625,"cost":17509.749755859375,"profit":27128.7744140625,"transactions":912,"margin":60.79999923706055},{"product":"TANGERINE SKUNK EIGHTH - REDWOOD","units":1360,"revenue":41707.7490234375,"cost":15897.000732421875,"profit":25810.74951171875,"transactions":936,"margin":61.900001525878906},{"product":"GELATO BOUQUET HALF OUNCE - REDWOOD","units":264,"revenue":30004.150390625,"cost":8250.0,"profit":21754.150390625,"transactions":236,"margin":72.5},{"product":"COCO CHANEL EIGHTH - REDWOOD","units":862,"revenue":29012.39990234375,"cost":11906.875,"profit":17105.52490234375,"transactions":594,"margin":59.0},{"product":"JEALOUSY EIGHTH - REDWOOD","units":774,"revenue":24854.25048828125,"cost":10128.75,"profit":14725.50048828125,"transactions":458,"margin":59.20000076293945},{"product":"GAS LEAK EIGHTH - REDWOOD","units":798,"revenue":24553.75,"cost":10488.75,"profit":14065.0,"transactions":500,"margin":57.29999923706055},{"product":"GAS LEAK HALF OUNCE - REDWOOD","units":200,"revenue":22479.1748046875,"cost":6250.0,"profit":16229.1748046875,"transactions":178,"margin":72.19999694824219},{"product":"PLATINUM STRAWBERRIES EIGHTH - REDWOOD","units":696,"revenue":21433.00048828125,"cost":7724.375,"profit":13708.62548828125,"transactions":492,"margin":64.0},{"product":"SUNSHINE DAYDREAM EIGHTH - REDWOOD","units":688,"revenue":20909.89990234375,"cost":10421.25,"profit":10488.64990234375,"transactions":442,"margin":50.20000076293945},{"product":"MONKEY BREAD HALF OUNCE - REDWOOD","units":200,"revenue":19725.0,"cost":6250.0,"profit":13475.0,"transactions":180,"margin":68.30000305175781},{"product":"TROPICANA CHERRY EIGHTH - REDWOOD","units":552,"revenue":19052.80029296875,"cost":7542.5,"profit":11510.30029296875,"transactions":376,"margin":60.400001525878906},{"product":"PLATINUM BLUE DREAM HALF OUNCE - REDWOOD","units":200,"revenue":19035.0,"cost":6250.0,"profit":12785.0,"transactions":170,"margin":67.19999694824219},{"product":"BANANA PIE EIGHTH - REDWOOD","units":596,"revenue":17906.875,"cost":7725.374755859375,"profit":10181.500244140625,"transactions":414,"margin":56.900001525878906}],"Elevation Midtown":[{"product":"SWEET TEA EIGHTH - REDWOOD","units":1116,"revenue":41472.5,"cost":17530.625,"profit":23941.875,"transactions":904,"margin":57.70000076293945},{"product":"STRAWBERRY MANGO HAZE EIGHTH - REDWOOD","units":1122,"revenue":40058.62548828125,"cost":15782.125244140625,"profit":24276.50146484375,"transactions":914,"margin":60.599998474121094},{"product":"TANGERINE SKUNK EIGHTH - REDWOOD","units":700,"revenue":21837.275390625,"cost":8771.875,"profit":13065.400390625,"transactions":518,"margin":59.79999923706055},{"product":"GAS LEAK EIGHTH - REDWOOD","units":548,"revenue":15860.0,"cost":6738.75,"profit":9121.25,"transactions":424,"margin":57.5},{"product":"BANANA PIE EIGHTH - REDWOOD","units":406,"revenue":12722.550048828125,"cost":4747.0001220703125,"profit":7975.5499267578125,"transactions":346,"margin":62.70000076293945},{"product":"PLATINUM STRAWBERRIES EIGHTH - REDWOOD","units":356,"revenue":11902.974853515625,"cost":4255.500183105469,"profit":7647.4749755859375,"transactions":288,"margin":64.19999694824219},{"product":"JOKERZ EIGHTH - REDWOOD","units":384,"revenue":9942.5,"cost":6720.0,"profit":3222.5,"transactions":246,"margin":32.400001525878906},{"product":"PLATINUM STRAWBERRIES PRE ROLL - REDWOOD","units":836,"revenue":9936.500244140625,"cost":4365.0,"profit":5571.500244140625,"transactions":708,"margin":56.099998474121094},{"product":"FLAT WHITE EIGHTH - REDWOOD","units":300,"revenue":9431.4501953125,"cost":4500.0,"profit":4931.449890136719,"transactions":232,"margin":52.29999923706055},{"product":"UK CHEESE EIGHTH - REDWOOD","units":300,"revenue":9340.0,"cost":3265.625,"profit":6074.375,"transactions":262,"margin":65.0},{"product":"SUNSHINE DAYDREAM EIGHTH - REDWOOD","units":298,"revenue":9117.5,"cost":3976.25,"profit":5141.25,"transactions":244,"margin":56.400001525878906},{"product":"COCO CHANEL EIGHTH - REDWOOD","units":288,"revenue":8632.675170898438,"cost":3916.25,"profit":4716.4251708984375,"transactions":220,"margin":54.599998474121094},{"product":"WATERMELON GELATTI EIGHTH - REDWOOD","units":250,"revenue":7971.875,"cost":3503.125,"profit":4468.75,"transactions":200,"margin":56.099998474121094},{"product":"JEALOUSY EIGHTH - REDWOOD","units":200,"revenue":5794.375,"cost":2753.125,"profit":3041.25,"transactions":140,"margin":52.5},{"product":"BLACKBERRY HAZE EIGHTH - REDWOOD","units":150,"revenue":4832.9998779296875,"cost":1509.375,"profit":3323.6251831054688,"transactions":114,"margin":68.80000305175781}],"Elevation Boulevard":[{"product":"SWEET TEA EIGHTH - REDWOOD","units":784,"revenue":26674.3994140625,"cost":12741.25,"profit":13933.150634765625,"transactions":694,"margin":52.20000076293945},{"product":"STRAWBERRY MANGO HAZE EIGHTH - REDWOOD","units":656,"revenue":20178.22509765625,"cost":10483.125,"profit":9695.10009765625,"transactions":580,"margin":48.0},{"product":"SUNSHINE DAYDREAM EIGHTH - REDWOOD","units":478,"revenue":14975.74951171875,"cost":7418.125,"profit":7557.6251220703125,"transactions":420,"margin":50.5},{"product":"TROPICANA CHERRY EIGHTH - REDWOOD","units":356,"revenue":11478.800048828125,"cost":5980.0,"profit":5498.800048828125,"transactions":270,"margin":47.900001525878906},{"product":"UK CHEESE EIGHTH - REDWOOD","units":348,"revenue":10911.75048828125,"cost":5468.125,"profit":5443.6248779296875,"transactions":300,"margin":49.900001525878906},{"product":"PLATINUM STRAWBERRIES PRE ROLL - REDWOOD","units":1082,"revenue":10137.550048828125,"cost":4767.5,"profit":5370.050048828125,"transactions":862,"margin":53.0},{"product":"TANGERINE SKUNK EIGHTH - REDWOOD","units":380,"revenue":10106.6748046875,"cost":5453.125,"profit":4653.550109863281,"transactions":304,"margin":46.0},{"product":"FLAT WHITE EIGHTH - REDWOOD","units":308,"revenue":9183.75,"cost":4620.0,"profit":4563.75,"transactions":280,"margin":49.70000076293945},{"product":"CHEM SORBET EIGHTH - REDWOOD","units":300,"revenue":8562.5,"cost":3759.375,"profit":4803.125,"transactions":264,"margin":56.099998474121094},{"product":"JOKERZ EIGHTH - REDWOOD","units":274,"revenue":8029.6002197265625,"cost":4795.0,"profit":3234.5999145507812,"transactions":252,"margin":40.29999923706055},{"product":"JEALOUSY EIGHTH - REDWOOD","units":280,"revenue":8016.25,"cost":3953.125,"profit":4063.125,"transactions":252,"margin":50.70000076293945},{"product":"BANANA PIE EIGHTH - REDWOOD","units":240,"revenue":6451.25,"cost":3402.5,"profit":3048.75,"transactions":216,"margin":47.29999923706055},{"product":"WINGSUIT EIGHTH - REDWOOD","units":220,"revenue":6430.0,"cost":2954.375,"profit":3475.625,"transactions":196,"margin":54.099998474121094},{"product":"GAS LEAK EIGHTH - REDWOOD","units":250,"revenue":6156.25,"cost":3503.125,"profit":2653.125,"transactions":228,"margin":43.099998474121094},{"product":"SWEET TEA GRAM - REDWOOD","units":584,"revenue":5850.0,"cost":2920.0,"profit":2930.0,"transactions":500,"margin":50.099998474121094}],"Elevation Parkway":[{"product":"SWEET TEA EIGHTH - REDWOOD","units":420,"revenue":13940.50048828125,"cost":6603.125,"profit":7337.3748779296875,"transactions":348,"margin":52.599998474121094},{"product":"PLATINUM STRAWBERRIES PRE ROLL - REDWOOD","units":990,"revenue":12430.250244140625,"cost":5452.5,"profit":6977.750244140625,"transactions":814,"margin":56.099998474121094},{"product":"STRAWBERRY MANGO HAZE EIGHTH - REDWOOD","units":310,"revenue":10062.249755859375,"cost":5050.0,"profit":5012.250061035156,"transactions":280,"margin":49.79999923706055},{"product":"COCO CHANEL PRE ROLL - REDWOOD","units":618,"revenue":7527.249755859375,"cost":3862.5,"profit":3664.7500610351562,"transactions":410,"margin":48.70000076293945},{"product":"COCO CHANEL EIGHTH - REDWOOD","units":206,"revenue":7052.4249267578125,"cost":3108.125,"profit":3944.2999267578125,"transactions":154,"margin":55.900001525878906},{"product":"GAS LEAK EIGHTH - REDWOOD","units":234,"revenue":6628.75,"cost":3095.2499389648438,"profit":3533.5000610351562,"transactions":204,"margin":53.29999923706055},{"product":"PLATINUM STRAWBERRIES EIGHTH - REDWOOD","units":216,"revenue":6252.5,"cost":3033.125,"profit":3219.375,"transactions":154,"margin":51.5},{"product":"UK CHEESE EIGHTH - REDWOOD","units":198,"revenue":5823.125,"cost":3340.0,"profit":2483.125,"transactions":166,"margin":42.599998474121094},{"product":"SUNSHINE DAYDREAM EIGHTH - REDWOOD","units":198,"revenue":5811.7498779296875,"cost":2723.125,"profit":3088.6248779296875,"transactions":170,"margin":53.099998474121094},{"product":"TANGERINE SKUNK EIGHTH - REDWOOD","units":192,"revenue":5473.2501220703125,"cost":2662.7499389648438,"profit":2810.4998779296875,"transactions":164,"margin":51.29999923706055},{"product":"TROPICANA CHERRY EIGHTH - REDWOOD","units":164,"revenue":5450.999755859375,"cost":2870.0,"profit":2581.0000610351562,"transactions":144,"margin":47.29999923706055},{"product":"SWEET TEA PRE ROLL - REDWOOD","units":418,"revenue":4853.500061035156,"cost":2117.5,"profit":2736.0000610351562,"transactions":312,"margin":56.400001525878906},{"product":"PLATINUM BLUE DREAM EIGHTH - REDWOOD","units":100,"revenue":3540.0,"cost":1750.0,"profit":1790.0,"transactions":74,"margin":50.599998474121094},{"product":"MONKEY BREAD EIGHTH - REDWOOD","units":100,"revenue":3288.6248779296875,"cost":1750.0,"profit":1538.6250305175781,"transactions":98,"margin":46.79999923706055},{"product":"FLAT WHITE EIGHTH - REDWOOD","units":100,"revenue":3142.5,"cost":1500.0,"profit":1642.5,"transactions":82,"margin":52.29999923706055}]},"store_summary":[{"store_clean":"Elevation Oasis","units":22978,"revenue":718550.546875,"cost":277817.3828125,"profit":440733.1640625,"discounts":202979.453125,"margin":61.29999923706055,"discount_rate":22.0},{"store_clean":"Elevation Mesa","units":28252,"revenue":553420.9375,"cost":256914.62890625,"profit":296506.328125,"discounts":162081.552734375,"margin":53.599998474121094,"discount_rate":22.700000762939453},{"store_clean":"Elevation Springs","units":23742,"revenue":516458.59375,"cost":242179.375,"profit":274279.21875,"discounts":150442.646484375,"margin":53.099998474121094,"discount_rate":22.600000381469727},{"store_clean":"Elevation Midtown","units":12964,"revenue":304774.55078125,"cost":128163.75,"profit":176610.80078125,"discounts":70690.44921875,"margin":57.900001525878906,"discount_rate":18.799999237060547},{"store_clean":"Elevation Boulevard","units":14920,"revenue":262412.109375,"cost":128984.873046875,"profit":133427.2265625,"discounts":98521.650390625,"margin":50.79999923706055,"discount_rate":27.299999237060547},{"store_clean":"Elevation Parkway","units":7586,"revenue":140812.822265625,"cost":66697.001953125,"profit":74115.8251953125,"discounts":38662.17529296875,"margin":52.599998474121094,"discount_rate":21.5}],"recommendations":[{"severity":"info","title":"VOLUME LEVERAGE","detail":"$998,572 revenue provides negotiating leverage.","action":"Use volume as leverage in next vendor meeting."}],"comparison":null}