{"brand":"PACKSPOD","date_range":"2024-01-01 00:00:00 to 2026-01-31 00:00:00","period_label":"All Time","summary":{"total_units":17880,"total_revenue":1037133.4375,"total_cost":510085.5859375,"total_discounts":145409.0234375,"total_profit":527047.890625,"overall_margin":50.79999923706055,"fp_margin":56.79999923706055,"disc_margin":40.599998474121094,"pct_full_price":63.0,"avg_discount_rate":12.300000190734863,"fp_revenue":653000.0,"disc_revenue":384133.4765625,"brand":"PACKSPOD","date_range":"2024-01-01 00:00:00 to 2026-01-31 00:00:00","primary_category":"DISPOSABLE VAPE","store_coverage":"6/7","stores_present":["Elevation Springs","Elevation Mesa","Elevation Oasis","Elevation Midtown","Elevation Boulevard","Elevation Parkway"],"stores_missing":["Elevation Downtown"],"velocity_rank":12,"velocity_total":35},"distribution":[{"store":"Elevation Springs","carries_brand":true,"sku_count":26,"revenue":244238.0078125,"units":4244,"store_total_revenue":51138750.0,"brand_share_pct":0.5},{"store":"Elevation Mesa","carries_brand":true,"sku_count":32,"revenue":172109.140625,"units":3080,"store_total_revenue":47532240.0,"brand_share_pct":0.4000000059604645},{"store":"Elevation Oasis","carries_brand":true,"sku_count":26,"revenue":169504.12109375,"units":2738,"store_total_revenue":56050145.0,"brand_share_pct":0.30000001192092896},{"store":"Elevation Downtown","carries_brand":false,"sku_count":0,"revenue":0.0,"units":0,"store_total_revenue":1945237.1875,"brand_share_pct":0},{"store":"Elevation Midtown","carries_brand":true,"sku_count":30,"revenue":128099.12109375,"units":2142,"store_total_revenue":30850185.0,"brand_share_pct":0.4000000059604645},{"store":"Elevation Boulevard","carries_brand":true,"sku_count":28,"revenue":116810.234375,"units":2228,"store_total_revenue":28757865.0,"brand_share_pct":0.4000000059604645},{"store":"Elevation Parkway","carries_brand":true,"sku_count":28,"revenue":206372.8515625,"units":3448,"store_total_revenue":21987007.5,"brand_share_pct":0.8999999761581421}],"share_of_category":[{"category":"DISPOSABLE VAPE","brand_revenue":1037133.4375,"category_revenue":30552405.0,"revenue_share_pct":3.4000000953674316,"brand_units":17880,"category_units":756548,"units_share_pct":2.4}],"share_of_category_trend":{"DISPOSABLE VAPE":[{"period":"2024-01","brand_revenue":125718.271484375,"category_revenue":933474.921875,"share_pct":13.5},{"period":"2024-02","brand_revenue":102712.75390625,"category_revenue":877782.109375,"share_pct":11.699999809265137},{"period":"2024-03","brand_revenue":78851.4990234375,"category_revenue":990692.03125,"share_pct":8.0},{"period":"2024-04","brand_revenue":58433.75,"category_revenue":971952.1875,"share_pct":6.0},{"period":"2024-05","brand_revenue":110645.4296875,"category_revenue":1035100.46875,"share_pct":10.699999809265137},{"period":"2024-06","brand_revenue":87887.24609375,"category_revenue":1039794.21875,"share_pct":8.5},{"period":"2024-07","brand_revenue":77957.2509765625,"category_revenue":1081636.5625,"share_pct":7.199999809265137},{"period":"2024-08","brand_revenue":62253.75,"category_revenue":1098658.125,"share_pct":5.699999809265137},{"period":"2024-09","brand_revenue":55936.1767578125,"category_revenue":1056394.53125,"share_pct":5.300000190734863},{"period":"2024-10","brand_revenue":49143.3740234375,"category_revenue":1197041.171875,"share_pct":4.099999904632568},{"period":"2024-11","brand_revenue":37841.75048828125,"category_revenue":1193980.234375,"share_pct":3.200000047683716},{"period":"2024-12","brand_revenue":39428.3740234375,"category_revenue":1222008.984375,"share_pct":3.200000047683716},{"period":"2025-01","brand_revenue":21644.1259765625,"category_revenue":1100552.421875,"share_pct":2.0},{"period":"2025-02","brand_revenue":37596.95068359375,"category_revenue":1167271.25,"share_pct":3.200000047683716},{"period":"2025-03","brand_revenue":35309.7509765625,"category_revenue":1348856.71875,"share_pct":2.5999999046325684},{"period":"2025-04","brand_revenue":18591.8994140625,"category_revenue":1414639.84375,"share_pct":1.2999999523162842},{"period":"2025-05","brand_revenue":13138.75,"category_revenue":1460588.4375,"share_pct":0.8999999761581421},{"period":"2025-06","brand_revenue":14670.74951171875,"category_revenue":1320852.96875,"share_pct":1.100000023841858},{"period":"2025-07","brand_revenue":3875.1251220703125,"category_revenue":1451194.84375,"share_pct":0.30000001192092896},{"period":"2025-08","brand_revenue":4116.000061035156,"category_revenue":1403520.625,"share_pct":0.30000001192092896},{"period":"2025-09","brand_revenue":462.99999237060547,"category_revenue":1317518.125,"share_pct":0.0},{"period":"2025-10","brand_revenue":917.5,"category_revenue":1511693.75,"share_pct":0.10000000149011612},{"period":"2025-11","brand_revenue":0.0,"category_revenue":1481709.21875,"share_pct":0.0},{"period":"2025-12","brand_revenue":0.0,"category_revenue":1476896.875,"share_pct":0.0},{"period":"2026-01","brand_revenue":0.0,"category_revenue":1398594.84375,"share_pct":0.0}]},"velocity_by_category":[{"category":"DISPOSABLE VAPE","brand_units_per_day":23.46,"category_avg_units_per_day":28.36,"velocity_index":82.7,"brand_rev_per_unit":46.4,"category_rev_per_unit":32.31,"brands_in_category":35}],"store_gaps":[{"store":"Elevation Downtown","category":"DISPOSABLE VAPE","category_revenue_at_store":386406.2890625,"opportunity":"Brand not carried"}],"product_mix":{"top":[{"product":"JELLY DULCE MINI DISPOSABLE VAPE - PACKSPOD","units":2690,"revenue":128513.349609375,"cost":64865.0,"profit":63648.349609375,"stores":6,"transactions":2532,"margin":49.5},{"product":"GUAVA BUBBLEGUM MINI DISPOSABLE VAPE - PACKSPOD","units":2604,"revenue":126263.671875,"cost":62405.0,"profit":63858.6767578125,"stores":6,"transactions":2454,"margin":50.599998474121094},{"product":"BLACK CHERRY GELATO LR DISP VAPE - PACKSPOD","units":1444,"revenue":110473.251953125,"cost":52025.0,"profit":58448.2470703125,"stores":6,"transactions":1392,"margin":52.900001525878906},{"product":"GUAVA BUBBLEGUM LR DISPOSABLE VAPE - PACKSPOD","units":1356,"revenue":103851.376953125,"cost":50237.5,"profit":53613.8720703125,"stores":6,"transactions":1278,"margin":51.599998474121094},{"product":"BANANA FLAMBE LR DISPOSABLE VAPE - PACKSPOD","units":1206,"revenue":90971.62109375,"cost":43850.0,"profit":47121.6259765625,"stores":6,"transactions":1160,"margin":51.79999923706055},{"product":"BLACK CHERRY GELATO MINI DISPOSABLE VAPE - PACKSPOD","units":1866,"revenue":89300.498046875,"cost":44925.0,"profit":44375.498046875,"stores":6,"transactions":1790,"margin":49.70000076293945},{"product":"ORANGE CREAMSICLE MINI DISPOSABLE VAPE - PACKSPOD","units":1808,"revenue":85472.87109375,"cost":43865.0,"profit":41607.8759765625,"stores":6,"transactions":1696,"margin":48.70000076293945},{"product":"RAINBOW SORBET LR DISPOSABLE VAPE - PACKSPOD","units":1050,"revenue":79891.07421875,"cost":38637.5,"profit":41253.57421875,"stores":6,"transactions":1004,"margin":51.599998474121094},{"product":"MARSHMALLOW FLUFF MINI DISPOSABLE VAPE - PACKSPOD","units":1590,"revenue":77196.7529296875,"cost":38785.0,"profit":38411.75048828125,"stores":6,"transactions":1470,"margin":49.79999923706055},{"product":"MIAMI HAZE MINI DISPOSABLE VAPE - PACKSPOD","units":896,"revenue":43705.8984375,"cost":21665.0,"profit":22040.90087890625,"stores":6,"transactions":860,"margin":50.400001525878906},{"product":"SNICKERBOCKER LR DISPOSABLE VAPE - PACKSPOD","units":564,"revenue":42887.1240234375,"cost":19225.574951171875,"profit":23661.55029296875,"stores":6,"transactions":546,"margin":55.20000076293945},{"product":"GELATO FREEZE LR DISP VAPE - PACKSPOD","units":254,"revenue":18920.8251953125,"cost":9525.0,"profit":9395.824584960938,"stores":6,"transactions":244,"margin":49.70000076293945},{"product":"BANANA FLAMBE LR DISP VAPE - PACKSPOD","units":262,"revenue":18843.64990234375,"cost":9825.0,"profit":9018.64990234375,"stores":4,"transactions":230,"margin":47.900001525878906},{"product":"JELLY DULCE LR DISPOSABLE VAPE - PACKSPOD","units":186,"revenue":14671.12548828125,"cost":6975.0,"profit":7696.1248779296875,"stores":4,"transactions":176,"margin":52.5},{"product":"RAINBOW SORBET LR DISP VAPE 1.5G - PACKSPOD","units":36,"revenue":2576.4999389648438,"cost":1350.0,"profit":1226.4999389648438,"stores":2,"transactions":36,"margin":47.599998474121094},{"product":"ORANGE DREAMSICLE MINI DISPOSABLE VAPE - PACKSPOD","units":50,"revenue":2426.5000915527344,"cost":1250.0,"profit":1176.500015258789,"stores":1,"transactions":50,"margin":48.5},{"product":"GELATO FREEZE LR DISPOSABLE VAPE - PACKSPOD","units":18,"revenue":1167.3749542236328,"cost":675.0,"profit":492.37499237060547,"stores":2,"transactions":18,"margin":42.20000076293945}],"bottom":[],"expansion":[{"product":"BANANA FLAMBE LR DISP VAPE - PACKSPOD","current_stores":4,"total_stores":6,"missing_stores":["Elevation Mesa","Elevation Oasis"],"revenue":18843.64990234375},{"product":"JELLY DULCE LR DISPOSABLE VAPE - PACKSPOD","current_stores":4,"total_stores":6,"missing_stores":["Elevation Springs","Elevation Boulevard"],"revenue":14671.12548828125},{"product":"RAINBOW SORBET LR DISP VAPE 1.5G - PACKSPOD","current_stores":2,"total_stores":6,"missing_stores":["Elevation Springs","Elevation Oasis","Elevation Midtown","Elevation Parkway"],"revenue":2576.4999389648438},{"product":"GELATO FREEZE LR DISPOSABLE VAPE - PACKSPOD","current_stores":2,"total_stores":6,"missing_stores":["Elevation Springs","Elevation Oasis","Elevation Boulevard","Elevation Parkway"],"revenue":1167.3749542236328}]},"pricing_consistency":[{"product":"BANANA FLAMBE LR DISP VAPE - PACKSPOD","min_price":109.2555519386574,"max_price":165.60000610351562,"avg_price":144.66394890679254,"std_dev":9.835538998370133,"store_count":8,"price_range":56.34445416485821,"range_pct":38.9},{"product":"GELATO FREEZE LR DISP VAPE - PACKSPOD","min_price":124.16070120675224,"max_price":167.56249745686847,"avg_price":147.52880794383861,"std_dev":6.499386547743183,"store_count":12,"price_range":43.401796250116234,"range_pct":29.4},{"product":"ORANGE CREAMSICLE MINI DISPOSABLE VAPE - PACKSPOD","min_price":85.63525590740267,"max_price":105.3465251681171,"avg_price":94.1996299714853,"std_dev":2.807275334825108,"store_count":12,"price_range":19.711269260714435,"range_pct":20.9},{"product":"JELLY DULCE MINI DISPOSABLE VAPE - PACKSPOD","min_price":88.59390790189677,"max_price":105.70709684001866,"avg_price":95.26660155735746,"std_dev":2.43114848902469,"store_count":12,"price_range":17.11318893812189,"range_pct":18.0},{"product":"GELATO FREEZE LR DISPOSABLE VAPE - PACKSPOD","min_price":117.53125190734863,"max_price":139.4499969482422,"avg_price":128.4906244277954,"std_dev":6.199557301405937,"store_count":4,"price_range":21.918745040893555,"range_pct":17.1},{"product":"BANANA FLAMBE LR DISPOSABLE VAPE - PACKSPOD","min_price":135.30236321526604,"max_price":160.77539443969727,"avg_price":151.30803871085442,"std_dev":3.7519730894023513,"store_count":12,"price_range":25.473031224431217,"range_pct":16.8},{"product":"BLACK CHERRY GELATO LR DISP VAPE - PACKSPOD","min_price":138.998776949369,"max_price":163.64601337804203,"avg_price":153.1485655106028,"std_dev":3.7882567999012537,"store_count":12,"price_range":24.647236428673036,"range_pct":16.1},{"product":"GUAVA BUBBLEGUM MINI DISPOSABLE VAPE - PACKSPOD","min_price":87.07262602306548,"max_price":102.20300507127193,"avg_price":95.77004200645236,"std_dev":2.2661832101059503,"store_count":12,"price_range":15.130379048206457,"range_pct":15.8},{"product":"MARSHMALLOW FLUFF MINI DISPOSABLE VAPE - PACKSPOD","min_price":89.82933044433594,"max_price":105.13750457763672,"avg_price":97.30938194313332,"std_dev":2.2640348838403077,"store_count":12,"price_range":15.308174133300785,"range_pct":15.7},{"product":"BLACK CHERRY GELATO MINI DISPOSABLE VAPE - PACKSPOD","min_price":85.63690476190476,"max_price":99.59711162860577,"avg_price":95.23551987205296,"std_dev":1.9532712001363037,"store_count":12,"price_range":13.960206866701004,"range_pct":14.7},{"product":"SNICKERBOCKER LR DISPOSABLE VAPE - PACKSPOD","min_price":139.3800048828125,"max_price":161.58673967633928,"avg_price":151.49977221041408,"std_dev":3.752361389799903,"store_count":12,"price_range":22.206734793526763,"range_pct":14.7},{"product":"RAINBOW SORBET LR DISPOSABLE VAPE - PACKSPOD","min_price":144.29201323410558,"max_price":166.59868742290297,"avg_price":154.20759887083983,"std_dev":4.162940172382885,"store_count":12,"price_range":22.306674188797366,"range_pct":14.5},{"product":"JELLY DULCE LR DISPOSABLE VAPE - PACKSPOD","min_price":145.3928702218192,"max_price":167.57142566499255,"avg_price":157.59427946086868,"std_dev":4.067607820383118,"store_count":8,"price_range":22.178555443173344,"range_pct":14.1},{"product":"MIAMI HAZE MINI DISPOSABLE VAPE - PACKSPOD","min_price":91.10855102539062,"max_price":104.21201171874999,"avg_price":97.02702196567537,"std_dev":2.053852643755079,"store_count":12,"price_range":13.10346069335937,"range_pct":13.5},{"product":"GUAVA BUBBLEGUM LR DISPOSABLE VAPE - PACKSPOD","min_price":144.41750488281252,"max_price":163.4659090909091,"avg_price":152.3007668522596,"std_dev":3.3112637294160923,"store_count":12,"price_range":19.048404208096592,"range_pct":12.5},{"product":"RAINBOW SORBET LR DISP VAPE 1.5G - PACKSPOD","min_price":142.4264705882353,"max_price":155.24999618530273,"avg_price":148.83823338676902,"std_dev":3.627040763362264,"store_count":4,"price_range":12.823525597067444,"range_pct":8.6}],"promotional_effectiveness":{"lift":{"fp_units_per_day":18.68,"disc_units_per_day":15.12,"lift_pct":-19.1,"fp_avg_revenue_per_unit":132.72500000000002,"disc_avg_revenue_per_unit":95.55},"by_deal":[{"deal_name":"Industry - 30% Off","uses":1538,"revenue":162207.0011663437,"discounts":69653.00168991089,"units":3548.0,"cost":99607.74999999441,"margin":38.6,"discount_depth":60.0},{"deal_name":"30% Off Special","uses":124,"revenue":12718.500003814697,"discounts":5524.000098705292,"units":262.0,"cost":8075.0,"margin":36.5,"discount_depth":60.6},{"deal_name":"Veterans - 10% Off","uses":101,"revenue":16748.25007915497,"discounts":1899.2499923706055,"units":282.0,"cost":8082.5,"margin":51.7,"discount_depth":20.4},{"deal_name":"Senior - 10% Off","uses":100,"revenue":18787.500066757202,"discounts":2087.499997615814,"units":310.0,"cost":8882.524999999441,"margin":52.7,"discount_depth":20.0},{"deal_name":"Jackpot - Locals 30% Off","uses":71,"revenue":7883.750038146973,"discounts":3378.7500858306885,"units":168.0,"cost":4842.5,"margin":38.6,"discount_depth":60.0},{"deal_name":"Senior / Veterans - 20% Off","uses":40,"revenue":8092.000026702881,"discounts":2023.0000066757202,"units":138.0,"cost":4300.0,"margin":46.9,"discount_depth":40.0},{"deal_name":"Spark the Summer Sale","uses":36,"revenue":3829.5000886917114,"discounts":2552.9999828338623,"units":98.0,"cost":2775.0,"margin":27.5,"discount_depth":80.0},{"deal_name":"Industry 30% Off","uses":31,"revenue":3122.0000076293945,"discounts":1338.0000305175781,"units":64.0,"cost":1950.0,"margin":37.5,"discount_depth":60.0},{"deal_name":"Cannavative / Resin8 / Packspods / LP Exotics - 30% Off","uses":21,"revenue":2045.7500171661377,"discounts":876.7500162124634,"units":46.0,"cost":1275.0,"margin":37.7,"discount_depth":60.0},{"deal_name":"LVAC - 25% Off","uses":14,"revenue":1370.625,"discounts":456.875,"units":28.0,"cost":800.0,"margin":41.6,"discount_depth":50.0},{"deal_name":"Employee - 40% OFF","uses":5,"revenue":414.0000104904175,"discounts":275.9999990463257,"units":10.0,"cost":300.0,"margin":27.5,"discount_depth":80.0},{"deal_name":"Employee 30% - NOT FRIDAYS","uses":3,"revenue":281.75000190734863,"discounts":120.75000286102295,"units":6.0,"cost":175.0,"margin":37.9,"discount_depth":60.0},{"deal_name":"Medical - 10%","uses":2,"revenue":310.49999237060547,"discounts":34.50000047683716,"units":4.0,"cost":150.0,"margin":51.7,"discount_depth":20.0},{"deal_name":"Voucher - 35% Off One Item","uses":1,"revenue":112.12499618530273,"discounts":60.374999046325684,"units":2.0,"cost":75.0,"margin":33.1,"discount_depth":70.0}]},"growth_opportunities":[{"type":"distribution","title":"Expand to Elevation Downtown","detail":"Store has $154,563 in DISPOSABLE VAPE \u2014 categories where PACKSPOD competes.","priority":"high"},{"type":"sku_expansion","title":"Add 'BANANA FLAMBE LR DISP VAPE - PACKSPOD' to 2 more store(s)","detail":"Carried in 4 stores. Missing from: Elevation Mesa, Elevation Oasis","priority":"medium"},{"type":"sku_expansion","title":"Add 'GELATO FREEZE LR DISPOSABLE VAPE - PACKSPOD' to 4 more store(s)","detail":"Carried in 2 stores. Missing from: Elevation Springs, Elevation Oasis, Elevation Boulevard, Elevation Parkway","priority":"medium"},{"type":"sku_expansion","title":"Add 'JELLY DULCE LR DISPOSABLE VAPE - PACKSPOD' to 2 more store(s)","detail":"Carried in 4 stores. Missing from: Elevation Springs, Elevation Boulevard","priority":"medium"},{"type":"sku_expansion","title":"Add 'RAINBOW SORBET LR DISP VAPE 1.5G - PACKSPOD' to 4 more store(s)","detail":"Carried in 2 stores. Missing from: Elevation Springs, Elevation Oasis, Elevation Midtown, Elevation Parkway","priority":"medium"}],"trend":[{"period":"2024-01","revenue":125718.271484375,"cost":63000.0,"margin":49.9,"units":2316,"transactions":1900,"profit":62718.2763671875,"revenue_change_pct":null,"units_change_pct":null,"margin_change_pts":null},{"period":"2024-02","revenue":102712.75390625,"cost":51075.0,"margin":50.3,"units":1938,"transactions":1664,"profit":51637.7490234375,"revenue_change_pct":-18.3,"units_change_pct":-16.3,"margin_change_pts":0.4},{"period":"2024-03","revenue":78851.4990234375,"cost":38587.5,"margin":51.1,"units":1356,"transactions":1142,"profit":40263.9990234375,"revenue_change_pct":-23.2,"units_change_pct":-30.0,"margin_change_pts":0.8},{"period":"2024-04","revenue":58433.75,"cost":27255.0,"margin":53.4,"units":802,"transactions":690,"profit":31178.75,"revenue_change_pct":-25.9,"units_change_pct":-40.9,"margin_change_pts":2.3},{"period":"2024-05","revenue":110645.4296875,"cost":53120.0,"margin":52.0,"units":2046,"transactions":1730,"profit":57525.4248046875,"revenue_change_pct":89.4,"units_change_pct":155.1,"margin_change_pts":-1.4},{"period":"2024-06","revenue":87887.24609375,"cost":43135.0,"margin":50.9,"units":1696,"transactions":1398,"profit":44752.2509765625,"revenue_change_pct":-20.6,"units_change_pct":-17.1,"margin_change_pts":-1.1},{"period":"2024-07","revenue":77957.2509765625,"cost":39487.5,"margin":49.3,"units":1578,"transactions":1322,"profit":38469.7509765625,"revenue_change_pct":-11.3,"units_change_pct":-7.0,"margin_change_pts":-1.6},{"period":"2024-08","revenue":62253.75,"cost":30525.0,"margin":51.0,"units":1120,"transactions":986,"profit":31728.75,"revenue_change_pct":-20.1,"units_change_pct":-29.0,"margin_change_pts":1.6},{"period":"2024-09","revenue":55936.1767578125,"cost":26250.30029296875,"margin":53.1,"units":806,"transactions":710,"profit":29685.8740234375,"revenue_change_pct":-10.1,"units_change_pct":-28.0,"margin_change_pts":2.1},{"period":"2024-10","revenue":49143.3740234375,"cost":23550.2490234375,"margin":52.1,"units":706,"transactions":616,"profit":25593.125,"revenue_change_pct":-12.1,"units_change_pct":-12.4,"margin_change_pts":-1.0},{"period":"2024-11","revenue":37841.75048828125,"cost":18725.0244140625,"margin":50.5,"units":508,"transactions":458,"profit":19116.724853515625,"revenue_change_pct":-23.0,"units_change_pct":-28.0,"margin_change_pts":-1.6},{"period":"2024-12","revenue":39428.3740234375,"cost":18825.0,"margin":52.3,"units":502,"transactions":434,"profit":20603.3740234375,"revenue_change_pct":4.2,"units_change_pct":-1.2,"margin_change_pts":1.7},{"period":"2025-01","revenue":21644.1259765625,"cost":10550.0,"margin":51.3,"units":300,"transactions":240,"profit":11094.124755859375,"revenue_change_pct":-45.1,"units_change_pct":-40.2,"margin_change_pts":-1.0},{"period":"2025-02","revenue":37596.95068359375,"cost":18475.0,"margin":50.9,"units":610,"transactions":498,"profit":19121.949462890625,"revenue_change_pct":73.7,"units_change_pct":103.3,"margin_change_pts":-0.4},{"period":"2025-03","revenue":35309.7509765625,"cost":17500.0,"margin":50.4,"units":592,"transactions":490,"profit":17809.749755859375,"revenue_change_pct":-6.1,"units_change_pct":-3.0,"margin_change_pts":-0.4},{"period":"2025-04","revenue":18591.8994140625,"cost":9100.0,"margin":51.1,"units":292,"transactions":250,"profit":9491.900024414062,"revenue_change_pct":-47.3,"units_change_pct":-50.7,"margin_change_pts":0.6},{"period":"2025-05","revenue":13138.75,"cost":6875.0,"margin":47.7,"units":224,"transactions":196,"profit":6263.75,"revenue_change_pct":-29.3,"units_change_pct":-23.3,"margin_change_pts":-3.4},{"period":"2025-06","revenue":14670.74951171875,"cost":8850.0,"margin":39.7,"units":298,"transactions":260,"profit":5820.7501220703125,"revenue_change_pct":11.7,"units_change_pct":33.0,"margin_change_pts":-8.0},{"period":"2025-07","revenue":3875.1251220703125,"cost":2100.0,"margin":45.8,"units":78,"transactions":72,"profit":1775.1249694824219,"revenue_change_pct":-73.6,"units_change_pct":-73.8,"margin_change_pts":6.1},{"period":"2025-08","revenue":4116.000061035156,"cost":2300.0,"margin":44.1,"units":80,"transactions":76,"profit":1816.0000610351562,"revenue_change_pct":6.2,"units_change_pct":2.6,"margin_change_pts":-1.7},{"period":"2025-09","revenue":462.99999237060547,"cost":250.0,"margin":46.0,"units":10,"transactions":10,"profit":212.99999237060547,"revenue_change_pct":-88.8,"units_change_pct":-87.5,"margin_change_pts":1.9},{"period":"2025-10","revenue":917.5,"cost":550.0,"margin":40.1,"units":22,"transactions":22,"profit":367.5,"revenue_change_pct":98.2,"units_change_pct":120.0,"margin_change_pts":-5.9}]}