{"brand":"PACKSPOD","date_range":"2024-01-01 00:00:00 to 2026-01-31 00:00:00","period_label":"All Time","summary":{"total_units":17880,"total_revenue":1037133.4375,"total_cost":510085.5859375,"total_discounts":145409.0234375,"total_profit":527047.890625,"overall_margin":50.79999923706055,"fp_margin":56.79999923706055,"disc_margin":40.599998474121094,"pct_full_price":63.0,"avg_discount_rate":12.300000190734863,"fp_revenue":653000.0,"disc_revenue":384133.4765625,"unique_customers":11088,"brand":"PACKSPOD","date_range":"2024-01-01 00:00:00 to 2026-01-31 00:00:00","months_count":44,"avg_monthly_cost":23185.7,"cost_per_unit":57.05,"primary_category":"DISPOSABLE VAPE","primary_cat_margin":52.79999923706055,"category_rank":11,"category_total":35,"margin_vs_category":-2.0,"velocity_rank":12},"category_breakdown":[{"category_clean":"DISPOSABLE VAPE","units":17880,"revenue":1037133.515625,"cost":510085.5859375,"profit":527047.890625,"discounts":145409.0234375,"margin":50.79999923706055,"category_avg_margin":52.79999923706055,"vs_category":-2.0,"rank":11.0,"total_brands":35.0}],"trend":[{"period":"2024-01","revenue":125718.271484375,"cost":63000.0,"margin":49.9,"units":2316,"transactions":1900,"profit":62718.2763671875,"revenue_change_pct":null,"units_change_pct":null,"margin_change_pts":null},{"period":"2024-02","revenue":102712.75390625,"cost":51075.0,"margin":50.3,"units":1938,"transactions":1664,"profit":51637.7490234375,"revenue_change_pct":-18.3,"units_change_pct":-16.3,"margin_change_pts":0.4},{"period":"2024-03","revenue":78851.4990234375,"cost":38587.5,"margin":51.1,"units":1356,"transactions":1142,"profit":40263.9990234375,"revenue_change_pct":-23.2,"units_change_pct":-30.0,"margin_change_pts":0.8},{"period":"2024-04","revenue":58433.75,"cost":27255.0,"margin":53.4,"units":802,"transactions":690,"profit":31178.75,"revenue_change_pct":-25.9,"units_change_pct":-40.9,"margin_change_pts":2.3},{"period":"2024-05","revenue":110645.4296875,"cost":53120.0,"margin":52.0,"units":2046,"transactions":1730,"profit":57525.4248046875,"revenue_change_pct":89.4,"units_change_pct":155.1,"margin_change_pts":-1.4},{"period":"2024-06","revenue":87887.24609375,"cost":43135.0,"margin":50.9,"units":1696,"transactions":1398,"profit":44752.2509765625,"revenue_change_pct":-20.6,"units_change_pct":-17.1,"margin_change_pts":-1.1},{"period":"2024-07","revenue":77957.2509765625,"cost":39487.5,"margin":49.3,"units":1578,"transactions":1322,"profit":38469.7509765625,"revenue_change_pct":-11.3,"units_change_pct":-7.0,"margin_change_pts":-1.6},{"period":"2024-08","revenue":62253.75,"cost":30525.0,"margin":51.0,"units":1120,"transactions":986,"profit":31728.75,"revenue_change_pct":-20.1,"units_change_pct":-29.0,"margin_change_pts":1.6},{"period":"2024-09","revenue":55936.1767578125,"cost":26250.30029296875,"margin":53.1,"units":806,"transactions":710,"profit":29685.8740234375,"revenue_change_pct":-10.1,"units_change_pct":-28.0,"margin_change_pts":2.1},{"period":"2024-10","revenue":49143.3740234375,"cost":23550.2490234375,"margin":52.1,"units":706,"transactions":616,"profit":25593.125,"revenue_change_pct":-12.1,"units_change_pct":-12.4,"margin_change_pts":-1.0},{"period":"2024-11","revenue":37841.75048828125,"cost":18725.0244140625,"margin":50.5,"units":508,"transactions":458,"profit":19116.724853515625,"revenue_change_pct":-23.0,"units_change_pct":-28.0,"margin_change_pts":-1.6},{"period":"2024-12","revenue":39428.3740234375,"cost":18825.0,"margin":52.3,"units":502,"transactions":434,"profit":20603.3740234375,"revenue_change_pct":4.2,"units_change_pct":-1.2,"margin_change_pts":1.7},{"period":"2025-01","revenue":21644.1259765625,"cost":10550.0,"margin":51.3,"units":300,"transactions":240,"profit":11094.124755859375,"revenue_change_pct":-45.1,"units_change_pct":-40.2,"margin_change_pts":-1.0},{"period":"2025-02","revenue":37596.95068359375,"cost":18475.0,"margin":50.9,"units":610,"transactions":498,"profit":19121.949462890625,"revenue_change_pct":73.7,"units_change_pct":103.3,"margin_change_pts":-0.4},{"period":"2025-03","revenue":35309.7509765625,"cost":17500.0,"margin":50.4,"units":592,"transactions":490,"profit":17809.749755859375,"revenue_change_pct":-6.1,"units_change_pct":-3.0,"margin_change_pts":-0.4},{"period":"2025-04","revenue":18591.8994140625,"cost":9100.0,"margin":51.1,"units":292,"transactions":250,"profit":9491.900024414062,"revenue_change_pct":-47.3,"units_change_pct":-50.7,"margin_change_pts":0.6},{"period":"2025-05","revenue":13138.75,"cost":6875.0,"margin":47.7,"units":224,"transactions":196,"profit":6263.75,"revenue_change_pct":-29.3,"units_change_pct":-23.3,"margin_change_pts":-3.4},{"period":"2025-06","revenue":14670.74951171875,"cost":8850.0,"margin":39.7,"units":298,"transactions":260,"profit":5820.7501220703125,"revenue_change_pct":11.7,"units_change_pct":33.0,"margin_change_pts":-8.0},{"period":"2025-07","revenue":3875.1251220703125,"cost":2100.0,"margin":45.8,"units":78,"transactions":72,"profit":1775.1249694824219,"revenue_change_pct":-73.6,"units_change_pct":-73.8,"margin_change_pts":6.1},{"period":"2025-08","revenue":4116.000061035156,"cost":2300.0,"margin":44.1,"units":80,"transactions":76,"profit":1816.0000610351562,"revenue_change_pct":6.2,"units_change_pct":2.6,"margin_change_pts":-1.7},{"period":"2025-09","revenue":462.99999237060547,"cost":250.0,"margin":46.0,"units":10,"transactions":10,"profit":212.99999237060547,"revenue_change_pct":-88.8,"units_change_pct":-87.5,"margin_change_pts":1.9},{"period":"2025-10","revenue":917.5,"cost":550.0,"margin":40.1,"units":22,"transactions":22,"profit":367.5,"revenue_change_pct":98.2,"units_change_pct":120.0,"margin_change_pts":-5.9}],"share_of_category":[{"category":"DISPOSABLE VAPE","brand_revenue":1037133.4375,"category_revenue":30552405.0,"revenue_share_pct":3.4000000953674316,"brand_units":17880,"category_units":756548,"units_share_pct":2.4}],"share_of_category_trend":{"DISPOSABLE VAPE":[{"period":"2024-01","brand_revenue":125718.271484375,"category_revenue":933474.921875,"share_pct":13.5},{"period":"2024-02","brand_revenue":102712.75390625,"category_revenue":877782.109375,"share_pct":11.699999809265137},{"period":"2024-03","brand_revenue":78851.4990234375,"category_revenue":990692.03125,"share_pct":8.0},{"period":"2024-04","brand_revenue":58433.75,"category_revenue":971952.1875,"share_pct":6.0},{"period":"2024-05","brand_revenue":110645.4296875,"category_revenue":1035100.46875,"share_pct":10.699999809265137},{"period":"2024-06","brand_revenue":87887.24609375,"category_revenue":1039794.21875,"share_pct":8.5},{"period":"2024-07","brand_revenue":77957.2509765625,"category_revenue":1081636.5625,"share_pct":7.199999809265137},{"period":"2024-08","brand_revenue":62253.75,"category_revenue":1098658.125,"share_pct":5.699999809265137},{"period":"2024-09","brand_revenue":55936.1767578125,"category_revenue":1056394.53125,"share_pct":5.300000190734863},{"period":"2024-10","brand_revenue":49143.3740234375,"category_revenue":1197041.171875,"share_pct":4.099999904632568},{"period":"2024-11","brand_revenue":37841.75048828125,"category_revenue":1193980.234375,"share_pct":3.200000047683716},{"period":"2024-12","brand_revenue":39428.3740234375,"category_revenue":1222008.984375,"share_pct":3.200000047683716},{"period":"2025-01","brand_revenue":21644.1259765625,"category_revenue":1100552.421875,"share_pct":2.0},{"period":"2025-02","brand_revenue":37596.95068359375,"category_revenue":1167271.25,"share_pct":3.200000047683716},{"period":"2025-03","brand_revenue":35309.7509765625,"category_revenue":1348856.71875,"share_pct":2.5999999046325684},{"period":"2025-04","brand_revenue":18591.8994140625,"category_revenue":1414639.84375,"share_pct":1.2999999523162842},{"period":"2025-05","brand_revenue":13138.75,"category_revenue":1460588.4375,"share_pct":0.8999999761581421},{"period":"2025-06","brand_revenue":14670.74951171875,"category_revenue":1320852.96875,"share_pct":1.100000023841858},{"period":"2025-07","brand_revenue":3875.1251220703125,"category_revenue":1451194.84375,"share_pct":0.30000001192092896},{"period":"2025-08","brand_revenue":4116.000061035156,"category_revenue":1403520.625,"share_pct":0.30000001192092896},{"period":"2025-09","brand_revenue":462.99999237060547,"category_revenue":1317518.125,"share_pct":0.0},{"period":"2025-10","brand_revenue":917.5,"category_revenue":1511693.75,"share_pct":0.10000000149011612},{"period":"2025-11","brand_revenue":0.0,"category_revenue":1481709.21875,"share_pct":0.0},{"period":"2025-12","brand_revenue":0.0,"category_revenue":1476896.875,"share_pct":0.0},{"period":"2026-01","brand_revenue":0.0,"category_revenue":1398594.84375,"share_pct":0.0}]},"discount_depth":[{"tier":"0% (Full Price)","transactions":9406,"pct_of_transactions":55.5,"revenue":653000.0,"avg_discount":0.0},{"tier":"1-10%","transactions":988,"pct_of_transactions":5.8,"revenue":68434.375,"avg_discount":19.799999237060547},{"tier":"11-20%","transactions":290,"pct_of_transactions":1.7,"revenue":18204.349365234375,"avg_discount":38.79999923706055},{"tier":"21-30%","transactions":186,"pct_of_transactions":1.1,"revenue":11186.724853515625,"avg_discount":49.79999923706055},{"tier":"31%+","transactions":424,"pct_of_transactions":2.5,"revenue":17117.77587890625,"avg_discount":90.19999694824219}],"velocity":{"units_per_day":26.96,"revenue_per_day":1564.2999267578125,"avg_units_per_txn":2.36,"days_of_data":663,"total_units":17880,"total_transactions":15164},"velocity_by_category":[{"category":"DISPOSABLE VAPE","brand_units_per_day":23.46,"category_avg_units_per_day":28.36,"velocity_index":82.7,"brand_rev_per_unit":46.4,"category_rev_per_unit":32.31,"brands_in_category":35}],"deals":[{"deal_name":"Industry - 30% Off","times_used":3076,"units":3548.0,"revenue":162207.0011663437,"discounts":69653.00168991089,"cost":99607.74999999441,"profit":62599.24836605787,"pre_discount_revenue":231860.0,"margin":38.6,"avg_discount":60.0},{"deal_name":"30% Off Special","times_used":248,"units":262.0,"revenue":12718.500003814697,"discounts":5524.000098705292,"cost":8075.0,"profit":4643.499901294708,"pre_discount_revenue":18242.5,"margin":36.5,"avg_discount":60.6},{"deal_name":"Veterans - 10% Off","times_used":202,"units":282.0,"revenue":16748.25007915497,"discounts":1899.2499923706055,"cost":8082.5,"profit":8665.749715566635,"pre_discount_revenue":18647.5,"margin":51.7,"avg_discount":20.4},{"deal_name":"Senior - 10% Off","times_used":200,"units":310.0,"revenue":18787.500066757202,"discounts":2087.499997615814,"cost":8882.524999999441,"profit":9904.974694252014,"pre_discount_revenue":20875.0,"margin":52.7,"avg_discount":20.0},{"deal_name":"Jackpot - Locals 30% Off","times_used":142,"units":168.0,"revenue":7883.750038146973,"discounts":3378.7500858306885,"cost":4842.5,"profit":3041.2499141693115,"pre_discount_revenue":11262.5,"margin":38.6,"avg_discount":60.0},{"deal_name":"Senior / Veterans - 20% Off","times_used":80,"units":138.0,"revenue":8092.000026702881,"discounts":2023.0000066757202,"cost":4300.0,"profit":3792.0000195503235,"pre_discount_revenue":10115.0,"margin":46.9,"avg_discount":40.0},{"deal_name":"Spark the Summer Sale","times_used":72,"units":98.0,"revenue":3829.5000886917114,"discounts":2552.9999828338623,"cost":2775.0,"profit":1054.4999778270721,"pre_discount_revenue":6382.5,"margin":27.5,"avg_discount":80.0},{"deal_name":"Industry 30% Off","times_used":62,"units":64.0,"revenue":3122.0000076293945,"discounts":1338.0000305175781,"cost":1950.0,"profit":1171.9999694824219,"pre_discount_revenue":4460.0,"margin":37.5,"avg_discount":60.0},{"deal_name":"Cannavative / Resin8 / Packspods / LP Exotics - 30% Off","times_used":42,"units":46.0,"revenue":2045.7500171661377,"discounts":876.7500162124634,"cost":1275.0,"profit":770.7499837875366,"pre_discount_revenue":2922.5,"margin":37.7,"avg_discount":60.0},{"deal_name":"LVAC - 25% Off","times_used":28,"units":28.0,"revenue":1370.625,"discounts":456.875,"cost":800.0,"profit":570.625,"pre_discount_revenue":1827.5,"margin":41.6,"avg_discount":50.0},{"deal_name":"Employee - 40% OFF","times_used":10,"units":10.0,"revenue":414.0000104904175,"discounts":275.9999990463257,"cost":300.0,"profit":113.99999737739563,"pre_discount_revenue":690.0,"margin":27.5,"avg_discount":80.0},{"deal_name":"Employee 30% - NOT FRIDAYS","times_used":6,"units":6.0,"revenue":281.75000190734863,"discounts":120.75000286102295,"cost":175.0,"profit":106.74999713897705,"pre_discount_revenue":402.5,"margin":37.9,"avg_discount":60.0},{"deal_name":"Medical - 10%","times_used":4,"units":4.0,"revenue":310.49999237060547,"discounts":34.50000047683716,"cost":150.0,"profit":160.49999237060547,"pre_discount_revenue":345.0,"margin":51.7,"avg_discount":20.0},{"deal_name":"Voucher - 35% Off One Item","times_used":2,"units":2.0,"revenue":112.12499618530273,"discounts":60.374999046325684,"cost":75.0,"profit":37.125000953674316,"pre_discount_revenue":172.5,"margin":33.1,"avg_discount":70.0}],"top_products":[{"product":"JELLY DULCE MINI DISPOSABLE VAPE - PACKSPOD","units":2690,"revenue":128513.349609375,"cost":64865.0,"profit":63648.349609375,"transactions":2532,"margin":49.5},{"product":"GUAVA BUBBLEGUM MINI DISPOSABLE VAPE - PACKSPOD","units":2604,"revenue":126263.671875,"cost":62405.0,"profit":63858.6767578125,"transactions":2454,"margin":50.599998474121094},{"product":"BLACK CHERRY GELATO LR DISP VAPE - PACKSPOD","units":1444,"revenue":110473.251953125,"cost":52025.0,"profit":58448.2470703125,"transactions":1392,"margin":52.900001525878906},{"product":"GUAVA BUBBLEGUM LR DISPOSABLE VAPE - PACKSPOD","units":1356,"revenue":103851.376953125,"cost":50237.5,"profit":53613.8720703125,"transactions":1278,"margin":51.599998474121094},{"product":"BANANA FLAMBE LR DISPOSABLE VAPE - PACKSPOD","units":1206,"revenue":90971.62109375,"cost":43850.0,"profit":47121.6259765625,"transactions":1160,"margin":51.79999923706055},{"product":"BLACK CHERRY GELATO MINI DISPOSABLE VAPE - PACKSPOD","units":1866,"revenue":89300.498046875,"cost":44925.0,"profit":44375.498046875,"transactions":1790,"margin":49.70000076293945},{"product":"ORANGE CREAMSICLE MINI DISPOSABLE VAPE - PACKSPOD","units":1808,"revenue":85472.87109375,"cost":43865.0,"profit":41607.8759765625,"transactions":1696,"margin":48.70000076293945},{"product":"RAINBOW SORBET LR DISPOSABLE VAPE - PACKSPOD","units":1050,"revenue":79891.07421875,"cost":38637.5,"profit":41253.57421875,"transactions":1004,"margin":51.599998474121094},{"product":"MARSHMALLOW FLUFF MINI DISPOSABLE VAPE - PACKSPOD","units":1590,"revenue":77196.7529296875,"cost":38785.0,"profit":38411.75048828125,"transactions":1470,"margin":49.79999923706055},{"product":"MIAMI HAZE MINI DISPOSABLE VAPE - PACKSPOD","units":896,"revenue":43705.8984375,"cost":21665.0,"profit":22040.90087890625,"transactions":860,"margin":50.400001525878906},{"product":"SNICKERBOCKER LR DISPOSABLE VAPE - PACKSPOD","units":564,"revenue":42887.1240234375,"cost":19225.574951171875,"profit":23661.55029296875,"transactions":546,"margin":55.20000076293945},{"product":"GELATO FREEZE LR DISP VAPE - PACKSPOD","units":254,"revenue":18920.8251953125,"cost":9525.0,"profit":9395.824584960938,"transactions":244,"margin":49.70000076293945},{"product":"BANANA FLAMBE LR DISP VAPE - PACKSPOD","units":262,"revenue":18843.64990234375,"cost":9825.0,"profit":9018.64990234375,"transactions":230,"margin":47.900001525878906},{"product":"JELLY DULCE LR DISPOSABLE VAPE - PACKSPOD","units":186,"revenue":14671.12548828125,"cost":6975.0,"profit":7696.1248779296875,"transactions":176,"margin":52.5},{"product":"RAINBOW SORBET LR DISP VAPE 1.5G - PACKSPOD","units":36,"revenue":2576.4999389648438,"cost":1350.0,"profit":1226.4999389648438,"transactions":36,"margin":47.599998474121094},{"product":"ORANGE DREAMSICLE MINI DISPOSABLE VAPE - PACKSPOD","units":50,"revenue":2426.5000915527344,"cost":1250.0,"profit":1176.500015258789,"transactions":50,"margin":48.5},{"product":"GELATO FREEZE LR DISPOSABLE VAPE - PACKSPOD","units":18,"revenue":1167.3749542236328,"cost":675.0,"profit":492.37499237060547,"transactions":18,"margin":42.20000076293945}],"products_by_store":{"Elevation Springs":[{"product":"JELLY DULCE MINI DISPOSABLE VAPE - PACKSPOD","units":814,"revenue":39902.5,"cost":19860.0,"profit":20042.5,"transactions":780,"margin":50.20000076293945},{"product":"GUAVA BUBBLEGUM MINI DISPOSABLE VAPE - PACKSPOD","units":630,"revenue":29928.00048828125,"cost":15235.0,"profit":14693.00048828125,"transactions":586,"margin":49.099998474121094},{"product":"BANANA FLAMBE LR DISPOSABLE VAPE - PACKSPOD","units":336,"revenue":25411.4990234375,"cost":12600.0,"profit":12811.500244140625,"transactions":328,"margin":50.400001525878906},{"product":"GUAVA BUBBLEGUM LR DISPOSABLE VAPE - PACKSPOD","units":342,"revenue":24869.375,"cost":12825.0,"profit":12044.375,"transactions":322,"margin":48.400001525878906},{"product":"BLACK CHERRY GELATO LR DISP VAPE - PACKSPOD","units":312,"revenue":23149.49951171875,"cost":11337.5,"profit":11811.99951171875,"transactions":308,"margin":51.0},{"product":"BLACK CHERRY GELATO MINI DISPOSABLE VAPE - PACKSPOD","units":426,"revenue":20495.2490234375,"cost":10340.0,"profit":10155.249633789062,"transactions":420,"margin":49.5},{"product":"RAINBOW SORBET LR DISPOSABLE VAPE - PACKSPOD","units":272,"revenue":19737.5,"cost":9950.0,"profit":9787.5,"transactions":262,"margin":49.599998474121094},{"product":"ORANGE CREAMSICLE MINI DISPOSABLE VAPE - PACKSPOD","units":398,"revenue":19100.0,"cost":9950.0,"profit":9150.0,"transactions":362,"margin":47.900001525878906},{"product":"MARSHMALLOW FLUFF MINI DISPOSABLE VAPE - PACKSPOD","units":314,"revenue":14637.249755859375,"cost":7615.0,"profit":7022.249755859375,"transactions":278,"margin":48.0},{"product":"SNICKERBOCKER LR DISPOSABLE VAPE - PACKSPOD","units":142,"revenue":10529.000244140625,"cost":3600.574951171875,"profit":6928.4246826171875,"transactions":140,"margin":65.80000305175781},{"product":"BANANA FLAMBE LR DISP VAPE - PACKSPOD","units":108,"revenue":8045.0,"cost":4050.0,"profit":3995.0,"transactions":94,"margin":49.70000076293945},{"product":"MIAMI HAZE MINI DISPOSABLE VAPE - PACKSPOD","units":100,"revenue":4802.0001220703125,"cost":2475.0,"profit":2326.999969482422,"transactions":94,"margin":48.5},{"product":"GELATO FREEZE LR DISP VAPE - PACKSPOD","units":50,"revenue":3631.1248779296875,"cost":1875.0,"profit":1756.1250305175781,"transactions":46,"margin":48.400001525878906}],"Elevation Mesa":[{"product":"JELLY DULCE MINI DISPOSABLE VAPE - PACKSPOD","units":442,"revenue":20840.625,"cost":10570.0,"profit":10270.625,"transactions":414,"margin":49.29999923706055},{"product":"GUAVA BUBBLEGUM MINI DISPOSABLE VAPE - PACKSPOD","units":400,"revenue":18368.00048828125,"cost":9515.0,"profit":8852.999877929688,"transactions":392,"margin":48.20000076293945},{"product":"BANANA FLAMBE LR DISPOSABLE VAPE - PACKSPOD","units":240,"revenue":17588.125,"cost":8362.5,"profit":9225.625,"transactions":228,"margin":52.5},{"product":"BLACK CHERRY GELATO MINI DISPOSABLE VAPE - PACKSPOD","units":360,"revenue":17308.125,"cost":8635.0,"profit":8673.125,"transactions":344,"margin":50.099998474121094},{"product":"RAINBOW SORBET LR DISPOSABLE VAPE - PACKSPOD","units":232,"revenue":16737.874755859375,"cost":8700.0,"profit":8037.874755859375,"transactions":228,"margin":48.0},{"product":"BLACK CHERRY GELATO LR DISP VAPE - PACKSPOD","units":222,"revenue":16626.37451171875,"cost":8325.0,"profit":8301.375122070312,"transactions":210,"margin":49.900001525878906},{"product":"MARSHMALLOW FLUFF MINI DISPOSABLE VAPE - PACKSPOD","units":330,"revenue":15892.000732421875,"cost":7990.0,"profit":7902.0001220703125,"transactions":312,"margin":49.70000076293945},{"product":"GUAVA BUBBLEGUM LR DISPOSABLE VAPE - PACKSPOD","units":200,"revenue":14441.75048828125,"cost":7500.0,"profit":6941.7498779296875,"transactions":190,"margin":48.099998474121094},{"product":"ORANGE CREAMSICLE MINI DISPOSABLE VAPE - PACKSPOD","units":244,"revenue":10447.5,"cost":5690.0,"profit":4757.5,"transactions":226,"margin":45.5},{"product":"SNICKERBOCKER LR DISPOSABLE VAPE - PACKSPOD","units":100,"revenue":6969.000244140625,"cost":3750.0,"profit":3218.9999389648438,"transactions":96,"margin":46.20000076293945},{"product":"MIAMI HAZE MINI DISPOSABLE VAPE - PACKSPOD","units":152,"revenue":6924.2498779296875,"cost":3560.0,"profit":3364.2498779296875,"transactions":152,"margin":48.599998474121094},{"product":"JELLY DULCE LR DISPOSABLE VAPE - PACKSPOD","units":56,"revenue":4071.0000610351562,"cost":2100.0,"profit":1970.9999084472656,"transactions":54,"margin":48.400001525878906},{"product":"GELATO FREEZE LR DISP VAPE - PACKSPOD","units":42,"revenue":2842.6498413085938,"cost":1575.0,"profit":1267.6499938964844,"transactions":42,"margin":44.599998474121094},{"product":"ORANGE DREAMSICLE MINI DISPOSABLE VAPE - PACKSPOD","units":50,"revenue":2426.5000915527344,"cost":1250.0,"profit":1176.500015258789,"transactions":50,"margin":48.5},{"product":"GELATO FREEZE LR DISPOSABLE VAPE - PACKSPOD","units":8,"revenue":470.12500762939453,"cost":300.0,"profit":170.12500762939453,"transactions":8,"margin":36.20000076293945}],"Elevation Oasis":[{"product":"GUAVA BUBBLEGUM LR DISPOSABLE VAPE - PACKSPOD","units":352,"revenue":28770.0,"cost":13200.0,"profit":15570.0,"transactions":326,"margin":54.099998474121094},{"product":"GUAVA BUBBLEGUM MINI DISPOSABLE VAPE - PACKSPOD","units":440,"revenue":22114.87548828125,"cost":10505.0,"profit":11609.87548828125,"transactions":404,"margin":52.5},{"product":"BLACK CHERRY GELATO LR DISP VAPE - PACKSPOD","units":226,"revenue":18491.99951171875,"cost":8062.5,"profit":10429.49951171875,"transactions":216,"margin":56.400001525878906},{"product":"MARSHMALLOW FLUFF MINI DISPOSABLE VAPE - PACKSPOD","units":330,"revenue":16885.0,"cost":8005.0,"profit":8880.0,"transactions":302,"margin":52.599998474121094},{"product":"JELLY DULCE MINI DISPOSABLE VAPE - PACKSPOD","units":268,"revenue":14164.749755859375,"cost":6455.0,"profit":7709.749755859375,"transactions":248,"margin":54.400001525878906},{"product":"BLACK CHERRY GELATO MINI DISPOSABLE VAPE - PACKSPOD","units":260,"revenue":12947.62451171875,"cost":6200.0,"profit":6747.6251220703125,"transactions":242,"margin":52.099998474121094},{"product":"ORANGE CREAMSICLE MINI DISPOSABLE VAPE - PACKSPOD","units":236,"revenue":11530.250244140625,"cost":5585.0,"profit":5945.250244140625,"transactions":230,"margin":51.599998474121094},{"product":"MIAMI HAZE MINI DISPOSABLE VAPE - PACKSPOD","units":214,"revenue":10951.25,"cost":5065.0,"profit":5886.25,"transactions":200,"margin":53.70000076293945},{"product":"BANANA FLAMBE LR DISPOSABLE VAPE - PACKSPOD","units":128,"revenue":10289.625244140625,"cost":4375.0,"profit":5914.625244140625,"transactions":118,"margin":57.5},{"product":"SNICKERBOCKER LR DISPOSABLE VAPE - PACKSPOD","units":98,"revenue":7917.750244140625,"cost":3675.0,"profit":4242.749938964844,"transactions":92,"margin":53.599998474121094},{"product":"RAINBOW SORBET LR DISPOSABLE VAPE - PACKSPOD","units":76,"revenue":6330.7501220703125,"cost":2850.0,"profit":3480.7501220703125,"transactions":74,"margin":55.0},{"product":"JELLY DULCE LR DISPOSABLE VAPE - PACKSPOD","units":62,"revenue":5088.75,"cost":2325.0,"profit":2763.75,"transactions":58,"margin":54.29999923706055},{"product":"GELATO FREEZE LR DISP VAPE - PACKSPOD","units":48,"revenue":4021.4999389648438,"cost":1800.0,"profit":2221.4999389648438,"transactions":46,"margin":55.20000076293945}],"Elevation Midtown":[{"product":"BLACK CHERRY GELATO LR DISP VAPE - PACKSPOD","units":214,"revenue":17463.499755859375,"cost":7362.5,"profit":10100.999755859375,"transactions":208,"margin":57.79999923706055},{"product":"ORANGE CREAMSICLE MINI DISPOSABLE VAPE - PACKSPOD","units":346,"revenue":15793.62548828125,"cost":8330.0,"profit":7463.6248779296875,"transactions":336,"margin":47.29999923706055},{"product":"BLACK CHERRY GELATO MINI DISPOSABLE VAPE - PACKSPOD","units":310,"revenue":15111.624755859375,"cost":7495.0,"profit":7616.624755859375,"transactions":294,"margin":50.400001525878906},{"product":"RAINBOW SORBET LR DISPOSABLE VAPE - PACKSPOD","units":168,"revenue":13730.999755859375,"cost":6050.0,"profit":7680.999755859375,"transactions":164,"margin":55.900001525878906},{"product":"MARSHMALLOW FLUFF MINI DISPOSABLE VAPE - PACKSPOD","units":248,"revenue":12029.25048828125,"cost":6090.0,"profit":5939.2498779296875,"transactions":240,"margin":49.400001525878906},{"product":"GUAVA BUBBLEGUM MINI DISPOSABLE VAPE - PACKSPOD","units":240,"revenue":11756.75048828125,"cost":5660.0,"profit":6096.7498779296875,"transactions":234,"margin":51.900001525878906},{"product":"GUAVA BUBBLEGUM LR DISPOSABLE VAPE - PACKSPOD","units":138,"revenue":10856.75048828125,"cost":4862.5,"profit":5994.2498779296875,"transactions":136,"margin":55.20000076293945},{"product":"BANANA FLAMBE LR DISPOSABLE VAPE - PACKSPOD","units":118,"revenue":9375.374755859375,"cost":4425.0,"profit":4950.375061035156,"transactions":118,"margin":52.79999923706055},{"product":"JELLY DULCE MINI DISPOSABLE VAPE - PACKSPOD","units":130,"revenue":5889.5001220703125,"cost":3035.0,"profit":2854.5001220703125,"transactions":126,"margin":48.5},{"product":"SNICKERBOCKER LR DISPOSABLE VAPE - PACKSPOD","units":48,"revenue":3829.5001220703125,"cost":1800.0,"profit":2029.4999694824219,"transactions":48,"margin":53.0},{"product":"JELLY DULCE LR DISPOSABLE VAPE - PACKSPOD","units":42,"revenue":3518.9999389648438,"cost":1575.0,"profit":1943.9999389648438,"transactions":38,"margin":55.20000076293945},{"product":"MIAMI HAZE MINI DISPOSABLE VAPE - PACKSPOD","units":74,"revenue":3474.7500610351562,"cost":1665.0,"profit":1809.7500610351562,"transactions":74,"margin":52.099998474121094},{"product":"GELATO FREEZE LR DISP VAPE - PACKSPOD","units":36,"revenue":2915.2499389648438,"cost":1350.0,"profit":1565.2499389648438,"transactions":36,"margin":53.70000076293945},{"product":"BANANA FLAMBE LR DISP VAPE - PACKSPOD","units":20,"revenue":1656.0000610351562,"cost":750.0,"profit":905.9999847412109,"transactions":20,"margin":54.70000076293945},{"product":"GELATO FREEZE LR DISPOSABLE VAPE - PACKSPOD","units":10,"revenue":697.2499847412109,"cost":375.0,"profit":322.24998474121094,"transactions":10,"margin":46.20000076293945}],"Elevation Boulevard":[{"product":"JELLY DULCE MINI DISPOSABLE VAPE - PACKSPOD","units":402,"revenue":17807.37548828125,"cost":9685.0,"profit":8122.3748779296875,"transactions":376,"margin":45.599998474121094},{"product":"BLACK CHERRY GELATO LR DISP VAPE - PACKSPOD","units":208,"revenue":14455.875244140625,"cost":7112.5,"profit":7343.3746337890625,"transactions":204,"margin":50.79999923706055},{"product":"ORANGE CREAMSICLE MINI DISPOSABLE VAPE - PACKSPOD","units":268,"revenue":11956.75048828125,"cost":6410.0,"profit":5546.7498779296875,"transactions":240,"margin":46.400001525878906},{"product":"BANANA FLAMBE LR DISPOSABLE VAPE - PACKSPOD","units":148,"revenue":10012.374877929688,"cost":5237.5,"profit":4774.8748779296875,"transactions":144,"margin":47.70000076293945},{"product":"MIAMI HAZE MINI DISPOSABLE VAPE - PACKSPOD","units":206,"revenue":9737.750244140625,"cost":5150.0,"profit":4587.749938964844,"transactions":194,"margin":47.099998474121094},{"product":"MARSHMALLOW FLUFF MINI DISPOSABLE VAPE - PACKSPOD","units":208,"revenue":9342.250366210938,"cost":5085.0,"profit":4257.250061035156,"transactions":192,"margin":45.599998474121094},{"product":"GUAVA BUBBLEGUM MINI DISPOSABLE VAPE - PACKSPOD","units":210,"revenue":9142.625122070312,"cost":5000.0,"profit":4142.624816894531,"transactions":178,"margin":45.29999923706055},{"product":"BLACK CHERRY GELATO MINI DISPOSABLE VAPE - PACKSPOD","units":210,"revenue":8991.875,"cost":5000.0,"profit":3991.875,"transactions":202,"margin":44.400001525878906},{"product":"RAINBOW SORBET LR DISPOSABLE VAPE - PACKSPOD","units":116,"revenue":8421.4501953125,"cost":4112.5,"profit":4308.949890136719,"transactions":112,"margin":51.20000076293945},{"product":"GUAVA BUBBLEGUM LR DISPOSABLE VAPE - PACKSPOD","units":106,"revenue":7693.499755859375,"cost":3675.0,"profit":4018.5000610351562,"transactions":102,"margin":52.20000076293945},{"product":"BANANA FLAMBE LR DISP VAPE - PACKSPOD","units":54,"revenue":2949.89990234375,"cost":2025.0,"profit":924.8999786376953,"transactions":40,"margin":31.399999618530273},{"product":"RAINBOW SORBET LR DISP VAPE 1.5G - PACKSPOD","units":34,"revenue":2421.25,"cost":1275.0,"profit":1146.25,"transactions":34,"margin":47.29999923706055},{"product":"SNICKERBOCKER LR DISPOSABLE VAPE - PACKSPOD","units":30,"revenue":2138.9999389648438,"cost":1125.0,"profit":1014.0000152587891,"transactions":28,"margin":47.400001525878906},{"product":"GELATO FREEZE LR DISP VAPE - PACKSPOD","units":28,"revenue":1738.2499694824219,"cost":1050.0,"profit":688.2499694824219,"transactions":28,"margin":39.599998474121094}],"Elevation Parkway":[{"product":"GUAVA BUBBLEGUM MINI DISPOSABLE VAPE - PACKSPOD","units":684,"revenue":34953.42529296875,"cost":16490.0,"profit":18463.42529296875,"transactions":660,"margin":52.79999923706055},{"product":"JELLY DULCE MINI DISPOSABLE VAPE - PACKSPOD","units":634,"revenue":29908.60107421875,"cost":15260.0,"profit":14648.599853515625,"transactions":588,"margin":49.0},{"product":"BLACK CHERRY GELATO LR DISP VAPE - PACKSPOD","units":262,"revenue":20285.999755859375,"cost":9825.0,"profit":10460.999755859375,"transactions":246,"margin":51.599998474121094},{"product":"BANANA FLAMBE LR DISPOSABLE VAPE - PACKSPOD","units":236,"revenue":18294.625244140625,"cost":8850.0,"profit":9444.625244140625,"transactions":224,"margin":51.599998474121094},{"product":"GUAVA BUBBLEGUM LR DISPOSABLE VAPE - PACKSPOD","units":218,"revenue":17220.0,"cost":8175.0,"profit":9045.0,"transactions":202,"margin":52.5},{"product":"ORANGE CREAMSICLE MINI DISPOSABLE VAPE - PACKSPOD","units":316,"revenue":16644.749755859375,"cost":7900.0,"profit":8744.749755859375,"transactions":302,"margin":52.5},{"product":"RAINBOW SORBET LR DISPOSABLE VAPE - PACKSPOD","units":186,"revenue":14932.5,"cost":6975.0,"profit":7957.5,"transactions":164,"margin":53.29999923706055},{"product":"BLACK CHERRY GELATO MINI DISPOSABLE VAPE - PACKSPOD","units":300,"revenue":14445.999755859375,"cost":7255.0,"profit":7190.999755859375,"transactions":288,"margin":49.79999923706055},{"product":"SNICKERBOCKER LR DISPOSABLE VAPE - PACKSPOD","units":146,"revenue":11502.874755859375,"cost":5275.0,"profit":6227.874755859375,"transactions":142,"margin":54.099998474121094},{"product":"MARSHMALLOW FLUFF MINI DISPOSABLE VAPE - PACKSPOD","units":160,"revenue":8410.999755859375,"cost":4000.0,"profit":4411.000061035156,"transactions":146,"margin":52.400001525878906},{"product":"MIAMI HAZE MINI DISPOSABLE VAPE - PACKSPOD","units":150,"revenue":7815.9002685546875,"cost":3750.0,"profit":4065.8999633789062,"transactions":146,"margin":52.0},{"product":"BANANA FLAMBE LR DISP VAPE - PACKSPOD","units":80,"revenue":6192.750244140625,"cost":3000.0,"profit":3192.7499389648438,"transactions":76,"margin":51.599998474121094},{"product":"GELATO FREEZE LR DISP VAPE - PACKSPOD","units":50,"revenue":3772.0498657226562,"cost":1875.0,"profit":1897.0500183105469,"transactions":46,"margin":50.29999923706055},{"product":"JELLY DULCE LR DISPOSABLE VAPE - PACKSPOD","units":26,"revenue":1992.3750305175781,"cost":975.0,"profit":1017.3749542236328,"transactions":26,"margin":51.099998474121094}]},"store_summary":[{"store_clean":"Elevation Springs","units":4244,"revenue":244238.0078125,"cost":121713.076171875,"profit":122524.921875,"discounts":40762.001953125,"margin":50.20000076293945,"discount_rate":14.300000190734863},{"store_clean":"Elevation Parkway","units":3448,"revenue":206372.8515625,"cost":99605.0,"profit":106767.8515625,"discounts":22734.65087890625,"margin":51.70000076293945,"discount_rate":9.899999618530273},{"store_clean":"Elevation Mesa","units":3080,"revenue":172109.16015625,"cost":87897.5,"profit":84211.650390625,"discounts":31253.349609375,"margin":48.900001525878906,"discount_rate":15.399999618530273},{"store_clean":"Elevation Oasis","units":2738,"revenue":169504.12109375,"cost":78102.5,"profit":91401.62109375,"discounts":11660.875244140625,"margin":53.900001525878906,"discount_rate":6.400000095367432},{"store_clean":"Elevation Midtown","units":2142,"revenue":128099.12109375,"cost":60825.0,"profit":67274.1259765625,"discounts":11858.375244140625,"margin":52.5,"discount_rate":8.5},{"store_clean":"Elevation Boulevard","units":2228,"revenue":116810.224609375,"cost":61942.5,"profit":54867.724609375,"discounts":27139.775390625,"margin":47.0,"discount_rate":18.899999618530273}],"recommendations":[{"severity":"info","title":"VOLUME LEVERAGE","detail":"$414,853 revenue provides negotiating leverage.","action":"Use volume as leverage in next vendor meeting."}],"comparison":null}