{"brand":"MAMMOTH LABS","date_range":"2024-01-01 00:00:00 to 2026-01-31 00:00:00","period_label":"All Time","summary":{"total_units":5097,"total_revenue":174649.5,"total_cost":95449.0,"total_discounts":43183.5078125,"total_profit":79200.484375,"overall_margin":45.29999923706055,"fp_margin":56.5,"disc_margin":36.5,"pct_full_price":44.099998474121094,"avg_discount_rate":19.799999237060547,"fp_revenue":76954.0,"disc_revenue":97695.484375,"brand":"MAMMOTH LABS","date_range":"2024-01-01 00:00:00 to 2026-01-31 00:00:00","primary_category":"DISPOSABLE VAPE","store_coverage":"5/7","stores_present":["Thrive Cactus","Thrive Cheyenne","Thrive Reno","Thrive Sahara","Thrive Sammy"],"stores_missing":["Thrive Jackpot","Thrive Main Street"],"velocity_rank":22,"velocity_total":35},"distribution":[{"store":"Thrive Cactus","carries_brand":true,"sku_count":28,"revenue":58902.40234375,"units":1716,"store_total_revenue":20455500.0,"brand_share_pct":0.30000001192092896},{"store":"Thrive Cheyenne","carries_brand":true,"sku_count":14,"revenue":20013.80078125,"units":604,"store_total_revenue":19012896.0,"brand_share_pct":0.10000000149011612},{"store":"Thrive Jackpot","carries_brand":false,"sku_count":0,"revenue":0,"units":0,"store_total_revenue":22420058.0,"brand_share_pct":0},{"store":"Thrive Main Street","carries_brand":false,"sku_count":0,"revenue":0,"units":0,"store_total_revenue":778094.875,"brand_share_pct":0},{"store":"Thrive Reno","carries_brand":true,"sku_count":14,"revenue":25948.80078125,"units":740,"store_total_revenue":12340074.0,"brand_share_pct":0.20000000298023224},{"store":"Thrive Sahara","carries_brand":true,"sku_count":20,"revenue":19464.73046875,"units":600,"store_total_revenue":11503146.0,"brand_share_pct":0.20000000298023224},{"store":"Thrive Sammy","carries_brand":true,"sku_count":31,"revenue":50319.7578125,"units":1437,"store_total_revenue":8794803.0,"brand_share_pct":0.6000000238418579}],"share_of_category":[{"category":"DISPOSABLE VAPE","brand_revenue":70130.15625,"category_revenue":12220962.0,"revenue_share_pct":0.6000000238418579,"brand_units":1520,"category_units":378274,"units_share_pct":0.4},{"category":"INFUSED PRE ROLL","brand_revenue":55205.8515625,"category_revenue":4123240.5,"revenue_share_pct":1.2999999523162842,"brand_units":2421,"category_units":244037,"units_share_pct":1.0},{"category":"CONCENTRATE","brand_revenue":49313.4765625,"category_revenue":3146543.0,"revenue_share_pct":1.600000023841858,"brand_units":1156,"category_units":158316,"units_share_pct":0.7}],"share_of_category_trend":{"DISPOSABLE VAPE":[{"period":"2024-01","brand_revenue":13674.400390625,"category_revenue":373389.96875,"share_pct":3.700000047683716},{"period":"2024-02","brand_revenue":10633.9501953125,"category_revenue":351112.84375,"share_pct":3.0},{"period":"2024-03","brand_revenue":2693.7099609375,"category_revenue":396276.8125,"share_pct":0.699999988079071},{"period":"2024-04","brand_revenue":17198.5,"category_revenue":388780.875,"share_pct":4.400000095367432},{"period":"2024-05","brand_revenue":14636.599609375,"category_revenue":414040.1875,"share_pct":3.5},{"period":"2024-06","brand_revenue":3059.199951171875,"category_revenue":415917.6875,"share_pct":0.699999988079071},{"period":"2024-07","brand_revenue":3954.199951171875,"category_revenue":432654.625,"share_pct":0.8999999761581421},{"period":"2024-08","brand_revenue":1950.0,"category_revenue":439463.25,"share_pct":0.4000000059604645},{"period":"2024-09","brand_revenue":2269.60009765625,"category_revenue":422557.8125,"share_pct":0.5},{"period":"2024-10","brand_revenue":60.0,"category_revenue":478816.46875,"share_pct":0.0},{"period":"2024-11","brand_revenue":0.0,"category_revenue":477592.09375,"share_pct":0.0},{"period":"2024-12","brand_revenue":0.0,"category_revenue":488803.59375,"share_pct":0.0},{"period":"2025-01","brand_revenue":0.0,"category_revenue":440220.96875,"share_pct":0.0},{"period":"2025-02","brand_revenue":0.0,"category_revenue":466908.5,"share_pct":0.0},{"period":"2025-03","brand_revenue":0.0,"category_revenue":539542.6875,"share_pct":0.0},{"period":"2025-04","brand_revenue":0.0,"category_revenue":565855.9375,"share_pct":0.0},{"period":"2025-05","brand_revenue":0.0,"category_revenue":584235.375,"share_pct":0.0},{"period":"2025-06","brand_revenue":0.0,"category_revenue":528341.1875,"share_pct":0.0},{"period":"2025-07","brand_revenue":0.0,"category_revenue":580477.9375,"share_pct":0.0},{"period":"2025-08","brand_revenue":0.0,"category_revenue":561408.25,"share_pct":0.0},{"period":"2025-09","brand_revenue":0.0,"category_revenue":527007.25,"share_pct":0.0},{"period":"2025-10","brand_revenue":0.0,"category_revenue":604677.5,"share_pct":0.0},{"period":"2025-11","brand_revenue":0.0,"category_revenue":592683.6875,"share_pct":0.0},{"period":"2025-12","brand_revenue":0.0,"category_revenue":590758.75,"share_pct":0.0},{"period":"2026-01","brand_revenue":0.0,"category_revenue":559437.9375,"share_pct":0.0}],"INFUSED PRE ROLL":[{"period":"2024-01","brand_revenue":1545.5999755859375,"category_revenue":164363.140625,"share_pct":0.8999999761581421},{"period":"2024-02","brand_revenue":1699.5999755859375,"category_revenue":183484.59375,"share_pct":0.8999999761581421},{"period":"2024-03","brand_revenue":6865.60009765625,"category_revenue":170985.75,"share_pct":4.0},{"period":"2024-04","brand_revenue":6525.7998046875,"category_revenue":171479.984375,"share_pct":3.799999952316284},{"period":"2024-05","brand_revenue":10878.599609375,"category_revenue":200439.328125,"share_pct":5.400000095367432},{"period":"2024-06","brand_revenue":14406.330078125,"category_revenue":190928.3125,"share_pct":7.5},{"period":"2024-07","brand_revenue":9633.7197265625,"category_revenue":191752.84375,"share_pct":5.0},{"period":"2024-08","brand_revenue":3107.400146484375,"category_revenue":189743.640625,"share_pct":1.600000023841858},{"period":"2024-09","brand_revenue":543.2000122070312,"category_revenue":169712.046875,"share_pct":0.30000001192092896},{"period":"2024-10","brand_revenue":0.0,"category_revenue":188336.265625,"share_pct":0.0},{"period":"2024-11","brand_revenue":0.0,"category_revenue":169714.046875,"share_pct":0.0},{"period":"2024-12","brand_revenue":0.0,"category_revenue":172837.265625,"share_pct":0.0},{"period":"2025-01","brand_revenue":0.0,"category_revenue":143201.15625,"share_pct":0.0},{"period":"2025-02","brand_revenue":0.0,"category_revenue":130032.0703125,"share_pct":0.0},{"period":"2025-03","brand_revenue":0.0,"category_revenue":138952.03125,"share_pct":0.0},{"period":"2025-04","brand_revenue":0.0,"category_revenue":160536.5625,"share_pct":0.0},{"period":"2025-05","brand_revenue":0.0,"category_revenue":151230.4375,"share_pct":0.0},{"period":"2025-06","brand_revenue":0.0,"category_revenue":141607.859375,"share_pct":0.0},{"period":"2025-07","brand_revenue":0.0,"category_revenue":166403.28125,"share_pct":0.0},{"period":"2025-08","brand_revenue":0.0,"category_revenue":170113.3125,"share_pct":0.0},{"period":"2025-09","brand_revenue":0.0,"category_revenue":151325.5,"share_pct":0.0},{"period":"2025-10","brand_revenue":0.0,"category_revenue":155667.328125,"share_pct":0.0},{"period":"2025-11","brand_revenue":0.0,"category_revenue":156216.546875,"share_pct":0.0},{"period":"2025-12","brand_revenue":0.0,"category_revenue":157124.9375,"share_pct":0.0},{"period":"2026-01","brand_revenue":0.0,"category_revenue":137052.296875,"share_pct":0.0}],"CONCENTRATE":[{"period":"2024-01","brand_revenue":8061.14990234375,"category_revenue":140451.84375,"share_pct":5.699999809265137},{"period":"2024-02","brand_revenue":4556.009765625,"category_revenue":148489.796875,"share_pct":3.0999999046325684},{"period":"2024-03","brand_revenue":7466.68994140625,"category_revenue":150385.71875,"share_pct":5.0},{"period":"2024-04","brand_revenue":7483.89990234375,"category_revenue":141098.34375,"share_pct":5.300000190734863},{"period":"2024-05","brand_revenue":7305.22998046875,"category_revenue":138411.0,"share_pct":5.300000190734863},{"period":"2024-06","brand_revenue":6922.2998046875,"category_revenue":124289.359375,"share_pct":5.599999904632568},{"period":"2024-07","brand_revenue":5621.60009765625,"category_revenue":134488.03125,"share_pct":4.199999809265137},{"period":"2024-08","brand_revenue":1258.5999755859375,"category_revenue":129601.6171875,"share_pct":1.0},{"period":"2024-09","brand_revenue":638.0,"category_revenue":130733.671875,"share_pct":0.5},{"period":"2024-10","brand_revenue":0.0,"category_revenue":129800.34375,"share_pct":0.0},{"period":"2024-11","brand_revenue":0.0,"category_revenue":140496.015625,"share_pct":0.0},{"period":"2024-12","brand_revenue":0.0,"category_revenue":129658.171875,"share_pct":0.0},{"period":"2025-01","brand_revenue":0.0,"category_revenue":130299.6796875,"share_pct":0.0},{"period":"2025-02","brand_revenue":0.0,"category_revenue":120199.609375,"share_pct":0.0},{"period":"2025-03","brand_revenue":0.0,"category_revenue":119268.609375,"share_pct":0.0},{"period":"2025-04","brand_revenue":0.0,"category_revenue":137342.25,"share_pct":0.0},{"period":"2025-05","brand_revenue":0.0,"category_revenue":115534.6484375,"share_pct":0.0},{"period":"2025-06","brand_revenue":0.0,"category_revenue":112371.3359375,"share_pct":0.0},{"period":"2025-07","brand_revenue":0.0,"category_revenue":113441.671875,"share_pct":0.0},{"period":"2025-08","brand_revenue":0.0,"category_revenue":109909.5078125,"share_pct":0.0},{"period":"2025-09","brand_revenue":0.0,"category_revenue":105839.6796875,"share_pct":0.0},{"period":"2025-10","brand_revenue":0.0,"category_revenue":111006.1875,"share_pct":0.0},{"period":"2025-11","brand_revenue":0.0,"category_revenue":118309.328125,"share_pct":0.0},{"period":"2025-12","brand_revenue":0.0,"category_revenue":106816.8203125,"share_pct":0.0},{"period":"2026-01","brand_revenue":0.0,"category_revenue":108299.8828125,"share_pct":0.0}]},"velocity_by_category":[{"category":"INFUSED PRE ROLL","brand_units_per_day":3.18,"category_avg_units_per_day":12.81,"velocity_index":24.8,"brand_rev_per_unit":22.8,"category_rev_per_unit":16.9,"brands_in_category":25},{"category":"CONCENTRATE","brand_units_per_day":1.52,"category_avg_units_per_day":7.69,"velocity_index":19.7,"brand_rev_per_unit":42.66,"category_rev_per_unit":19.88,"brands_in_category":27},{"category":"DISPOSABLE VAPE","brand_units_per_day":1.99,"category_avg_units_per_day":14.18,"velocity_index":14.1,"brand_rev_per_unit":46.14,"category_rev_per_unit":32.31,"brands_in_category":35}],"store_gaps":[{"store":"Thrive Jackpot","category":"DISPOSABLE VAPE","category_revenue_at_store":2567060.75,"opportunity":"Brand not carried"},{"store":"Thrive Jackpot","category":"CONCENTRATE","category_revenue_at_store":923247.875,"opportunity":"Brand not carried"},{"store":"Thrive Jackpot","category":"INFUSED PRE ROLL","category_revenue_at_store":425842.1875,"opportunity":"Brand not carried"},{"store":"Thrive Main Street","category":"DISPOSABLE VAPE","category_revenue_at_store":154562.515625,"opportunity":"Brand not carried"},{"store":"Thrive Main Street","category":"INFUSED PRE ROLL","category_revenue_at_store":53696.828125,"opportunity":"Brand not carried"},{"store":"Thrive Main Street","category":"CONCENTRATE","category_revenue_at_store":21268.361328125,"opportunity":"Brand not carried"}],"product_mix":{"top":[{"product":"SOUR POWER OG INFUSED PRE ROLL - MAMMOTH LABS","units":1359,"revenue":29688.291015625,"cost":16308.0,"profit":13380.2900390625,"stores":5,"transactions":1008,"margin":45.099998474121094},{"product":"GOAT PISS LIVE ROSIN DISPOSABLE VAPE - MAMMOTH LABS","units":217,"revenue":12631.400390625,"cost":6076.0,"profit":6555.39990234375,"stores":2,"transactions":189,"margin":51.900001525878906},{"product":"CANAL STREET RUNTZ LIVE ROSIN DISPOSABLE VAPE - MAMMOTH LABS","units":219,"revenue":11403.0,"cost":6132.0,"profit":5271.0,"stores":5,"transactions":209,"margin":46.20000076293945},{"product":"COSMIC LIVE ROSIN DISPOSABLE VAPE - MAMMOTH LABS","units":209,"revenue":10705.900390625,"cost":5852.0,"profit":4853.89990234375,"stores":5,"transactions":196,"margin":45.29999923706055},{"product":"SPRITZER LIVE RESIN BADDER - MAMMOTH LABS","units":229,"revenue":10062.330078125,"cost":5725.0,"profit":4337.330078125,"stores":4,"transactions":211,"margin":43.099998474121094},{"product":"CHERRY CANYONZ LIVE ROSIN DISPOSABLE VAPE - MAMMOTH LABS","units":188,"revenue":9765.0,"cost":5264.0,"profit":4501.0,"stores":4,"transactions":179,"margin":46.099998474121094},{"product":"CANAL STREET RUNTZ LIVE RESIN BADDER - MAMMOTH LABS","units":190,"revenue":7824.2998046875,"cost":4750.0,"profit":3074.300048828125,"stores":5,"transactions":178,"margin":39.29999923706055},{"product":"COSMIC LIVE RESIN BADDER - MAMMOTH LABS","units":182,"revenue":7707.2998046875,"cost":4550.0,"profit":3157.300048828125,"stores":4,"transactions":157,"margin":41.0},{"product":"GARLIC COOKIES DIAMOND INFUSED PRE ROLL - MAMMOTH LABS","units":206,"revenue":5057.2001953125,"cost":2472.0,"profit":2585.199951171875,"stores":2,"transactions":152,"margin":51.099998474121094},{"product":"BLACKOUT CHERRIES DIAMOND INFUSED PRE ROLL - MAMMOTH LABS","units":190,"revenue":4530.9599609375,"cost":2280.0,"profit":2250.9599609375,"stores":2,"transactions":157,"margin":49.70000076293945},{"product":"KUSH CO OG INFUSED PRE ROLL - MAMMOTH LABS","units":178,"revenue":4333.0,"cost":2136.0,"profit":2197.0,"stores":2,"transactions":157,"margin":50.70000076293945},{"product":"ONION RING DIAMOND INFUSED PRE ROLL - MAMMOTH LABS","units":174,"revenue":4270.2001953125,"cost":2088.0,"profit":2182.199951171875,"stores":2,"transactions":144,"margin":51.099998474121094},{"product":"STRAWBERRY MANGO HAZE LIVE RESIN BADDER 1G - MAMMOTH LABS","units":98,"revenue":3591.2099609375,"cost":2450.0,"profit":1141.2099609375,"stores":3,"transactions":87,"margin":31.799999237060547},{"product":"SUGAR CANE INFUSED PRE ROLL - MAMMOTH LABS","units":142,"revenue":3411.800048828125,"cost":1704.0,"profit":1707.800048828125,"stores":2,"transactions":129,"margin":50.099998474121094},{"product":"ZPRITE LR BADDER - MAMMOTH LABS","units":69,"revenue":3190.0,"cost":1725.0,"profit":1465.0,"stores":3,"transactions":66,"margin":45.900001525878906},{"product":"SUPER LEMON HAZE LIVE RESIN BADDER - MAMMOTH LABS","units":75,"revenue":3141.889892578125,"cost":1875.0,"profit":1266.8900146484375,"stores":3,"transactions":64,"margin":40.29999923706055},{"product":"SUPER LEMON HAZE LIVE RESIN DISPOSABLE VAPE - MAMMOTH LABS","units":69,"revenue":2968.4599609375,"cost":1587.0,"profit":1381.4599609375,"stores":3,"transactions":67,"margin":46.5},{"product":"GARLIC SHERB CRASHER SAUCE DISP VAPE - MAMMOTH LABS","units":75,"revenue":2502.449951171875,"cost":1350.0,"profit":1152.449951171875,"stores":2,"transactions":70,"margin":46.099998474121094},{"product":"GARLIC COOKIES DISPOSABLE VAPE - MAMMOTH LABS","units":85,"revenue":2403.14990234375,"cost":1530.0,"profit":873.1500244140625,"stores":3,"transactions":73,"margin":36.29999923706055},{"product":"BANANA ENVY LIVE RESIN BADDER 1G - MAMMOTH LABS","units":71,"revenue":2384.389892578125,"cost":1775.0,"profit":609.3900146484375,"stores":3,"transactions":68,"margin":25.600000381469727}],"bottom":[{"product":"COSMIC LIVE ROSIN BADDER - MAMMOTH LABS","units":10,"revenue":699.2000122070312,"cost":400.0,"profit":299.20001220703125,"stores":1,"transactions":10,"margin":42.79999923706055},{"product":"LEMON PASTRIES INFUSED PRE ROLL - MAMMOTH LABS","units":25,"revenue":509.6000061035156,"cost":300.0,"profit":209.60000610351562,"stores":1,"transactions":23,"margin":41.099998474121094},{"product":"GARLIC COOKIES SAUCE DISP VAPE 0.5G - MAMMOTH LABS","units":12,"revenue":420.95001220703125,"cost":216.0,"profit":204.9499969482422,"stores":1,"transactions":11,"margin":48.70000076293945},{"product":"SUGAR COOKIES LR SAUCE DISP VAPE 0.5G - MAMMOTH LABS","units":12,"revenue":349.20001220703125,"cost":300.0,"profit":49.20000076293945,"stores":1,"transactions":11,"margin":14.100000381469727},{"product":"MODIFIED GRAPES LR BADDER 1G - MAMMOTH LABS","units":5,"revenue":214.66000366210938,"cost":125.0,"profit":89.66000366210938,"stores":1,"transactions":5,"margin":41.79999923706055},{"product":"STRAWBERRY 2.1 DISPOSABLE VAPE 0.5G - MAMMOTH LABS","units":5,"revenue":179.39999389648438,"cost":90.0,"profit":89.4000015258789,"stores":1,"transactions":5,"margin":49.79999923706055},{"product":"GARLIC BANANA INFUSED PRE ROLL - MAMMOTH LABS","units":8,"revenue":170.8000030517578,"cost":96.0,"profit":74.80000305175781,"stores":1,"transactions":8,"margin":43.79999923706055},{"product":"WHITE RUNTZ LR DISPOSABLE VAPE - MAMMOTH LABS","units":3,"revenue":127.19999694824219,"cost":69.0,"profit":58.20000076293945,"stores":1,"transactions":3,"margin":45.79999923706055},{"product":"SUPER SOUR DIESEL DIAMOND SAUCE DISP VAPE - MAMMOTH LABS","units":2,"revenue":74.0999984741211,"cost":36.0,"profit":38.099998474121094,"stores":1,"transactions":2,"margin":51.400001525878906},{"product":"SUPER LEMON HAZE LR DISPOSABLE VAPE 0.5G - MAMMOTH LABS","units":2,"revenue":72.0,"cost":50.0,"profit":22.0,"stores":1,"transactions":2,"margin":30.600000381469727}],"expansion":[{"product":"GOAT PISS LIVE ROSIN DISPOSABLE VAPE - MAMMOTH LABS","current_stores":2,"total_stores":5,"missing_stores":["Thrive Cheyenne","Thrive Reno","Thrive Sahara"],"revenue":12631.400390625},{"product":"SPRITZER LIVE RESIN BADDER - MAMMOTH LABS","current_stores":4,"total_stores":5,"missing_stores":["Thrive Sahara"],"revenue":10062.330078125},{"product":"CHERRY CANYONZ LIVE ROSIN DISPOSABLE VAPE - MAMMOTH LABS","current_stores":4,"total_stores":5,"missing_stores":["Thrive Sahara"],"revenue":9765.0},{"product":"COSMIC LIVE RESIN BADDER - MAMMOTH LABS","current_stores":4,"total_stores":5,"missing_stores":["Thrive Sammy"],"revenue":7707.2998046875},{"product":"GARLIC COOKIES DIAMOND INFUSED PRE ROLL - MAMMOTH LABS","current_stores":2,"total_stores":5,"missing_stores":["Thrive Cheyenne","Thrive Reno","Thrive Sahara"],"revenue":5057.2001953125},{"product":"BLACKOUT CHERRIES DIAMOND INFUSED PRE ROLL - MAMMOTH LABS","current_stores":2,"total_stores":5,"missing_stores":["Thrive Cheyenne","Thrive Reno","Thrive Sahara"],"revenue":4530.9599609375},{"product":"KUSH CO OG INFUSED PRE ROLL - MAMMOTH LABS","current_stores":2,"total_stores":5,"missing_stores":["Thrive Cheyenne","Thrive Reno","Thrive Sahara"],"revenue":4333.0},{"product":"ONION RING DIAMOND INFUSED PRE ROLL - MAMMOTH LABS","current_stores":2,"total_stores":5,"missing_stores":["Thrive Cheyenne","Thrive Reno","Thrive Sahara"],"revenue":4270.2001953125},{"product":"STRAWBERRY MANGO HAZE LIVE RESIN BADDER 1G - MAMMOTH LABS","current_stores":3,"total_stores":5,"missing_stores":["Thrive Cactus","Thrive Sammy"],"revenue":3591.2099609375},{"product":"SUGAR CANE INFUSED PRE ROLL - MAMMOTH LABS","current_stores":2,"total_stores":5,"missing_stores":["Thrive Cheyenne","Thrive Reno","Thrive Sahara"],"revenue":3411.800048828125}]},"pricing_consistency":[{"product":"PAPAYA COOKIES SAUCE DISPOSABLE VAPE - MAMMOTH LABS","min_price":22.318181818181817,"max_price":35.84729333826014,"avg_price":29.08273757822098,"std_dev":9.566526499276419,"store_count":2,"price_range":13.52911152007832,"range_pct":46.5},{"product":"GARLIC COOKIES DISPOSABLE VAPE - MAMMOTH LABS","min_price":26.11499938964844,"max_price":36.259376525878906,"avg_price":29.738585355912132,"std_dev":5.6588378104335195,"store_count":3,"price_range":10.144377136230467,"range_pct":34.1},{"product":"CANAL STREET RUNTZ LIVE RESIN BADDER - MAMMOTH LABS","min_price":35.96,"max_price":47.13999938964844,"avg_price":41.11333699588985,"std_dev":4.225796186763219,"store_count":5,"price_range":11.179999389648437,"range_pct":27.2},{"product":"COSMIC LIVE ROSIN DISPOSABLE VAPE - MAMMOTH LABS","min_price":46.31836933992347,"max_price":58.18947239925987,"avg_price":51.71940700712851,"std_dev":4.370408174802573,"store_count":5,"price_range":11.871103059336399,"range_pct":23.0},{"product":"COSMIC LIVE RESIN BADDER - MAMMOTH LABS","min_price":37.7439990234375,"max_price":47.044442635995374,"avg_price":42.11786099469221,"std_dev":4.084926424655675,"store_count":4,"price_range":9.30044361255787,"range_pct":22.1},{"product":"SPRITZER LIVE RESIN BADDER - MAMMOTH LABS","min_price":38.44800048828125,"max_price":47.93650793650794,"avg_price":43.118466970493785,"std_dev":3.8778381722972464,"store_count":4,"price_range":9.488507448226684,"range_pct":22.0},{"product":"SUPER LEMON HAZE LIVE RESIN DISPOSABLE VAPE - MAMMOTH LABS","min_price":40.35420949835526,"max_price":50.1875,"avg_price":45.15883070235031,"std_dev":4.920472404519393,"store_count":3,"price_range":9.83329050164474,"range_pct":21.8},{"product":"CANAL STREET RUNTZ LIVE ROSIN DISPOSABLE VAPE - MAMMOTH LABS","min_price":47.98765733506944,"max_price":58.94000244140625,"avg_price":53.2532590087349,"std_dev":4.018276318465072,"store_count":5,"price_range":10.952345106336807,"range_pct":20.6},{"product":"SUPER LEMON HAZE LIVE RESIN BADDER - MAMMOTH LABS","min_price":39.1499989827474,"max_price":47.2960009765625,"avg_price":41.88278787534836,"std_dev":4.688053175295641,"store_count":3,"price_range":8.146001993815105,"range_pct":19.4},{"product":"CHERRY CANYONZ LIVE ROSIN DISPOSABLE VAPE - MAMMOTH LABS","min_price":46.7439990234375,"max_price":56.45128455528846,"avg_price":52.17771737905649,"std_dev":4.78412643244978,"store_count":4,"price_range":9.707285531850957,"range_pct":18.6},{"product":"GARLIC SHERB CRASHER SAUCE DISP VAPE - MAMMOTH LABS","min_price":30.51841976768092,"max_price":36.29054054054054,"avg_price":33.40448015411073,"std_dev":4.081505740316774,"store_count":2,"price_range":5.772120772859619,"range_pct":17.3},{"product":"SOUR POWER OG INFUSED PRE ROLL - MAMMOTH LABS","min_price":20.553508621762948,"max_price":24.192000325520834,"avg_price":21.915179065353534,"std_dev":1.4383579476357387,"store_count":5,"price_range":3.638491703757886,"range_pct":16.6},{"product":"KUSH CO OG INFUSED PRE ROLL - MAMMOTH LABS","min_price":22.11645662331883,"max_price":26.119192412405305,"avg_price":24.11782451786207,"std_dev":2.8303616197611317,"store_count":2,"price_range":4.002735789086476,"range_pct":16.6},{"product":"STRAWBERRY MANGO HAZE LIVE RESIN BADDER 1G - MAMMOTH LABS","min_price":33.96511627906977,"max_price":40.0,"avg_price":37.535496020719336,"std_dev":3.1657820965179244,"store_count":3,"price_range":6.034883720930232,"range_pct":16.1},{"product":"ZPRITE LIVE RESIN BADDER - MAMMOTH LABS","min_price":40.116668701171875,"max_price":47.0823543772978,"avg_price":44.490979414969964,"std_dev":3.809768910977354,"store_count":3,"price_range":6.965685676125922,"range_pct":15.7},{"product":"PINEAPPLE FANTA CR DISPOSABLE VAPE - MAMMOTH LABS","min_price":32.95769324669471,"max_price":38.34706025965073,"avg_price":35.65237675317272,"std_dev":3.8108579611642934,"store_count":2,"price_range":5.389367012956022,"range_pct":15.1},{"product":"BANANA ENVY LIVE RESIN BADDER 1G - MAMMOTH LABS","min_price":33.159574468085104,"max_price":38.13333384195963,"avg_price":35.057794678497054,"std_dev":2.687774267904645,"store_count":3,"price_range":4.973759373874529,"range_pct":14.2},{"product":"SOUR GRAPES CR DISPOSABLE VAPE - MAMMOTH LABS","min_price":31.88888888888889,"max_price":36.658824247472424,"avg_price":34.273856568180655,"std_dev":3.372853637875905,"store_count":2,"price_range":4.769935358583535,"range_pct":13.9},{"product":"ZPRITE LR BADDER - MAMMOTH LABS","min_price":42.18181818181818,"max_price":47.125,"avg_price":45.38432400932401,"std_dev":2.7769536322713955,"store_count":3,"price_range":4.94318181818182,"range_pct":10.9},{"product":"WHITE RAINBOW LIVE RESIN BADDER - MAMMOTH LABS","min_price":42.44166056315104,"max_price":47.09599609375,"avg_price":44.768828328450525,"std_dev":3.2911122156040125,"store_count":2,"price_range":4.6543355305989635,"range_pct":10.4},{"product":"ONION RINGS INFUSED PRE ROLL - MAMMOTH LABS","min_price":21.199999128069198,"max_price":23.40800048828125,"avg_price":22.109736506034114,"std_dev":1.15413699072115,"store_count":3,"price_range":2.2080013602120516,"range_pct":10.0},{"product":"BLACKOUT CHERRIES DIAMOND INFUSED PRE ROLL - MAMMOTH LABS","min_price":22.617777506510418,"max_price":24.95360107421875,"avg_price":23.785689290364584,"std_dev":1.651676684381916,"store_count":2,"price_range":2.3358235677083314,"range_pct":9.8},{"product":"GRAPE CANYONZ LR BADDER - MAMMOTH LABS","min_price":43.58400390625,"max_price":46.167998046875,"avg_price":44.876000976562494,"std_dev":1.8271597793822416,"store_count":2,"price_range":2.583994140625002,"range_pct":5.8},{"product":"GARLIC COOKIES DIAMOND INFUSED PRE ROLL - MAMMOTH LABS","min_price":23.955555103443288,"max_price":25.20408163265306,"avg_price":24.579818368048173,"std_dev":0.8828415752955359,"store_count":2,"price_range":1.248526529209773,"range_pct":5.1},{"product":"ONION RING DIAMOND INFUSED PRE ROLL - MAMMOTH LABS","min_price":23.930667317708334,"max_price":25.004039417613637,"avg_price":24.467353367660984,"std_dev":0.7589886905794851,"store_count":2,"price_range":1.0733720999053027,"range_pct":4.4},{"product":"SUGAR CANE INFUSED PRE ROLL - MAMMOTH LABS","min_price":23.69574883643617,"max_price":24.6750005086263,"avg_price":24.185374672531236,"std_dev":0.6924354978939076,"store_count":2,"price_range":0.9792516721901308,"range_pct":4.0},{"product":"CHERRY DREAM LIVE RESIN DISPOSABLE VAPE - MAMMOTH LABS","min_price":49.990472702752974,"max_price":51.517646340762866,"avg_price":50.754059521757924,"std_dev":1.0798748354861216,"store_count":2,"price_range":1.5271736380098915,"range_pct":3.0},{"product":"GOAT PISS LIVE ROSIN DISPOSABLE VAPE - MAMMOTH LABS","min_price":57.35728439775485,"max_price":58.97894822505482,"avg_price":58.16811631140484,"std_dev":1.1466894890887382,"store_count":2,"price_range":1.6216638272999688,"range_pct":2.8},{"product":"SUPER SOUR DIESEL CR DISPOSABLE VAPE - MAMMOTH LABS","min_price":34.63793103448276,"max_price":35.62059110753677,"avg_price":35.129261071009765,"std_dev":0.6948456012577562,"store_count":2,"price_range":0.9826600730540065,"range_pct":2.8},{"product":"ONION RINGS DISPOSABLE VAPE - MAMMOTH LABS","min_price":35.17800048828125,"max_price":36.07999877929687,"avg_price":35.628999633789064,"std_dev":0.6378091081958265,"store_count":2,"price_range":0.901998291015623,"range_pct":2.5}],"promotional_effectiveness":{"lift":{"fp_units_per_day":7.16,"disc_units_per_day":12.33,"lift_pct":72.3,"fp_avg_revenue_per_unit":43.53,"disc_avg_revenue_per_unit":29.35},"by_deal":[{"deal_name":"Industry - 30% Off","uses":937,"revenue":34454.19966506958,"discounts":14957.79973602295,"units":1187.0,"cost":21332.0,"margin":38.1,"discount_depth":30.3},{"deal_name":"4/20 50% Off!!!!","uses":206,"revenue":7543.0,"discounts":7515.0,"units":319.0,"cost":6521.0,"margin":13.5,"discount_depth":49.9},{"deal_name":"30% Off Special","uses":169,"revenue":6781.600008010864,"discounts":2906.400002479553,"units":210.0,"cost":4935.0,"margin":27.2,"discount_depth":30.0},{"deal_name":"Veterans - 10% Off","uses":75,"revenue":3325.500045776367,"discounts":369.50000071525574,"units":98.0,"cost":1591.0,"margin":52.2,"discount_depth":10.0},{"deal_name":"Senior - 10% Off","uses":71,"revenue":3566.400032043457,"discounts":403.59999990463257,"units":105.0,"cost":1719.0,"margin":51.8,"discount_depth":10.2},{"deal_name":"Senior / Veterans - 20% Off","uses":31,"revenue":1077.6000080108643,"discounts":269.40000200271606,"units":35.0,"cost":579.0,"margin":46.3,"discount_depth":20.0},{"deal_name":"1g Of Mammoth Live Resin $50","uses":5,"revenue":300.0,"discounts":48.0,"units":6.0,"cost":150.0,"margin":50.0,"discount_depth":13.8},{"deal_name":"Employee - 40% OFF","uses":1,"revenue":34.79999923706055,"discounts":23.200000762939453,"units":1.0,"cost":25.0,"margin":28.2,"discount_depth":40.0},{"deal_name":"Voucher - 35% Off One Item","uses":1,"revenue":37.70000076293945,"discounts":20.299999237060547,"units":1.0,"cost":25.0,"margin":33.7,"discount_depth":35.0}]},"growth_opportunities":[{"type":"distribution","title":"Expand to Thrive Jackpot","detail":"Store has $3,916,151 in CONCENTRATE, DISPOSABLE VAPE, INFUSED PRE ROLL \u2014 categories where MAMMOTH LABS competes.","priority":"high"},{"type":"distribution","title":"Expand to Thrive Main Street","detail":"Store has $229,528 in CONCENTRATE, DISPOSABLE VAPE, INFUSED PRE ROLL \u2014 categories where MAMMOTH LABS competes.","priority":"high"},{"type":"sku_expansion","title":"Add 'BANANA ENVY LIVE RESIN BADDER 1G - MAMMOTH LABS' to 2 more store(s)","detail":"Carried in 3 stores. Missing from: Thrive Cactus, Thrive Sammy","priority":"medium"},{"type":"sku_expansion","title":"Add 'BLACKOUT CHERRIES DIAMOND INFUSED PRE ROLL - MAMMOTH LABS' to 3 more store(s)","detail":"Carried in 2 stores. Missing from: Thrive Cheyenne, Thrive Reno, Thrive Sahara","priority":"medium"},{"type":"sku_expansion","title":"Add 'CHERRY CANYONZ LIVE ROSIN DISPOSABLE VAPE - MAMMOTH LABS' to 1 more store(s)","detail":"Carried in 4 stores. Missing from: Thrive Sahara","priority":"medium"},{"type":"sku_expansion","title":"Add 'CHERRY DREAM LIVE RESIN DISPOSABLE VAPE - MAMMOTH LABS' to 3 more store(s)","detail":"Carried in 2 stores. Missing from: Thrive Cheyenne, Thrive Reno, Thrive Sahara","priority":"medium"},{"type":"sku_expansion","title":"Add 'CODE RED LIVE ROSIN DISPOSABLE VAPE - MAMMOTH LABS' to 3 more store(s)","detail":"Carried in 2 stores. Missing from: Thrive Cheyenne, Thrive Reno, Thrive Sahara","priority":"medium"},{"type":"velocity","title":"Improve velocity in INFUSED PRE ROLL","detail":"Velocity index 25 (below category average). 3.2 units/day vs 12.8 avg.","priority":"medium"},{"type":"velocity","title":"Improve velocity in CONCENTRATE","detail":"Velocity index 20 (below category average). 1.5 units/day vs 7.7 avg.","priority":"medium"},{"type":"velocity","title":"Improve velocity in DISPOSABLE VAPE","detail":"Velocity index 14 (below category average). 2.0 units/day vs 14.2 avg.","priority":"medium"}],"trend":[{"period":"2024-01","revenue":23281.150390625,"cost":14008.0,"margin":39.8,"units":661,"transactions":546,"profit":9273.150390625,"revenue_change_pct":null,"units_change_pct":null,"margin_change_pts":null},{"period":"2024-02","revenue":16889.560546875,"cost":8797.0,"margin":47.9,"units":438,"transactions":357,"profit":8092.56005859375,"revenue_change_pct":-27.5,"units_change_pct":-33.7,"margin_change_pts":8.1},{"period":"2024-03","revenue":17026.0,"cost":9263.0,"margin":45.6,"units":527,"transactions":424,"profit":7763.0,"revenue_change_pct":0.8,"units_change_pct":20.3,"margin_change_pts":-2.3},{"period":"2024-04","revenue":31208.19921875,"cost":18852.0,"margin":39.6,"units":890,"transactions":642,"profit":12356.2001953125,"revenue_change_pct":83.3,"units_change_pct":68.9,"margin_change_pts":-6.0},{"period":"2024-05","revenue":32820.4296875,"cost":16409.0,"margin":50.0,"units":864,"transactions":671,"profit":16411.4296875,"revenue_change_pct":5.2,"units_change_pct":-2.9,"margin_change_pts":10.4},{"period":"2024-06","revenue":24387.830078125,"cost":12588.0,"margin":48.4,"units":815,"transactions":553,"profit":11799.830078125,"revenue_change_pct":-25.7,"units_change_pct":-5.7,"margin_change_pts":-1.6},{"period":"2024-07","revenue":19209.51953125,"cost":10186.0,"margin":47.0,"units":618,"transactions":498,"profit":9023.51953125,"revenue_change_pct":-21.2,"units_change_pct":-24.2,"margin_change_pts":-1.4},{"period":"2024-08","revenue":6316.0,"cost":3324.0,"margin":47.4,"units":196,"transactions":162,"profit":2992.0,"revenue_change_pct":-67.1,"units_change_pct":-68.3,"margin_change_pts":0.4},{"period":"2024-09","revenue":3450.800048828125,"cost":1994.0,"margin":42.2,"units":87,"transactions":76,"profit":1456.800048828125,"revenue_change_pct":-45.4,"units_change_pct":-55.6,"margin_change_pts":-5.2},{"period":"2024-10","revenue":60.0,"cost":28.0,"margin":53.3,"units":1,"transactions":1,"profit":32.0,"revenue_change_pct":-98.3,"units_change_pct":-98.9,"margin_change_pts":11.1}]}