{"brand":"MAMMOTH LABS","date_range":"2024-01-01 00:00:00 to 2026-01-31 00:00:00","period_label":"All Time","summary":{"total_units":5097,"total_revenue":174649.5,"total_cost":95449.0,"total_discounts":43183.5078125,"total_profit":79200.484375,"overall_margin":45.29999923706055,"fp_margin":56.5,"disc_margin":36.5,"pct_full_price":44.099998474121094,"avg_discount_rate":19.799999237060547,"fp_revenue":76954.0,"disc_revenue":97695.484375,"unique_customers":2641,"brand":"MAMMOTH LABS","date_range":"2024-01-01 00:00:00 to 2026-01-31 00:00:00","months_count":10,"avg_monthly_cost":9544.9,"cost_per_unit":18.73,"primary_category":"DISPOSABLE VAPE","primary_cat_margin":55.79999923706055,"category_rank":21,"category_total":35,"margin_vs_category":-10.5,"velocity_rank":22},"category_breakdown":[{"category_clean":"DISPOSABLE VAPE","units":1520,"revenue":70130.15625,"cost":37137.0,"profit":32993.16015625,"discounts":13666.83984375,"margin":47.0,"category_avg_margin":55.79999923706055,"vs_category":-8.8,"rank":21.0,"total_brands":35.0},{"category_clean":"INFUSED PRE ROLL","units":2421,"revenue":55205.8515625,"cost":29052.0,"profit":26153.849609375,"discounts":12582.1494140625,"margin":47.400001525878906,"category_avg_margin":47.29999923706055,"vs_category":0.1,"rank":12.0,"total_brands":25.0},{"category_clean":"CONCENTRATE","units":1156,"revenue":49313.48046875,"cost":29260.0,"profit":20053.48046875,"discounts":16934.51953125,"margin":40.70000076293945,"category_avg_margin":45.900001525878906,"vs_category":-5.2,"rank":7.0,"total_brands":27.0}],"trend":[{"period":"2024-01","revenue":23281.150390625,"cost":14008.0,"margin":39.8,"units":661,"transactions":546,"profit":9273.150390625,"revenue_change_pct":null,"units_change_pct":null,"margin_change_pts":null},{"period":"2024-02","revenue":16889.560546875,"cost":8797.0,"margin":47.9,"units":438,"transactions":357,"profit":8092.56005859375,"revenue_change_pct":-27.5,"units_change_pct":-33.7,"margin_change_pts":8.1},{"period":"2024-03","revenue":17026.0,"cost":9263.0,"margin":45.6,"units":527,"transactions":424,"profit":7763.0,"revenue_change_pct":0.8,"units_change_pct":20.3,"margin_change_pts":-2.3},{"period":"2024-04","revenue":31208.19921875,"cost":18852.0,"margin":39.6,"units":890,"transactions":642,"profit":12356.2001953125,"revenue_change_pct":83.3,"units_change_pct":68.9,"margin_change_pts":-6.0},{"period":"2024-05","revenue":32820.4296875,"cost":16409.0,"margin":50.0,"units":864,"transactions":671,"profit":16411.4296875,"revenue_change_pct":5.2,"units_change_pct":-2.9,"margin_change_pts":10.4},{"period":"2024-06","revenue":24387.830078125,"cost":12588.0,"margin":48.4,"units":815,"transactions":553,"profit":11799.830078125,"revenue_change_pct":-25.7,"units_change_pct":-5.7,"margin_change_pts":-1.6},{"period":"2024-07","revenue":19209.51953125,"cost":10186.0,"margin":47.0,"units":618,"transactions":498,"profit":9023.51953125,"revenue_change_pct":-21.2,"units_change_pct":-24.2,"margin_change_pts":-1.4},{"period":"2024-08","revenue":6316.0,"cost":3324.0,"margin":47.4,"units":196,"transactions":162,"profit":2992.0,"revenue_change_pct":-67.1,"units_change_pct":-68.3,"margin_change_pts":0.4},{"period":"2024-09","revenue":3450.800048828125,"cost":1994.0,"margin":42.2,"units":87,"transactions":76,"profit":1456.800048828125,"revenue_change_pct":-45.4,"units_change_pct":-55.6,"margin_change_pts":-5.2},{"period":"2024-10","revenue":60.0,"cost":28.0,"margin":53.3,"units":1,"transactions":1,"profit":32.0,"revenue_change_pct":-98.3,"units_change_pct":-98.9,"margin_change_pts":11.1}],"share_of_category":[{"category":"DISPOSABLE VAPE","brand_revenue":70130.15625,"category_revenue":12220962.0,"revenue_share_pct":0.6000000238418579,"brand_units":1520,"category_units":378274,"units_share_pct":0.4},{"category":"INFUSED PRE ROLL","brand_revenue":55205.8515625,"category_revenue":4123240.5,"revenue_share_pct":1.2999999523162842,"brand_units":2421,"category_units":244037,"units_share_pct":1.0},{"category":"CONCENTRATE","brand_revenue":49313.4765625,"category_revenue":3146543.0,"revenue_share_pct":1.600000023841858,"brand_units":1156,"category_units":158316,"units_share_pct":0.7}],"share_of_category_trend":{"DISPOSABLE VAPE":[{"period":"2024-01","brand_revenue":13674.400390625,"category_revenue":373389.96875,"share_pct":3.700000047683716},{"period":"2024-02","brand_revenue":10633.9501953125,"category_revenue":351112.84375,"share_pct":3.0},{"period":"2024-03","brand_revenue":2693.7099609375,"category_revenue":396276.8125,"share_pct":0.699999988079071},{"period":"2024-04","brand_revenue":17198.5,"category_revenue":388780.875,"share_pct":4.400000095367432},{"period":"2024-05","brand_revenue":14636.599609375,"category_revenue":414040.1875,"share_pct":3.5},{"period":"2024-06","brand_revenue":3059.199951171875,"category_revenue":415917.6875,"share_pct":0.699999988079071},{"period":"2024-07","brand_revenue":3954.199951171875,"category_revenue":432654.625,"share_pct":0.8999999761581421},{"period":"2024-08","brand_revenue":1950.0,"category_revenue":439463.25,"share_pct":0.4000000059604645},{"period":"2024-09","brand_revenue":2269.60009765625,"category_revenue":422557.8125,"share_pct":0.5},{"period":"2024-10","brand_revenue":60.0,"category_revenue":478816.46875,"share_pct":0.0},{"period":"2024-11","brand_revenue":0.0,"category_revenue":477592.09375,"share_pct":0.0},{"period":"2024-12","brand_revenue":0.0,"category_revenue":488803.59375,"share_pct":0.0},{"period":"2025-01","brand_revenue":0.0,"category_revenue":440220.96875,"share_pct":0.0},{"period":"2025-02","brand_revenue":0.0,"category_revenue":466908.5,"share_pct":0.0},{"period":"2025-03","brand_revenue":0.0,"category_revenue":539542.6875,"share_pct":0.0},{"period":"2025-04","brand_revenue":0.0,"category_revenue":565855.9375,"share_pct":0.0},{"period":"2025-05","brand_revenue":0.0,"category_revenue":584235.375,"share_pct":0.0},{"period":"2025-06","brand_revenue":0.0,"category_revenue":528341.1875,"share_pct":0.0},{"period":"2025-07","brand_revenue":0.0,"category_revenue":580477.9375,"share_pct":0.0},{"period":"2025-08","brand_revenue":0.0,"category_revenue":561408.25,"share_pct":0.0},{"period":"2025-09","brand_revenue":0.0,"category_revenue":527007.25,"share_pct":0.0},{"period":"2025-10","brand_revenue":0.0,"category_revenue":604677.5,"share_pct":0.0},{"period":"2025-11","brand_revenue":0.0,"category_revenue":592683.6875,"share_pct":0.0},{"period":"2025-12","brand_revenue":0.0,"category_revenue":590758.75,"share_pct":0.0},{"period":"2026-01","brand_revenue":0.0,"category_revenue":559437.9375,"share_pct":0.0}],"INFUSED PRE ROLL":[{"period":"2024-01","brand_revenue":1545.5999755859375,"category_revenue":164363.140625,"share_pct":0.8999999761581421},{"period":"2024-02","brand_revenue":1699.5999755859375,"category_revenue":183484.59375,"share_pct":0.8999999761581421},{"period":"2024-03","brand_revenue":6865.60009765625,"category_revenue":170985.75,"share_pct":4.0},{"period":"2024-04","brand_revenue":6525.7998046875,"category_revenue":171479.984375,"share_pct":3.799999952316284},{"period":"2024-05","brand_revenue":10878.599609375,"category_revenue":200439.328125,"share_pct":5.400000095367432},{"period":"2024-06","brand_revenue":14406.330078125,"category_revenue":190928.3125,"share_pct":7.5},{"period":"2024-07","brand_revenue":9633.7197265625,"category_revenue":191752.84375,"share_pct":5.0},{"period":"2024-08","brand_revenue":3107.400146484375,"category_revenue":189743.640625,"share_pct":1.600000023841858},{"period":"2024-09","brand_revenue":543.2000122070312,"category_revenue":169712.046875,"share_pct":0.30000001192092896},{"period":"2024-10","brand_revenue":0.0,"category_revenue":188336.265625,"share_pct":0.0},{"period":"2024-11","brand_revenue":0.0,"category_revenue":169714.046875,"share_pct":0.0},{"period":"2024-12","brand_revenue":0.0,"category_revenue":172837.265625,"share_pct":0.0},{"period":"2025-01","brand_revenue":0.0,"category_revenue":143201.15625,"share_pct":0.0},{"period":"2025-02","brand_revenue":0.0,"category_revenue":130032.0703125,"share_pct":0.0},{"period":"2025-03","brand_revenue":0.0,"category_revenue":138952.03125,"share_pct":0.0},{"period":"2025-04","brand_revenue":0.0,"category_revenue":160536.5625,"share_pct":0.0},{"period":"2025-05","brand_revenue":0.0,"category_revenue":151230.4375,"share_pct":0.0},{"period":"2025-06","brand_revenue":0.0,"category_revenue":141607.859375,"share_pct":0.0},{"period":"2025-07","brand_revenue":0.0,"category_revenue":166403.28125,"share_pct":0.0},{"period":"2025-08","brand_revenue":0.0,"category_revenue":170113.3125,"share_pct":0.0},{"period":"2025-09","brand_revenue":0.0,"category_revenue":151325.5,"share_pct":0.0},{"period":"2025-10","brand_revenue":0.0,"category_revenue":155667.328125,"share_pct":0.0},{"period":"2025-11","brand_revenue":0.0,"category_revenue":156216.546875,"share_pct":0.0},{"period":"2025-12","brand_revenue":0.0,"category_revenue":157124.9375,"share_pct":0.0},{"period":"2026-01","brand_revenue":0.0,"category_revenue":137052.296875,"share_pct":0.0}],"CONCENTRATE":[{"period":"2024-01","brand_revenue":8061.14990234375,"category_revenue":140451.84375,"share_pct":5.699999809265137},{"period":"2024-02","brand_revenue":4556.009765625,"category_revenue":148489.796875,"share_pct":3.0999999046325684},{"period":"2024-03","brand_revenue":7466.68994140625,"category_revenue":150385.71875,"share_pct":5.0},{"period":"2024-04","brand_revenue":7483.89990234375,"category_revenue":141098.34375,"share_pct":5.300000190734863},{"period":"2024-05","brand_revenue":7305.22998046875,"category_revenue":138411.0,"share_pct":5.300000190734863},{"period":"2024-06","brand_revenue":6922.2998046875,"category_revenue":124289.359375,"share_pct":5.599999904632568},{"period":"2024-07","brand_revenue":5621.60009765625,"category_revenue":134488.03125,"share_pct":4.199999809265137},{"period":"2024-08","brand_revenue":1258.5999755859375,"category_revenue":129601.6171875,"share_pct":1.0},{"period":"2024-09","brand_revenue":638.0,"category_revenue":130733.671875,"share_pct":0.5},{"period":"2024-10","brand_revenue":0.0,"category_revenue":129800.34375,"share_pct":0.0},{"period":"2024-11","brand_revenue":0.0,"category_revenue":140496.015625,"share_pct":0.0},{"period":"2024-12","brand_revenue":0.0,"category_revenue":129658.171875,"share_pct":0.0},{"period":"2025-01","brand_revenue":0.0,"category_revenue":130299.6796875,"share_pct":0.0},{"period":"2025-02","brand_revenue":0.0,"category_revenue":120199.609375,"share_pct":0.0},{"period":"2025-03","brand_revenue":0.0,"category_revenue":119268.609375,"share_pct":0.0},{"period":"2025-04","brand_revenue":0.0,"category_revenue":137342.25,"share_pct":0.0},{"period":"2025-05","brand_revenue":0.0,"category_revenue":115534.6484375,"share_pct":0.0},{"period":"2025-06","brand_revenue":0.0,"category_revenue":112371.3359375,"share_pct":0.0},{"period":"2025-07","brand_revenue":0.0,"category_revenue":113441.671875,"share_pct":0.0},{"period":"2025-08","brand_revenue":0.0,"category_revenue":109909.5078125,"share_pct":0.0},{"period":"2025-09","brand_revenue":0.0,"category_revenue":105839.6796875,"share_pct":0.0},{"period":"2025-10","brand_revenue":0.0,"category_revenue":111006.1875,"share_pct":0.0},{"period":"2025-11","brand_revenue":0.0,"category_revenue":118309.328125,"share_pct":0.0},{"period":"2025-12","brand_revenue":0.0,"category_revenue":106816.8203125,"share_pct":0.0},{"period":"2026-01","brand_revenue":0.0,"category_revenue":108299.8828125,"share_pct":0.0}]},"discount_depth":[{"tier":"0% (Full Price)","transactions":1603,"pct_of_transactions":36.5,"revenue":76774.0,"avg_discount":0.0},{"tier":"1-10%","transactions":285,"pct_of_transactions":6.5,"revenue":13152.359375,"avg_discount":9.899999618530273},{"tier":"11-20%","transactions":143,"pct_of_transactions":3.3,"revenue":7693.32958984375,"avg_discount":17.799999237060547},{"tier":"21-30%","transactions":1368,"pct_of_transactions":31.2,"revenue":42474.28125,"avg_discount":29.600000381469727},{"tier":"31%+","transactions":514,"pct_of_transactions":11.7,"revenue":14405.2197265625,"avg_discount":48.599998474121094}],"velocity":{"units_per_day":18.07,"revenue_per_day":619.3200073242188,"avg_units_per_txn":1.3,"days_of_data":282,"total_units":5097,"total_transactions":3930},"velocity_by_category":[{"category":"INFUSED PRE ROLL","brand_units_per_day":3.18,"category_avg_units_per_day":12.81,"velocity_index":24.8,"brand_rev_per_unit":22.8,"category_rev_per_unit":16.9,"brands_in_category":25},{"category":"CONCENTRATE","brand_units_per_day":1.52,"category_avg_units_per_day":7.69,"velocity_index":19.7,"brand_rev_per_unit":42.66,"category_rev_per_unit":19.88,"brands_in_category":27},{"category":"DISPOSABLE VAPE","brand_units_per_day":1.99,"category_avg_units_per_day":14.18,"velocity_index":14.1,"brand_rev_per_unit":46.14,"category_rev_per_unit":32.31,"brands_in_category":35}],"deals":[{"deal_name":"Industry - 30% Off","times_used":937,"units":1187.0,"revenue":34454.19966506958,"discounts":14957.79973602295,"cost":21332.0,"profit":13122.199992537498,"pre_discount_revenue":49412.0,"margin":38.1,"avg_discount":30.3},{"deal_name":"4/20 50% Off!!!!","times_used":206,"units":319.0,"revenue":7543.0,"discounts":7515.0,"cost":6521.0,"profit":1022.0,"pre_discount_revenue":15058.0,"margin":13.5,"avg_discount":49.9},{"deal_name":"30% Off Special","times_used":169,"units":210.0,"revenue":6781.600008010864,"discounts":2906.400002479553,"cost":4935.0,"profit":1846.5999946594238,"pre_discount_revenue":9688.0,"margin":27.2,"avg_discount":30.0},{"deal_name":"Veterans - 10% Off","times_used":75,"units":98.0,"revenue":3325.500045776367,"discounts":369.50000071525574,"cost":1591.0,"profit":1734.500002861023,"pre_discount_revenue":3695.0,"margin":52.2,"avg_discount":10.0},{"deal_name":"Senior - 10% Off","times_used":71,"units":105.0,"revenue":3566.400032043457,"discounts":403.59999990463257,"cost":1719.0,"profit":1847.3999996185303,"pre_discount_revenue":3970.0,"margin":51.8,"avg_discount":10.2},{"deal_name":"Senior / Veterans - 20% Off","times_used":31,"units":35.0,"revenue":1077.6000080108643,"discounts":269.40000200271606,"cost":579.0,"profit":498.59998893737793,"pre_discount_revenue":1347.0,"margin":46.3,"avg_discount":20.0},{"deal_name":"1g Of Mammoth Live Resin $50","times_used":5,"units":6.0,"revenue":300.0,"discounts":48.0,"cost":150.0,"profit":150.0,"pre_discount_revenue":348.0,"margin":50.0,"avg_discount":13.8},{"deal_name":"Employee - 40% OFF","times_used":1,"units":1.0,"revenue":34.79999923706055,"discounts":23.200000762939453,"cost":25.0,"profit":9.800000190734863,"pre_discount_revenue":58.0,"margin":28.2,"avg_discount":40.0},{"deal_name":"Voucher - 35% Off One Item","times_used":1,"units":1.0,"revenue":37.70000076293945,"discounts":20.299999237060547,"cost":25.0,"profit":12.699999809265137,"pre_discount_revenue":58.0,"margin":33.7,"avg_discount":35.0}],"top_products":[{"product":"SOUR POWER OG INFUSED PRE ROLL - MAMMOTH LABS","units":1359,"revenue":29688.291015625,"cost":16308.0,"profit":13380.2900390625,"transactions":1008,"margin":45.099998474121094},{"product":"GOAT PISS LIVE ROSIN DISPOSABLE VAPE - MAMMOTH LABS","units":217,"revenue":12631.400390625,"cost":6076.0,"profit":6555.39990234375,"transactions":189,"margin":51.900001525878906},{"product":"CANAL STREET RUNTZ LIVE ROSIN DISPOSABLE VAPE - MAMMOTH LABS","units":219,"revenue":11403.0,"cost":6132.0,"profit":5271.0,"transactions":209,"margin":46.20000076293945},{"product":"COSMIC LIVE ROSIN DISPOSABLE VAPE - MAMMOTH LABS","units":209,"revenue":10705.900390625,"cost":5852.0,"profit":4853.89990234375,"transactions":196,"margin":45.29999923706055},{"product":"SPRITZER LIVE RESIN BADDER - MAMMOTH LABS","units":229,"revenue":10062.330078125,"cost":5725.0,"profit":4337.330078125,"transactions":211,"margin":43.099998474121094},{"product":"CHERRY CANYONZ LIVE ROSIN DISPOSABLE VAPE - MAMMOTH LABS","units":188,"revenue":9765.0,"cost":5264.0,"profit":4501.0,"transactions":179,"margin":46.099998474121094},{"product":"CANAL STREET RUNTZ LIVE RESIN BADDER - MAMMOTH LABS","units":190,"revenue":7824.2998046875,"cost":4750.0,"profit":3074.300048828125,"transactions":178,"margin":39.29999923706055},{"product":"COSMIC LIVE RESIN BADDER - MAMMOTH LABS","units":182,"revenue":7707.2998046875,"cost":4550.0,"profit":3157.300048828125,"transactions":157,"margin":41.0},{"product":"GARLIC COOKIES DIAMOND INFUSED PRE ROLL - MAMMOTH LABS","units":206,"revenue":5057.2001953125,"cost":2472.0,"profit":2585.199951171875,"transactions":152,"margin":51.099998474121094},{"product":"BLACKOUT CHERRIES DIAMOND INFUSED PRE ROLL - MAMMOTH LABS","units":190,"revenue":4530.9599609375,"cost":2280.0,"profit":2250.9599609375,"transactions":157,"margin":49.70000076293945},{"product":"KUSH CO OG INFUSED PRE ROLL - MAMMOTH LABS","units":178,"revenue":4333.0,"cost":2136.0,"profit":2197.0,"transactions":157,"margin":50.70000076293945},{"product":"ONION RING DIAMOND INFUSED PRE ROLL - MAMMOTH LABS","units":174,"revenue":4270.2001953125,"cost":2088.0,"profit":2182.199951171875,"transactions":144,"margin":51.099998474121094},{"product":"STRAWBERRY MANGO HAZE LIVE RESIN BADDER 1G - MAMMOTH LABS","units":98,"revenue":3591.2099609375,"cost":2450.0,"profit":1141.2099609375,"transactions":87,"margin":31.799999237060547},{"product":"SUGAR CANE INFUSED PRE ROLL - MAMMOTH LABS","units":142,"revenue":3411.800048828125,"cost":1704.0,"profit":1707.800048828125,"transactions":129,"margin":50.099998474121094},{"product":"ZPRITE LR BADDER - MAMMOTH LABS","units":69,"revenue":3190.0,"cost":1725.0,"profit":1465.0,"transactions":66,"margin":45.900001525878906},{"product":"SUPER LEMON HAZE LIVE RESIN BADDER - MAMMOTH LABS","units":75,"revenue":3141.889892578125,"cost":1875.0,"profit":1266.8900146484375,"transactions":64,"margin":40.29999923706055},{"product":"SUPER LEMON HAZE LIVE RESIN DISPOSABLE VAPE - MAMMOTH LABS","units":69,"revenue":2968.4599609375,"cost":1587.0,"profit":1381.4599609375,"transactions":67,"margin":46.5},{"product":"GARLIC SHERB CRASHER SAUCE DISP VAPE - MAMMOTH LABS","units":75,"revenue":2502.449951171875,"cost":1350.0,"profit":1152.449951171875,"transactions":70,"margin":46.099998474121094},{"product":"GARLIC COOKIES DISPOSABLE VAPE - MAMMOTH LABS","units":85,"revenue":2403.14990234375,"cost":1530.0,"profit":873.1500244140625,"transactions":73,"margin":36.29999923706055},{"product":"BANANA ENVY LIVE RESIN BADDER 1G - MAMMOTH LABS","units":71,"revenue":2384.389892578125,"cost":1775.0,"profit":609.3900146484375,"transactions":68,"margin":25.600000381469727},{"product":"ZPRITE LIVE RESIN BADDER - MAMMOTH LABS","units":52,"revenue":2346.099853515625,"cost":1300.0,"profit":1046.0999755859375,"transactions":50,"margin":44.599998474121094},{"product":"GRAPE CANYONZ LR BADDER - MAMMOTH LABS","units":50,"revenue":2243.800048828125,"cost":1250.0,"profit":993.7999877929688,"transactions":49,"margin":44.29999923706055},{"product":"SUPER LEMON HAZE LR DISPOSABLE VAPE - MAMMOTH LABS","units":42,"revenue":2238.800048828125,"cost":966.0,"profit":1272.800048828125,"transactions":36,"margin":56.900001525878906},{"product":"WHITE RAINBOW LIVE RESIN BADDER - MAMMOTH LABS","units":49,"revenue":2196.0,"cost":1225.0,"profit":971.0,"transactions":46,"margin":44.20000076293945},{"product":"ONION RINGS INFUSED PRE ROLL - MAMMOTH LABS","units":90,"revenue":2035.5999755859375,"cost":1080.0,"profit":955.5999755859375,"transactions":86,"margin":46.900001525878906}],"products_by_store":{"Thrive Cactus":[{"product":"SOUR POWER OG INFUSED PRE ROLL - MAMMOTH LABS","units":426,"revenue":8867.0,"cost":5112.0,"profit":3755.0,"transactions":328,"margin":42.29999923706055},{"product":"GOAT PISS LIVE ROSIN DISPOSABLE VAPE - MAMMOTH LABS","units":103,"revenue":5907.7998046875,"cost":2884.0,"profit":3023.800048828125,"transactions":85,"margin":51.20000076293945},{"product":"SPRITZER LIVE RESIN BADDER - MAMMOTH LABS","units":101,"revenue":4367.10009765625,"cost":2525.0,"profit":1842.0999755859375,"transactions":92,"margin":42.20000076293945},{"product":"CANAL STREET RUNTZ LIVE ROSIN DISPOSABLE VAPE - MAMMOTH LABS","units":81,"revenue":3887.0,"cost":2268.0,"profit":1619.0,"transactions":77,"margin":41.70000076293945},{"product":"COSMIC LIVE RESIN BADDER - MAMMOTH LABS","units":80,"revenue":3491.599853515625,"cost":2000.0,"profit":1491.5999755859375,"transactions":69,"margin":42.70000076293945},{"product":"GARLIC COOKIES DIAMOND INFUSED PRE ROLL - MAMMOTH LABS","units":108,"revenue":2587.199951171875,"cost":1296.0,"profit":1291.199951171875,"transactions":76,"margin":49.900001525878906},{"product":"CANAL STREET RUNTZ LIVE RESIN BADDER - MAMMOTH LABS","units":65,"revenue":2567.599853515625,"cost":1625.0,"profit":942.6000366210938,"transactions":61,"margin":36.70000076293945},{"product":"COSMIC LIVE ROSIN DISPOSABLE VAPE - MAMMOTH LABS","units":51,"revenue":2531.199951171875,"cost":1428.0,"profit":1103.199951171875,"transactions":48,"margin":43.599998474121094},{"product":"CHERRY CANYONZ LIVE ROSIN DISPOSABLE VAPE - MAMMOTH LABS","units":49,"revenue":2429.39990234375,"cost":1372.0,"profit":1057.4000244140625,"transactions":47,"margin":43.5},{"product":"SUGAR CANE INFUSED PRE ROLL - MAMMOTH LABS","units":94,"revenue":2227.39990234375,"cost":1128.0,"profit":1099.4000244140625,"transactions":81,"margin":49.400001525878906},{"product":"BLACKOUT CHERRIES DIAMOND INFUSED PRE ROLL - MAMMOTH LABS","units":90,"revenue":2035.5999755859375,"cost":1080.0,"profit":955.5999755859375,"transactions":66,"margin":46.900001525878906},{"product":"ONION RING DIAMOND INFUSED PRE ROLL - MAMMOTH LABS","units":75,"revenue":1794.800048828125,"cost":900.0,"profit":894.7999877929688,"transactions":64,"margin":49.900001525878906},{"product":"KUSH CO OG INFUSED PRE ROLL - MAMMOTH LABS","units":79,"revenue":1747.199951171875,"cost":948.0,"profit":799.2000122070312,"transactions":66,"margin":45.70000076293945},{"product":"ZPRITE LR BADDER - MAMMOTH LABS","units":32,"revenue":1508.0,"cost":800.0,"profit":708.0,"transactions":32,"margin":46.900001525878906},{"product":"SUPER LEMON HAZE LR DISPOSABLE VAPE - MAMMOTH LABS","units":25,"revenue":1322.4000244140625,"cost":575.0,"profit":747.4000244140625,"transactions":22,"margin":56.5}],"Thrive Cheyenne":[{"product":"SOUR POWER OG INFUSED PRE ROLL - MAMMOTH LABS","units":174,"revenue":3840.9599609375,"cost":2088.0,"profit":1752.9599609375,"transactions":156,"margin":45.599998474121094},{"product":"CHERRY CANYONZ LIVE ROSIN DISPOSABLE VAPE - MAMMOTH LABS","units":50,"revenue":2337.199951171875,"cost":1400.0,"profit":937.2000122070312,"transactions":46,"margin":40.099998474121094},{"product":"COSMIC LIVE ROSIN DISPOSABLE VAPE - MAMMOTH LABS","units":49,"revenue":2269.60009765625,"cost":1372.0,"profit":897.5999755859375,"transactions":47,"margin":39.5},{"product":"COSMIC LIVE RESIN BADDER - MAMMOTH LABS","units":50,"revenue":2001.89990234375,"cost":1250.0,"profit":751.9000244140625,"transactions":42,"margin":37.599998474121094},{"product":"STRAWBERRY MANGO HAZE LIVE RESIN BADDER 1G - MAMMOTH LABS","units":51,"revenue":1970.7099609375,"cost":1275.0,"profit":695.7100219726562,"transactions":47,"margin":35.29999923706055},{"product":"SPRITZER LIVE RESIN BADDER - MAMMOTH LABS","units":40,"revenue":1714.030029296875,"cost":1000.0,"profit":714.030029296875,"transactions":39,"margin":41.70000076293945},{"product":"CANAL STREET RUNTZ LIVE RESIN BADDER - MAMMOTH LABS","units":35,"revenue":1392.9000244140625,"cost":875.0,"profit":517.9000244140625,"transactions":32,"margin":37.20000076293945},{"product":"GARLIC SHERB CRASHER SAUCE DISP VAPE - MAMMOTH LABS","units":38,"revenue":1159.699951171875,"cost":684.0,"profit":475.70001220703125,"transactions":38,"margin":41.0},{"product":"CANAL STREET RUNTZ LIVE ROSIN DISPOSABLE VAPE - MAMMOTH LABS","units":19,"revenue":1036.800048828125,"cost":532.0,"profit":504.79998779296875,"transactions":18,"margin":48.70000076293945},{"product":"GARLIC COOKIES DISPOSABLE VAPE - MAMMOTH LABS","units":29,"revenue":778.4000244140625,"cost":522.0,"profit":256.3999938964844,"transactions":28,"margin":32.900001525878906},{"product":"ONION RINGS INFUSED PRE ROLL - MAMMOTH LABS","units":33,"revenue":716.7999877929688,"cost":396.0,"profit":320.79998779296875,"transactions":31,"margin":44.79999923706055},{"product":"LEMON PASTRIES INFUSED PRE ROLL - MAMMOTH LABS","units":25,"revenue":509.6000061035156,"cost":300.0,"profit":209.60000610351562,"transactions":23,"margin":41.099998474121094},{"product":"GARLIC BANANA INFUSED PRE ROLL - MAMMOTH LABS","units":8,"revenue":170.8000030517578,"cost":96.0,"profit":74.80000305175781,"transactions":8,"margin":43.79999923706055},{"product":"BANANA ENVY LIVE RESIN BADDER 1G - MAMMOTH LABS","units":3,"revenue":114.4000015258789,"cost":75.0,"profit":39.400001525878906,"transactions":3,"margin":34.400001525878906}],"Thrive Reno":[{"product":"SOUR POWER OG INFUSED PRE ROLL - MAMMOTH LABS","units":300,"revenue":7257.60009765625,"cost":3600.0,"profit":3657.60009765625,"transactions":133,"margin":50.400001525878906},{"product":"SPRITZER LIVE RESIN BADDER - MAMMOTH LABS","units":63,"revenue":3020.0,"cost":1575.0,"profit":1445.0,"transactions":55,"margin":47.79999923706055},{"product":"CANAL STREET RUNTZ LIVE ROSIN DISPOSABLE VAPE - MAMMOTH LABS","units":40,"revenue":2357.60009765625,"cost":1120.0,"profit":1237.5999755859375,"transactions":40,"margin":52.5},{"product":"COSMIC LIVE ROSIN DISPOSABLE VAPE - MAMMOTH LABS","units":38,"revenue":2211.199951171875,"cost":1064.0,"profit":1147.199951171875,"transactions":38,"margin":51.900001525878906},{"product":"CHERRY CANYONZ LIVE ROSIN DISPOSABLE VAPE - MAMMOTH LABS","units":39,"revenue":2201.60009765625,"cost":1092.0,"profit":1109.5999755859375,"transactions":38,"margin":50.400001525878906},{"product":"CANAL STREET RUNTZ LIVE RESIN BADDER - MAMMOTH LABS","units":40,"revenue":1885.5999755859375,"cost":1000.0,"profit":885.5999755859375,"transactions":37,"margin":47.0},{"product":"BANANA ENVY LIVE RESIN BADDER 1G - MAMMOTH LABS","units":47,"revenue":1558.5,"cost":1175.0,"profit":383.5,"transactions":44,"margin":24.600000381469727},{"product":"STRAWBERRY MANGO HAZE LIVE RESIN BADDER 1G - MAMMOTH LABS","units":43,"revenue":1460.5,"cost":1075.0,"profit":385.5,"transactions":36,"margin":26.399999618530273},{"product":"COSMIC LIVE RESIN BADDER - MAMMOTH LABS","units":27,"revenue":1270.199951171875,"cost":675.0,"profit":595.2000122070312,"transactions":26,"margin":46.900001525878906},{"product":"GARLIC COOKIES DISPOSABLE VAPE - MAMMOTH LABS","units":40,"revenue":1044.5999755859375,"cost":720.0,"profit":324.6000061035156,"transactions":33,"margin":31.100000381469727},{"product":"JET FUEL GELATO LR DISPOSABLE VAPE 0.5G - MAMMOTH LABS","units":27,"revenue":769.2000122070312,"cost":675.0,"profit":94.19999694824219,"transactions":26,"margin":12.199999809265137},{"product":"PAPAYA COOKIES SAUCE DISPOSABLE VAPE - MAMMOTH LABS","units":22,"revenue":491.0,"cost":396.0,"profit":95.0,"transactions":22,"margin":19.299999237060547},{"product":"SUGAR COOKIES LR SAUCE DISP VAPE 0.5G - MAMMOTH LABS","units":12,"revenue":349.20001220703125,"cost":300.0,"profit":49.20000076293945,"transactions":11,"margin":14.100000381469727},{"product":"SUPER LEMON HAZE LR DISPOSABLE VAPE 0.5G - MAMMOTH LABS","units":2,"revenue":72.0,"cost":50.0,"profit":22.0,"transactions":2,"margin":30.600000381469727}],"Thrive Sahara":[{"product":"SOUR POWER OG INFUSED PRE ROLL - MAMMOTH LABS","units":251,"revenue":5158.93017578125,"cost":3012.0,"profit":2146.929931640625,"transactions":210,"margin":41.599998474121094},{"product":"CANAL STREET RUNTZ LIVE ROSIN DISPOSABLE VAPE - MAMMOTH LABS","units":29,"revenue":1542.4000244140625,"cost":812.0,"profit":730.3999633789062,"transactions":26,"margin":47.400001525878906},{"product":"SUPER LEMON HAZE LIVE RESIN DISPOSABLE VAPE - MAMMOTH LABS","units":38,"revenue":1533.4599609375,"cost":874.0,"profit":659.4600219726562,"transactions":38,"margin":43.0},{"product":"CHERRY DIESEL LIVE RESIN BADDER - MAMMOTH LABS","units":37,"revenue":1492.2999267578125,"cost":925.0,"profit":567.2999877929688,"transactions":36,"margin":38.0},{"product":"SUPER LEMON HAZE LIVE RESIN BADDER - MAMMOTH LABS","units":38,"revenue":1489.68994140625,"cost":950.0,"profit":539.6900024414062,"transactions":27,"margin":36.20000076293945},{"product":"WHITE RUNTZ LIVE RESIN DISPOSABLE VAPE - MAMMOTH LABS","units":30,"revenue":1297.949951171875,"cost":690.0,"profit":607.9500122070312,"transactions":30,"margin":46.79999923706055},{"product":"COSMIC LIVE ROSIN DISPOSABLE VAPE - MAMMOTH LABS","units":21,"revenue":1107.199951171875,"cost":588.0,"profit":519.2000122070312,"transactions":17,"margin":46.900001525878906},{"product":"WHITE RAINBOW LIVE RESIN BADDER - MAMMOTH LABS","units":24,"revenue":1018.5999755859375,"cost":600.0,"profit":418.6000061035156,"transactions":22,"margin":41.099998474121094},{"product":"COSMIC LIVE RESIN BADDER - MAMMOTH LABS","units":25,"revenue":943.5999755859375,"cost":625.0,"profit":318.6000061035156,"transactions":20,"margin":33.79999923706055},{"product":"CANAL STREET RUNTZ LIVE RESIN BADDER - MAMMOTH LABS","units":25,"revenue":899.0,"cost":625.0,"profit":274.0,"transactions":24,"margin":30.5},{"product":"BANANA ENVY LIVE RESIN BADDER 1G - MAMMOTH LABS","units":21,"revenue":711.489990234375,"cost":525.0,"profit":186.49000549316406,"transactions":21,"margin":26.200000762939453},{"product":"ZPRITE LIVE RESIN BADDER - MAMMOTH LABS","units":12,"revenue":481.3999938964844,"cost":300.0,"profit":181.40000915527344,"transactions":11,"margin":37.70000076293945},{"product":"ZPRITE LR BADDER - MAMMOTH LABS","units":11,"revenue":464.0,"cost":275.0,"profit":189.0,"transactions":11,"margin":40.70000076293945},{"product":"GARLIC COOKIES SAUCE DISP VAPE 0.5G - MAMMOTH LABS","units":12,"revenue":420.95001220703125,"cost":216.0,"profit":204.9499969482422,"transactions":11,"margin":48.70000076293945},{"product":"MODIFIED GRAPES LR BADDER 1G - MAMMOTH LABS","units":5,"revenue":214.66000366210938,"cost":125.0,"profit":89.66000366210938,"transactions":5,"margin":41.79999923706055}],"Thrive Sammy":[{"product":"GOAT PISS LIVE ROSIN DISPOSABLE VAPE - MAMMOTH LABS","units":114,"revenue":6723.60009765625,"cost":3192.0,"profit":3531.60009765625,"transactions":104,"margin":52.5},{"product":"SOUR POWER OG INFUSED PRE ROLL - MAMMOTH LABS","units":208,"revenue":4563.7998046875,"cost":2496.0,"profit":2067.800048828125,"transactions":181,"margin":45.29999923706055},{"product":"CHERRY CANYONZ LIVE ROSIN DISPOSABLE VAPE - MAMMOTH LABS","units":50,"revenue":2796.800048828125,"cost":1400.0,"profit":1396.800048828125,"transactions":48,"margin":49.900001525878906},{"product":"COSMIC LIVE ROSIN DISPOSABLE VAPE - MAMMOTH LABS","units":50,"revenue":2586.699951171875,"cost":1400.0,"profit":1186.699951171875,"transactions":46,"margin":45.900001525878906},{"product":"KUSH CO OG INFUSED PRE ROLL - MAMMOTH LABS","units":99,"revenue":2585.800048828125,"cost":1188.0,"profit":1397.800048828125,"transactions":91,"margin":54.099998474121094},{"product":"CANAL STREET RUNTZ LIVE ROSIN DISPOSABLE VAPE - MAMMOTH LABS","units":50,"revenue":2579.199951171875,"cost":1400.0,"profit":1179.199951171875,"transactions":48,"margin":45.70000076293945},{"product":"BLACKOUT CHERRIES DIAMOND INFUSED PRE ROLL - MAMMOTH LABS","units":100,"revenue":2495.360107421875,"cost":1200.0,"profit":1295.3599853515625,"transactions":91,"margin":51.900001525878906},{"product":"ONION RING DIAMOND INFUSED PRE ROLL - MAMMOTH LABS","units":99,"revenue":2475.39990234375,"cost":1188.0,"profit":1287.4000244140625,"transactions":80,"margin":52.0},{"product":"GARLIC COOKIES DIAMOND INFUSED PRE ROLL - MAMMOTH LABS","units":98,"revenue":2470.0,"cost":1176.0,"profit":1294.0,"transactions":76,"margin":52.400001525878906},{"product":"GARLIC SHERB CRASHER SAUCE DISP VAPE - MAMMOTH LABS","units":37,"revenue":1342.75,"cost":666.0,"profit":676.75,"transactions":32,"margin":50.400001525878906},{"product":"GARLIC COOKIES CR DISPOSABLE VAPE - MAMMOTH LABS","units":38,"revenue":1334.550048828125,"cost":684.0,"profit":650.5499877929688,"transactions":34,"margin":48.70000076293945},{"product":"PAPAYA COOKIES SAUCE DISPOSABLE VAPE - MAMMOTH LABS","units":37,"revenue":1326.3499755859375,"cost":666.0,"profit":660.3499755859375,"transactions":35,"margin":49.79999923706055},{"product":"ZPRITE LR BADDER - MAMMOTH LABS","units":26,"revenue":1218.0,"cost":650.0,"profit":568.0,"transactions":23,"margin":46.599998474121094},{"product":"GARLIC COOKIES INFUSED PRE ROLL - MAMMOTH LABS","units":49,"revenue":1198.4000244140625,"cost":588.0,"profit":610.4000244140625,"transactions":46,"margin":50.900001525878906},{"product":"SUGAR CANE INFUSED PRE ROLL - MAMMOTH LABS","units":48,"revenue":1184.4000244140625,"cost":576.0,"profit":608.4000244140625,"transactions":48,"margin":51.400001525878906}]},"store_summary":[{"store_clean":"Thrive Cactus","units":1716,"revenue":58902.3984375,"cost":32059.0,"profit":26843.400390625,"discounts":15451.599609375,"margin":45.599998474121094,"discount_rate":20.799999237060547},{"store_clean":"Thrive Sammy","units":1437,"revenue":50319.76171875,"cost":25487.0,"profit":24832.759765625,"discounts":8678.240234375,"margin":49.29999923706055,"discount_rate":14.699999809265137},{"store_clean":"Thrive Reno","units":740,"revenue":25948.80078125,"cost":14517.0,"profit":11431.7998046875,"discounts":5225.2001953125,"margin":44.099998474121094,"discount_rate":16.799999237060547},{"store_clean":"Thrive Cheyenne","units":604,"revenue":20013.80078125,"cost":11865.0,"profit":8148.7998046875,"discounts":6759.19970703125,"margin":40.70000076293945,"discount_rate":25.200000762939453},{"store_clean":"Thrive Sahara","units":600,"revenue":19464.73046875,"cost":11521.0,"profit":7943.72998046875,"discounts":7069.27001953125,"margin":40.79999923706055,"discount_rate":26.600000381469727}],"recommendations":[{"severity":"yellow","title":"CATEGORY BENCHMARK GAP","detail":"Overall margin (45.3%) trails DISPOSABLE VAPE average (55.8%) by 10.5 pts.","action":"Negotiate cost reduction or increase retail price."},{"severity":"info","title":"VOLUME LEVERAGE","detail":"$174,650 revenue provides negotiating leverage.","action":"Use volume as leverage in next vendor meeting."}],"comparison":null}