{"brand":"FAKE CAKE","date_range":"2024-01-01 00:00:00 to 2026-01-31 00:00:00","period_label":"All Time","summary":{"total_units":26,"total_revenue":1350.0,"total_cost":342.5,"total_discounts":275.0,"total_profit":1007.5,"overall_margin":74.5999984741211,"fp_margin":80.0,"disc_margin":67.9000015258789,"pct_full_price":55.599998474121094,"avg_discount_rate":16.899999618530273,"fp_revenue":750.0,"disc_revenue":600.0,"unique_customers":26,"brand":"FAKE CAKE","date_range":"2024-01-01 00:00:00 to 2026-01-31 00:00:00","months_count":10,"avg_monthly_cost":68.5,"cost_per_unit":26.349999999999998,"primary_category":"ACCESSORY","primary_cat_margin":61.099998474121094,"category_rank":45,"category_total":136,"margin_vs_category":13.5,"velocity_rank":75},"category_breakdown":[{"category_clean":"ACCESSORY","units":26,"revenue":1350.0,"cost":342.5,"profit":1007.5,"discounts":275.0,"margin":74.5999984741211,"category_avg_margin":61.099998474121094,"vs_category":13.5,"rank":45.0,"total_brands":136.0}],"trend":[{"period":"2025-08","revenue":250.0,"cost":45.0,"margin":82.0,"units":4,"transactions":4,"profit":205.0,"revenue_change_pct":null,"units_change_pct":null,"margin_change_pts":null},{"period":"2025-09","revenue":125.0,"cost":22.5,"margin":82.0,"units":2,"transactions":2,"profit":102.5,"revenue_change_pct":-50.0,"units_change_pct":-50.0,"margin_change_pts":0.0},{"period":"2025-10","revenue":437.5,"cost":137.5,"margin":68.6,"units":10,"transactions":10,"profit":300.0,"revenue_change_pct":250.0,"units_change_pct":400.0,"margin_change_pts":-13.4},{"period":"2025-11","revenue":100.0,"cost":27.5,"margin":72.5,"units":2,"transactions":2,"profit":72.5,"revenue_change_pct":-77.1,"units_change_pct":-80.0,"margin_change_pts":3.9},{"period":"2025-12","revenue":437.5,"cost":110.0,"margin":74.9,"units":8,"transactions":8,"profit":327.5,"revenue_change_pct":337.5,"units_change_pct":300.0,"margin_change_pts":2.4}],"share_of_category":[{"category":"ACCESSORY","brand_revenue":1350.0,"category_revenue":4128754.0625,"revenue_share_pct":0.0,"brand_units":26,"category_units":2130096,"units_share_pct":0.0}],"share_of_category_trend":{"ACCESSORY":[{"period":"2024-01","brand_revenue":0.0,"category_revenue":153543.9453125,"share_pct":0.0},{"period":"2024-02","brand_revenue":0.0,"category_revenue":152399.47265625,"share_pct":0.0},{"period":"2024-03","brand_revenue":0.0,"category_revenue":154678.876953125,"share_pct":0.0},{"period":"2024-04","brand_revenue":0.0,"category_revenue":163353.65234375,"share_pct":0.0},{"period":"2024-05","brand_revenue":0.0,"category_revenue":179676.4453125,"share_pct":0.0},{"period":"2024-06","brand_revenue":0.0,"category_revenue":185008.828125,"share_pct":0.0},{"period":"2024-07","brand_revenue":0.0,"category_revenue":186675.46875,"share_pct":0.0},{"period":"2024-08","brand_revenue":0.0,"category_revenue":180226.328125,"share_pct":0.0},{"period":"2024-09","brand_revenue":0.0,"category_revenue":162386.298828125,"share_pct":0.0},{"period":"2024-10","brand_revenue":0.0,"category_revenue":166088.73046875,"share_pct":0.0},{"period":"2024-11","brand_revenue":0.0,"category_revenue":171706.09375,"share_pct":0.0},{"period":"2024-12","brand_revenue":0.0,"category_revenue":176502.03125,"share_pct":0.0},{"period":"2025-01","brand_revenue":0.0,"category_revenue":167261.34765625,"share_pct":0.0},{"period":"2025-02","brand_revenue":0.0,"category_revenue":155260.927734375,"share_pct":0.0},{"period":"2025-03","brand_revenue":0.0,"category_revenue":176420.390625,"share_pct":0.0},{"period":"2025-04","brand_revenue":0.0,"category_revenue":182694.82421875,"share_pct":0.0},{"period":"2025-05","brand_revenue":0.0,"category_revenue":179904.4921875,"share_pct":0.0},{"period":"2025-06","brand_revenue":0.0,"category_revenue":161148.75,"share_pct":0.0},{"period":"2025-07","brand_revenue":0.0,"category_revenue":165549.8046875,"share_pct":0.0},{"period":"2025-08","brand_revenue":250.0,"category_revenue":171752.05078125,"share_pct":0.10000000149011612},{"period":"2025-09","brand_revenue":125.0,"category_revenue":168198.9453125,"share_pct":0.10000000149011612},{"period":"2025-10","brand_revenue":437.5,"category_revenue":171844.55078125,"share_pct":0.30000001192092896},{"period":"2025-11","brand_revenue":100.0,"category_revenue":172839.74609375,"share_pct":0.10000000149011612},{"period":"2025-12","brand_revenue":437.5,"category_revenue":141954.873046875,"share_pct":0.30000001192092896},{"period":"2026-01","brand_revenue":0.0,"category_revenue":81677.1484375,"share_pct":0.0}]},"discount_depth":[{"tier":"0% (Full Price)","transactions":12,"pct_of_transactions":46.2,"revenue":750.0,"avg_discount":0.0},{"tier":"1-10%","transactions":0,"pct_of_transactions":0.0,"revenue":0.0,"avg_discount":0},{"tier":"11-20%","transactions":2,"pct_of_transactions":7.7,"revenue":100.0,"avg_discount":40.0},{"tier":"21-30%","transactions":0,"pct_of_transactions":0.0,"revenue":0.0,"avg_discount":0},{"tier":"31%+","transactions":2,"pct_of_transactions":7.7,"revenue":62.5,"avg_discount":100.0}],"velocity":{"units_per_day":0.2,"revenue_per_day":10.475000143051147,"avg_units_per_txn":2.0,"days_of_data":129,"total_units":26,"total_transactions":26},"velocity_by_category":[{"category":"ACCESSORY","brand_units_per_day":0.04,"category_avg_units_per_day":20.56,"velocity_index":0.2,"brand_rev_per_unit":41.54,"category_rev_per_unit":1.55,"brands_in_category":136}],"deals":[{"deal_name":"Jackpot - Locals 30% Off","times_used":4,"units":4.0,"revenue":175.0,"discounts":75.0,"cost":55.0,"profit":120.0,"pre_discount_revenue":250.0,"margin":68.6,"avg_discount":60.0},{"deal_name":"Industry 30% Off","times_used":2,"units":2.0,"revenue":87.5,"discounts":37.5,"cost":27.5,"profit":60.0,"pre_discount_revenue":125.0,"margin":68.6,"avg_discount":60.0}],"top_products":[{"product":"CAKE GRINDER","units":26,"revenue":1350.0,"cost":342.5,"profit":1007.5,"transactions":26,"margin":74.5999984741211}],"products_by_store":{"Elevation Oasis":[{"product":"CAKE GRINDER","units":26,"revenue":1350.0,"cost":342.5,"profit":1007.5,"transactions":26,"margin":74.5999984741211}]},"store_summary":[{"store_clean":"Elevation Oasis","units":26,"revenue":1350.0,"cost":342.5,"profit":1007.5,"discounts":275.0,"margin":74.5999984741211,"discount_rate":16.899999618530273}],"recommendations":[],"comparison":null}