{"brand":"STRIO","date_range":"2024-01-01 00:00:00 to 2026-01-31 00:00:00","period_label":"All Time","summary":{"total_units":26,"total_revenue":1015.2000122070312,"total_cost":495.0,"total_discounts":134.8000030517578,"total_profit":520.2000122070312,"overall_margin":51.20000076293945,"fp_margin":55.400001525878906,"disc_margin":37.0,"pct_full_price":77.30000305175781,"avg_discount_rate":11.699999809265137,"fp_revenue":785.0,"disc_revenue":230.1999969482422,"brand":"STRIO","date_range":"2024-01-01 00:00:00 to 2026-01-31 00:00:00","primary_category":"ACCESSORY","store_coverage":"1/7","stores_present":["Thrive Jackpot"],"stores_missing":["Thrive Cactus","Thrive Cheyenne","Thrive Main Street","Thrive Reno","Thrive Sahara","Thrive Sammy"],"velocity_rank":54,"velocity_total":136},"distribution":[{"store":"Thrive Cactus","carries_brand":false,"sku_count":0,"revenue":0,"units":0,"store_total_revenue":20455500.0,"brand_share_pct":0},{"store":"Thrive Cheyenne","carries_brand":false,"sku_count":0,"revenue":0,"units":0,"store_total_revenue":19012896.0,"brand_share_pct":0},{"store":"Thrive Jackpot","carries_brand":true,"sku_count":2,"revenue":1015.2000122070312,"units":26,"store_total_revenue":22420058.0,"brand_share_pct":0.0},{"store":"Thrive Main Street","carries_brand":false,"sku_count":0,"revenue":0,"units":0,"store_total_revenue":778094.875,"brand_share_pct":0},{"store":"Thrive Reno","carries_brand":false,"sku_count":0,"revenue":0,"units":0,"store_total_revenue":12340074.0,"brand_share_pct":0},{"store":"Thrive Sahara","carries_brand":false,"sku_count":0,"revenue":0,"units":0,"store_total_revenue":11503146.0,"brand_share_pct":0},{"store":"Thrive Sammy","carries_brand":false,"sku_count":0,"revenue":0,"units":0,"store_total_revenue":8794803.0,"brand_share_pct":0}],"share_of_category":[{"category":"ACCESSORY","brand_revenue":1015.2000122070312,"category_revenue":1651501.625,"revenue_share_pct":0.10000000149011612,"brand_units":26,"category_units":1065048,"units_share_pct":0.0}],"share_of_category_trend":{"ACCESSORY":[{"period":"2024-01","brand_revenue":0.0,"category_revenue":61417.578125,"share_pct":0.0},{"period":"2024-02","brand_revenue":0.0,"category_revenue":60959.7890625,"share_pct":0.0},{"period":"2024-03","brand_revenue":0.0,"category_revenue":61871.55078125,"share_pct":0.0},{"period":"2024-04","brand_revenue":0.0,"category_revenue":65341.4609375,"share_pct":0.0},{"period":"2024-05","brand_revenue":0.0,"category_revenue":71870.578125,"share_pct":0.0},{"period":"2024-06","brand_revenue":0.0,"category_revenue":74003.53125,"share_pct":0.0},{"period":"2024-07","brand_revenue":0.0,"category_revenue":74670.1875,"share_pct":0.0},{"period":"2024-08","brand_revenue":0.0,"category_revenue":72090.53125,"share_pct":0.0},{"period":"2024-09","brand_revenue":0.0,"category_revenue":64954.51953125,"share_pct":0.0},{"period":"2024-10","brand_revenue":0.0,"category_revenue":66435.4921875,"share_pct":0.0},{"period":"2024-11","brand_revenue":0.0,"category_revenue":68682.4375,"share_pct":0.0},{"period":"2024-12","brand_revenue":0.0,"category_revenue":70600.8125,"share_pct":0.0},{"period":"2025-01","brand_revenue":445.5,"category_revenue":66904.5390625,"share_pct":0.699999988079071},{"period":"2025-02","brand_revenue":0.0,"category_revenue":62104.37109375,"share_pct":0.0},{"period":"2025-03","brand_revenue":0.0,"category_revenue":70568.15625,"share_pct":0.0},{"period":"2025-04","brand_revenue":0.0,"category_revenue":73077.9296875,"share_pct":0.0},{"period":"2025-05","brand_revenue":0.0,"category_revenue":71961.796875,"share_pct":0.0},{"period":"2025-06","brand_revenue":0.0,"category_revenue":64459.5,"share_pct":0.0},{"period":"2025-07","brand_revenue":0.0,"category_revenue":66219.921875,"share_pct":0.0},{"period":"2025-08","brand_revenue":357.20001220703125,"category_revenue":68700.8203125,"share_pct":0.5},{"period":"2025-09","brand_revenue":0.0,"category_revenue":67279.578125,"share_pct":0.0},{"period":"2025-10","brand_revenue":0.0,"category_revenue":68737.8203125,"share_pct":0.0},{"period":"2025-11","brand_revenue":0.0,"category_revenue":69135.8984375,"share_pct":0.0},{"period":"2025-12","brand_revenue":125.0,"category_revenue":56781.94921875,"share_pct":0.20000000298023224},{"period":"2026-01","brand_revenue":87.5,"category_revenue":32670.859375,"share_pct":0.30000001192092896}]},"velocity_by_category":[{"category":"ACCESSORY","brand_units_per_day":0.03,"category_avg_units_per_day":10.28,"velocity_index":0.3,"brand_rev_per_unit":39.05,"category_rev_per_unit":1.55,"brands_in_category":136}],"store_gaps":[{"store":"Thrive Cactus","category":"ACCESSORY","category_revenue_at_store":359352.96875,"opportunity":"Brand not carried"},{"store":"Thrive Reno","category":"ACCESSORY","category_revenue_at_store":318626.5,"opportunity":"Brand not carried"},{"store":"Thrive Cheyenne","category":"ACCESSORY","category_revenue_at_store":221087.65625,"opportunity":"Brand not carried"},{"store":"Thrive Sahara","category":"ACCESSORY","category_revenue_at_store":186593.15625,"opportunity":"Brand not carried"},{"store":"Thrive Sammy","category":"ACCESSORY","category_revenue_at_store":174303.78125,"opportunity":"Brand not carried"},{"store":"Thrive Main Street","category":"ACCESSORY","category_revenue_at_store":24615.880859375,"opportunity":"Brand not carried"}],"product_mix":{"top":[{"product":"510 LEATHER BATTERY - STRIO","units":20,"revenue":802.7000122070312,"cost":390.0,"profit":412.70001220703125,"stores":1,"transactions":20,"margin":51.400001525878906},{"product":"FLYING HIGH 510 BATTERY","units":6,"revenue":212.5,"cost":105.0,"profit":107.5,"stores":1,"transactions":5,"margin":50.599998474121094}],"bottom":[],"expansion":[]},"pricing_consistency":[],"promotional_effectiveness":{"lift":{"fp_units_per_day":2.0,"disc_units_per_day":1.33,"lift_pct":-33.3,"fp_avg_revenue_per_unit":43.61,"disc_avg_revenue_per_unit":28.77},"by_deal":[{"deal_name":"Senior - 10% Off","uses":2,"revenue":76.5,"discounts":8.5,"units":2.0,"cost":39.0,"margin":49.0,"discount_depth":10.0},{"deal_name":"Industry 30% Off","uses":1,"revenue":28.0,"discounts":12.0,"units":1.0,"cost":18.0,"margin":35.7,"discount_depth":30.0}]},"growth_opportunities":[{"type":"distribution","title":"Expand to Thrive Cactus","detail":"Store has $359,353 in ACCESSORY \u2014 categories where STRIO competes.","priority":"high"},{"type":"distribution","title":"Expand to Thrive Cheyenne","detail":"Store has $221,088 in ACCESSORY \u2014 categories where STRIO competes.","priority":"high"},{"type":"distribution","title":"Expand to Thrive Main Street","detail":"Store has $24,616 in ACCESSORY \u2014 categories where STRIO competes.","priority":"high"},{"type":"distribution","title":"Expand to Thrive Reno","detail":"Store has $318,626 in ACCESSORY \u2014 categories where STRIO competes.","priority":"high"},{"type":"distribution","title":"Expand to Thrive Sahara","detail":"Store has $186,593 in ACCESSORY \u2014 categories where STRIO competes.","priority":"high"},{"type":"distribution","title":"Expand to Thrive Sammy","detail":"Store has $174,304 in ACCESSORY \u2014 categories where STRIO competes.","priority":"high"},{"type":"velocity","title":"Improve velocity in ACCESSORY","detail":"Velocity index 0 (below category average). 0.0 units/day vs 10.3 avg.","priority":"medium"}],"trend":[{"period":"2025-01","revenue":445.5,"cost":210.0,"margin":52.9,"units":10,"transactions":10,"profit":235.5,"revenue_change_pct":null,"units_change_pct":null,"margin_change_pts":null},{"period":"2025-08","revenue":357.20001220703125,"cost":180.0,"margin":49.6,"units":10,"transactions":10,"profit":177.1999969482422,"revenue_change_pct":-19.8,"units_change_pct":0,"margin_change_pts":-3.3},{"period":"2025-12","revenue":125.0,"cost":70.0,"margin":44.0,"units":4,"transactions":3,"profit":55.0,"revenue_change_pct":-65.0,"units_change_pct":-60.0,"margin_change_pts":-5.6},{"period":"2026-01","revenue":87.5,"cost":35.0,"margin":60.0,"units":2,"transactions":2,"profit":52.5,"revenue_change_pct":-30.0,"units_change_pct":-50.0,"margin_change_pts":16.0}]}