{"brand":"STRIO","date_range":"2024-01-01 00:00:00 to 2026-01-31 00:00:00","period_label":"All Time","summary":{"total_units":52,"total_revenue":2538.000030517578,"total_cost":1237.5,"total_discounts":337.00000762939453,"total_profit":1300.5000305175781,"overall_margin":51.20000076293945,"fp_margin":55.400001525878906,"disc_margin":37.0,"pct_full_price":77.30000305175781,"avg_discount_rate":11.699999809265137,"fp_revenue":1962.5,"disc_revenue":575.4999923706055,"unique_customers":50,"brand":"STRIO","date_range":"2024-01-01 00:00:00 to 2026-01-31 00:00:00","months_count":8,"avg_monthly_cost":309.375,"cost_per_unit":47.599999999999994,"primary_category":"ACCESSORY","primary_cat_margin":61.099998474121094,"category_rank":30,"category_total":136,"margin_vs_category":-9.899999618530273,"velocity_rank":54},"category_breakdown":[{"category_clean":"ACCESSORY","units":52,"revenue":2538.000030517578,"cost":1237.5,"profit":1300.5000305175781,"discounts":337.00000762939453,"margin":51.20000076293945,"category_avg_margin":61.099998474121094,"vs_category":-9.9,"rank":30.0,"total_brands":136.0}],"trend":[{"period":"2025-01","revenue":1113.75,"cost":525.0,"margin":52.9,"units":20,"transactions":20,"profit":588.75,"revenue_change_pct":null,"units_change_pct":null,"margin_change_pts":null},{"period":"2025-08","revenue":893.0000305175781,"cost":450.0,"margin":49.6,"units":20,"transactions":20,"profit":442.99999237060547,"revenue_change_pct":-19.8,"units_change_pct":0,"margin_change_pts":-3.3},{"period":"2025-12","revenue":312.5,"cost":175.0,"margin":44.0,"units":8,"transactions":6,"profit":137.5,"revenue_change_pct":-65.0,"units_change_pct":-60.0,"margin_change_pts":-5.6},{"period":"2026-01","revenue":218.75,"cost":87.5,"margin":60.0,"units":4,"transactions":4,"profit":131.25,"revenue_change_pct":-30.0,"units_change_pct":-50.0,"margin_change_pts":16.0}],"share_of_category":[{"category":"ACCESSORY","brand_revenue":2538.000030517578,"category_revenue":4128754.0625,"revenue_share_pct":0.10000000149011612,"brand_units":52,"category_units":2130096,"units_share_pct":0.0}],"share_of_category_trend":{"ACCESSORY":[{"period":"2024-01","brand_revenue":0.0,"category_revenue":153543.9453125,"share_pct":0.0},{"period":"2024-02","brand_revenue":0.0,"category_revenue":152399.47265625,"share_pct":0.0},{"period":"2024-03","brand_revenue":0.0,"category_revenue":154678.876953125,"share_pct":0.0},{"period":"2024-04","brand_revenue":0.0,"category_revenue":163353.65234375,"share_pct":0.0},{"period":"2024-05","brand_revenue":0.0,"category_revenue":179676.4453125,"share_pct":0.0},{"period":"2024-06","brand_revenue":0.0,"category_revenue":185008.828125,"share_pct":0.0},{"period":"2024-07","brand_revenue":0.0,"category_revenue":186675.46875,"share_pct":0.0},{"period":"2024-08","brand_revenue":0.0,"category_revenue":180226.328125,"share_pct":0.0},{"period":"2024-09","brand_revenue":0.0,"category_revenue":162386.298828125,"share_pct":0.0},{"period":"2024-10","brand_revenue":0.0,"category_revenue":166088.73046875,"share_pct":0.0},{"period":"2024-11","brand_revenue":0.0,"category_revenue":171706.09375,"share_pct":0.0},{"period":"2024-12","brand_revenue":0.0,"category_revenue":176502.03125,"share_pct":0.0},{"period":"2025-01","brand_revenue":1113.75,"category_revenue":167261.34765625,"share_pct":0.699999988079071},{"period":"2025-02","brand_revenue":0.0,"category_revenue":155260.927734375,"share_pct":0.0},{"period":"2025-03","brand_revenue":0.0,"category_revenue":176420.390625,"share_pct":0.0},{"period":"2025-04","brand_revenue":0.0,"category_revenue":182694.82421875,"share_pct":0.0},{"period":"2025-05","brand_revenue":0.0,"category_revenue":179904.4921875,"share_pct":0.0},{"period":"2025-06","brand_revenue":0.0,"category_revenue":161148.75,"share_pct":0.0},{"period":"2025-07","brand_revenue":0.0,"category_revenue":165549.8046875,"share_pct":0.0},{"period":"2025-08","brand_revenue":893.0000305175781,"category_revenue":171752.05078125,"share_pct":0.5},{"period":"2025-09","brand_revenue":0.0,"category_revenue":168198.9453125,"share_pct":0.0},{"period":"2025-10","brand_revenue":0.0,"category_revenue":171844.55078125,"share_pct":0.0},{"period":"2025-11","brand_revenue":0.0,"category_revenue":172839.74609375,"share_pct":0.0},{"period":"2025-12","brand_revenue":312.5,"category_revenue":141954.873046875,"share_pct":0.20000000298023224},{"period":"2026-01","brand_revenue":218.75,"category_revenue":81677.1484375,"share_pct":0.30000001192092896}]},"discount_depth":[{"tier":"0% (Full Price)","transactions":36,"pct_of_transactions":72.0,"revenue":1962.5,"avg_discount":0.0},{"tier":"1-10%","transactions":4,"pct_of_transactions":8.0,"revenue":191.25,"avg_discount":20.0},{"tier":"11-20%","transactions":0,"pct_of_transactions":0.0,"revenue":0.0,"avg_discount":0},{"tier":"21-30%","transactions":2,"pct_of_transactions":4.0,"revenue":93.75,"avg_discount":50.0},{"tier":"31%+","transactions":6,"pct_of_transactions":12.0,"revenue":220.49999237060547,"avg_discount":111.4000015258789}],"velocity":{"units_per_day":0.14,"revenue_per_day":7.200000286102295,"avg_units_per_txn":2.08,"days_of_data":352,"total_units":52,"total_transactions":50},"velocity_by_category":[{"category":"ACCESSORY","brand_units_per_day":0.06,"category_avg_units_per_day":20.56,"velocity_index":0.3,"brand_rev_per_unit":39.05,"category_rev_per_unit":1.55,"brands_in_category":136}],"deals":[{"deal_name":"Senior - 10% Off","times_used":4,"units":4.0,"revenue":191.25,"discounts":21.25,"cost":97.5,"profit":93.75,"pre_discount_revenue":212.5,"margin":49.0,"avg_discount":20.0},{"deal_name":"Industry 30% Off","times_used":2,"units":2.0,"revenue":70.0,"discounts":30.0,"cost":45.0,"profit":25.0,"pre_discount_revenue":100.0,"margin":35.7,"avg_discount":60.0}],"top_products":[{"product":"510 LEATHER BATTERY - STRIO","units":40,"revenue":2006.7500305175781,"cost":975.0,"profit":1031.7500305175781,"transactions":40,"margin":51.400001525878906},{"product":"FLYING HIGH 510 BATTERY","units":12,"revenue":531.25,"cost":262.5,"profit":268.75,"transactions":10,"margin":50.599998474121094}],"products_by_store":{"Elevation Oasis":[{"product":"510 LEATHER BATTERY - STRIO","units":40,"revenue":2006.7500305175781,"cost":975.0,"profit":1031.7500305175781,"transactions":40,"margin":51.400001525878906},{"product":"FLYING HIGH 510 BATTERY","units":12,"revenue":531.25,"cost":262.5,"profit":268.75,"transactions":10,"margin":50.599998474121094}]},"store_summary":[{"store_clean":"Elevation Oasis","units":52,"revenue":2538.000030517578,"cost":1237.5,"profit":1300.5000305175781,"discounts":337.00000762939453,"margin":51.20000076293945,"discount_rate":11.699999809265137}],"recommendations":[{"severity":"yellow","title":"CATEGORY BENCHMARK GAP","detail":"Overall margin (51.2%) trails ACCESSORY average (61.1%) by 9.9 pts.","action":"Negotiate cost reduction or increase retail price."}],"comparison":null}