{"brand":"SRENE","date_range":"2024-01-01 00:00:00 to 2026-01-31 00:00:00","period_label":"All Time","summary":{"total_units":262634,"total_revenue":9042357.5,"total_cost":4496549.0625,"total_discounts":2620644.6875,"total_profit":4545808.75,"overall_margin":50.29999923706055,"fp_margin":60.599998474121094,"disc_margin":46.20000076293945,"pct_full_price":28.200000762939453,"avg_discount_rate":22.5,"fp_revenue":2553706.25,"disc_revenue":6488651.875,"brand":"SRENE","date_range":"2024-01-01 00:00:00 to 2026-01-31 00:00:00","primary_category":"CARTRIDGE","store_coverage":"7/7","stores_present":["Elevation Springs","Elevation Mesa","Elevation Oasis","Elevation Downtown","Elevation Midtown","Elevation Boulevard","Elevation Parkway"],"stores_missing":[],"velocity_rank":2,"velocity_total":27},"distribution":[{"store":"Elevation Springs","carries_brand":true,"sku_count":186,"revenue":1954014.375,"units":58648,"store_total_revenue":51138750.0,"brand_share_pct":3.799999952316284},{"store":"Elevation Mesa","carries_brand":true,"sku_count":176,"revenue":1874697.65625,"units":54238,"store_total_revenue":47532240.0,"brand_share_pct":3.9000000953674316},{"store":"Elevation Oasis","carries_brand":true,"sku_count":160,"revenue":2445397.34375,"units":63536,"store_total_revenue":56050145.0,"brand_share_pct":4.400000095367432},{"store":"Elevation Downtown","carries_brand":true,"sku_count":32,"revenue":47419.248046875,"units":1486,"store_total_revenue":1945237.1875,"brand_share_pct":2.4000000953674316},{"store":"Elevation Midtown","carries_brand":true,"sku_count":138,"revenue":1328927.5,"units":40428,"store_total_revenue":30850185.0,"brand_share_pct":4.300000190734863},{"store":"Elevation Boulevard","carries_brand":true,"sku_count":158,"revenue":896788.4375,"units":28286,"store_total_revenue":28757865.0,"brand_share_pct":3.0999999046325684},{"store":"Elevation Parkway","carries_brand":true,"sku_count":118,"revenue":495113.3203125,"units":16012,"store_total_revenue":21987007.5,"brand_share_pct":2.299999952316284}],"share_of_category":[{"category":"CARTRIDGE","brand_revenue":5188721.25,"category_revenue":46155130.0,"revenue_share_pct":11.199999809265137,"brand_units":181744,"category_units":1532896,"units_share_pct":11.9},{"category":"FLOWER","brand_revenue":3717660.3125,"category_revenue":77755450.0,"revenue_share_pct":4.800000190734863,"brand_units":77668,"category_units":2708446,"units_share_pct":2.9},{"category":"DISPOSABLE VAPE","brand_revenue":131030.8203125,"category_revenue":30552405.0,"revenue_share_pct":0.4000000059604645,"brand_units":2960,"category_units":756548,"units_share_pct":0.4},{"category":"CONCENTRATE","brand_revenue":4945.499572753906,"category_revenue":7866357.5,"revenue_share_pct":0.10000000149011612,"brand_units":262,"category_units":316632,"units_share_pct":0.1}],"share_of_category_trend":{"CARTRIDGE":[{"period":"2024-01","brand_revenue":249803.41796875,"category_revenue":2057675.625,"share_pct":12.100000381469727},{"period":"2024-02","brand_revenue":218112.87109375,"category_revenue":2141777.8125,"share_pct":10.199999809265137},{"period":"2024-03","brand_revenue":238658.671875,"category_revenue":2288552.1875,"share_pct":10.399999618530273},{"period":"2024-04","brand_revenue":228033.41796875,"category_revenue":2096820.46875,"share_pct":10.899999618530273},{"period":"2024-05","brand_revenue":268737.24609375,"category_revenue":2138038.59375,"share_pct":12.600000381469727},{"period":"2024-06","brand_revenue":247174.7265625,"category_revenue":2017623.90625,"share_pct":12.300000190734863},{"period":"2024-07","brand_revenue":311137.8515625,"category_revenue":2031918.28125,"share_pct":15.300000190734863},{"period":"2024-08","brand_revenue":317768.57421875,"category_revenue":2132382.65625,"share_pct":14.899999618530273},{"period":"2024-09","brand_revenue":174839.55078125,"category_revenue":1955407.03125,"share_pct":8.899999618530273},{"period":"2024-10","brand_revenue":197810.625,"category_revenue":2083993.125,"share_pct":9.5},{"period":"2024-11","brand_revenue":218855.37109375,"category_revenue":2038609.375,"share_pct":10.699999809265137},{"period":"2024-12","brand_revenue":160981.298828125,"category_revenue":2003932.03125,"share_pct":8.0},{"period":"2025-01","brand_revenue":189146.328125,"category_revenue":1921719.21875,"share_pct":9.800000190734863},{"period":"2025-02","brand_revenue":211379.375,"category_revenue":1668647.5,"share_pct":12.699999809265137},{"period":"2025-03","brand_revenue":245951.4453125,"category_revenue":1758711.25,"share_pct":14.0},{"period":"2025-04","brand_revenue":240056.58203125,"category_revenue":1735997.5,"share_pct":13.800000190734863},{"period":"2025-05","brand_revenue":187778.18359375,"category_revenue":1688800.46875,"share_pct":11.100000381469727},{"period":"2025-06","brand_revenue":207850.01953125,"category_revenue":1594515.0,"share_pct":13.0},{"period":"2025-07","brand_revenue":210671.07421875,"category_revenue":1595739.53125,"share_pct":13.199999809265137},{"period":"2025-08","brand_revenue":171506.7578125,"category_revenue":1677489.6875,"share_pct":10.199999809265137},{"period":"2025-09","brand_revenue":169275.95703125,"category_revenue":1539547.96875,"share_pct":11.0},{"period":"2025-10","brand_revenue":130391.376953125,"category_revenue":1548909.21875,"share_pct":8.399999618530273},{"period":"2025-11","brand_revenue":157824.404296875,"category_revenue":1545430.15625,"share_pct":10.199999809265137},{"period":"2025-12","brand_revenue":116677.7734375,"category_revenue":1467828.28125,"share_pct":7.900000095367432},{"period":"2026-01","brand_revenue":118298.251953125,"category_revenue":1425064.0625,"share_pct":8.300000190734863}],"FLOWER":[{"period":"2024-01","brand_revenue":147890.625,"category_revenue":3552357.8125,"share_pct":4.199999809265137},{"period":"2024-02","brand_revenue":145249.82421875,"category_revenue":3535245.625,"share_pct":4.099999904632568},{"period":"2024-03","brand_revenue":134274.6484375,"category_revenue":3693805.625,"share_pct":3.5999999046325684},{"period":"2024-04","brand_revenue":117379.6484375,"category_revenue":3541899.6875,"share_pct":3.299999952316284},{"period":"2024-05","brand_revenue":151343.9453125,"category_revenue":3537479.375,"share_pct":4.300000190734863},{"period":"2024-06","brand_revenue":99687.099609375,"category_revenue":3403269.6875,"share_pct":2.9000000953674316},{"period":"2024-07","brand_revenue":119741.50390625,"category_revenue":3457705.9375,"share_pct":3.5},{"period":"2024-08","brand_revenue":160805.17578125,"category_revenue":3453819.375,"share_pct":4.699999809265137},{"period":"2024-09","brand_revenue":161804.404296875,"category_revenue":3316441.5625,"share_pct":4.900000095367432},{"period":"2024-10","brand_revenue":146903.828125,"category_revenue":3585775.0,"share_pct":4.099999904632568},{"period":"2024-11","brand_revenue":106486.572265625,"category_revenue":3454855.3125,"share_pct":3.0999999046325684},{"period":"2024-12","brand_revenue":111428.447265625,"category_revenue":3226567.8125,"share_pct":3.5},{"period":"2025-01","brand_revenue":77595.498046875,"category_revenue":2984938.125,"share_pct":2.5999999046325684},{"period":"2025-02","brand_revenue":90037.099609375,"category_revenue":2816220.0,"share_pct":3.200000047683716},{"period":"2025-03","brand_revenue":111436.50390625,"category_revenue":2911379.6875,"share_pct":3.799999952316284},{"period":"2025-04","brand_revenue":166912.32421875,"category_revenue":3118895.3125,"share_pct":5.400000095367432},{"period":"2025-05","brand_revenue":86970.99609375,"category_revenue":2887345.0,"share_pct":3.0},{"period":"2025-06","brand_revenue":179700.7421875,"category_revenue":2773698.125,"share_pct":6.5},{"period":"2025-07","brand_revenue":189050.3515625,"category_revenue":2782763.125,"share_pct":6.800000190734863},{"period":"2025-08","brand_revenue":203273.9453125,"category_revenue":2733122.8125,"share_pct":7.400000095367432},{"period":"2025-09","brand_revenue":185952.75390625,"category_revenue":2603501.5625,"share_pct":7.099999904632568},{"period":"2025-10","brand_revenue":225283.046875,"category_revenue":2663705.0,"share_pct":8.5},{"period":"2025-11","brand_revenue":292822.48046875,"category_revenue":2700189.0625,"share_pct":10.800000190734863},{"period":"2025-12","brand_revenue":152608.271484375,"category_revenue":2515209.53125,"share_pct":6.099999904632568},{"period":"2026-01","brand_revenue":153020.595703125,"category_revenue":2505261.875,"share_pct":6.099999904632568}],"DISPOSABLE VAPE":[{"period":"2024-01","brand_revenue":0.0,"category_revenue":933474.921875,"share_pct":0.0},{"period":"2024-02","brand_revenue":0.0,"category_revenue":877782.109375,"share_pct":0.0},{"period":"2024-03","brand_revenue":0.0,"category_revenue":990692.03125,"share_pct":0.0},{"period":"2024-04","brand_revenue":0.0,"category_revenue":971952.1875,"share_pct":0.0},{"period":"2024-05","brand_revenue":0.0,"category_revenue":1035100.46875,"share_pct":0.0},{"period":"2024-06","brand_revenue":0.0,"category_revenue":1039794.21875,"share_pct":0.0},{"period":"2024-07","brand_revenue":0.0,"category_revenue":1081636.5625,"share_pct":0.0},{"period":"2024-08","brand_revenue":40267.84912109375,"category_revenue":1098658.125,"share_pct":3.700000047683716},{"period":"2024-09","brand_revenue":28330.92529296875,"category_revenue":1056394.53125,"share_pct":2.700000047683716},{"period":"2024-10","brand_revenue":22688.75,"category_revenue":1197041.171875,"share_pct":1.899999976158142},{"period":"2024-11","brand_revenue":18113.800048828125,"category_revenue":1193980.234375,"share_pct":1.5},{"period":"2024-12","brand_revenue":11854.25048828125,"category_revenue":1222008.984375,"share_pct":1.0},{"period":"2025-01","brand_revenue":3212.7499389648438,"category_revenue":1100552.421875,"share_pct":0.30000001192092896},{"period":"2025-02","brand_revenue":0.0,"category_revenue":1167271.25,"share_pct":0.0},{"period":"2025-03","brand_revenue":0.0,"category_revenue":1348856.71875,"share_pct":0.0},{"period":"2025-04","brand_revenue":5785.4998779296875,"category_revenue":1414639.84375,"share_pct":0.4000000059604645},{"period":"2025-05","brand_revenue":776.9999694824219,"category_revenue":1460588.4375,"share_pct":0.10000000149011612},{"period":"2025-06","brand_revenue":0.0,"category_revenue":1320852.96875,"share_pct":0.0},{"period":"2025-07","brand_revenue":0.0,"category_revenue":1451194.84375,"share_pct":0.0},{"period":"2025-08","brand_revenue":0.0,"category_revenue":1403520.625,"share_pct":0.0},{"period":"2025-09","brand_revenue":0.0,"category_revenue":1317518.125,"share_pct":0.0},{"period":"2025-10","brand_revenue":0.0,"category_revenue":1511693.75,"share_pct":0.0},{"period":"2025-11","brand_revenue":0.0,"category_revenue":1481709.21875,"share_pct":0.0},{"period":"2025-12","brand_revenue":0.0,"category_revenue":1476896.875,"share_pct":0.0},{"period":"2026-01","brand_revenue":0.0,"category_revenue":1398594.84375,"share_pct":0.0}],"CONCENTRATE":[{"period":"2024-01","brand_revenue":4945.500183105469,"category_revenue":351129.609375,"share_pct":1.399999976158142},{"period":"2024-02","brand_revenue":0.0,"category_revenue":371224.4921875,"share_pct":0.0},{"period":"2024-03","brand_revenue":0.0,"category_revenue":375964.296875,"share_pct":0.0},{"period":"2024-04","brand_revenue":0.0,"category_revenue":352745.859375,"share_pct":0.0},{"period":"2024-05","brand_revenue":0.0,"category_revenue":346027.5,"share_pct":0.0},{"period":"2024-06","brand_revenue":0.0,"category_revenue":310723.3984375,"share_pct":0.0},{"period":"2024-07","brand_revenue":0.0,"category_revenue":336220.078125,"share_pct":0.0},{"period":"2024-08","brand_revenue":0.0,"category_revenue":324004.04296875,"share_pct":0.0},{"period":"2024-09","brand_revenue":0.0,"category_revenue":326834.1796875,"share_pct":0.0},{"period":"2024-10","brand_revenue":0.0,"category_revenue":324500.859375,"share_pct":0.0},{"period":"2024-11","brand_revenue":0.0,"category_revenue":351240.0390625,"share_pct":0.0},{"period":"2024-12","brand_revenue":0.0,"category_revenue":324145.4296875,"share_pct":0.0},{"period":"2025-01","brand_revenue":0.0,"category_revenue":325749.19921875,"share_pct":0.0},{"period":"2025-02","brand_revenue":0.0,"category_revenue":300499.0234375,"share_pct":0.0},{"period":"2025-03","brand_revenue":0.0,"category_revenue":298171.5234375,"share_pct":0.0},{"period":"2025-04","brand_revenue":0.0,"category_revenue":343355.625,"share_pct":0.0},{"period":"2025-05","brand_revenue":0.0,"category_revenue":288836.62109375,"share_pct":0.0},{"period":"2025-06","brand_revenue":0.0,"category_revenue":280928.33984375,"share_pct":0.0},{"period":"2025-07","brand_revenue":0.0,"category_revenue":283604.1796875,"share_pct":0.0},{"period":"2025-08","brand_revenue":0.0,"category_revenue":274773.76953125,"share_pct":0.0},{"period":"2025-09","brand_revenue":0.0,"category_revenue":264599.19921875,"share_pct":0.0},{"period":"2025-10","brand_revenue":0.0,"category_revenue":277515.46875,"share_pct":0.0},{"period":"2025-11","brand_revenue":0.0,"category_revenue":295773.3203125,"share_pct":0.0},{"period":"2025-12","brand_revenue":0.0,"category_revenue":267042.05078125,"share_pct":0.0},{"period":"2026-01","brand_revenue":0.0,"category_revenue":270749.70703125,"share_pct":0.0}]},"velocity_by_category":[{"category":"CARTRIDGE","brand_units_per_day":238.5,"category_avg_units_per_day":74.5,"velocity_index":320.1,"brand_rev_per_unit":22.84,"category_rev_per_unit":24.09,"brands_in_category":27},{"category":"FLOWER","brand_units_per_day":101.92,"category_avg_units_per_day":55.54,"velocity_index":183.5,"brand_rev_per_unit":38.29,"category_rev_per_unit":22.97,"brands_in_category":64},{"category":"DISPOSABLE VAPE","brand_units_per_day":3.88,"category_avg_units_per_day":28.36,"velocity_index":13.7,"brand_rev_per_unit":35.41,"category_rev_per_unit":32.31,"brands_in_category":35},{"category":"CONCENTRATE","brand_units_per_day":0.34,"category_avg_units_per_day":15.38,"velocity_index":2.2,"brand_rev_per_unit":15.1,"category_rev_per_unit":19.88,"brands_in_category":27}],"store_gaps":[{"store":"Elevation Oasis","category":"CONCENTRATE","category_revenue_at_store":2308119.6875,"opportunity":"Category not carried at this store"},{"store":"Elevation Springs","category":"CONCENTRATE","category_revenue_at_store":1690016.09375,"opportunity":"Category not carried at this store"},{"store":"Elevation Parkway","category":"CONCENTRATE","category_revenue_at_store":449521.640625,"opportunity":"Category not carried at this store"},{"store":"Elevation Downtown","category":"DISPOSABLE VAPE","category_revenue_at_store":386406.2890625,"opportunity":"Category not carried at this store"},{"store":"Elevation Downtown","category":"CONCENTRATE","category_revenue_at_store":53170.9033203125,"opportunity":"Category not carried at this store"}],"product_mix":{"top":[{"product":"STRANGE HAZE #8 EIGHTH - SRENE","units":16920,"revenue":698869.84375,"cost":367602.5,"profit":331267.3828125,"stores":7,"transactions":12340,"margin":47.400001525878906},{"product":"DAYSTRIPPER EIGHTH - SRENE","units":16216,"revenue":670774.921875,"cost":339828.0078125,"profit":330946.953125,"stores":7,"transactions":11872,"margin":49.29999923706055},{"product":"SIN CITY FUNK EIGHTH - SRENE","units":11184,"revenue":450485.3125,"cost":234050.0,"profit":216435.33203125,"stores":7,"transactions":8306,"margin":48.0},{"product":"DAYSTRIPPER CART - SRENE","units":12192,"revenue":357515.7421875,"cost":181649.296875,"profit":175866.4453125,"stores":6,"transactions":10398,"margin":49.20000076293945},{"product":"HORCHATA CART - SRENE","units":9656,"revenue":282684.47265625,"cost":144840.0,"profit":137844.47265625,"stores":6,"transactions":8336,"margin":48.79999923706055},{"product":"SIN CITY FUNK HALF OUNCE - SRENE","units":3402,"revenue":279217.734375,"cost":111120.0,"profit":168097.734375,"stores":4,"transactions":3038,"margin":60.20000076293945},{"product":"747 CART - SRENE","units":8236,"revenue":236592.12890625,"cost":118710.205078125,"profit":117881.923828125,"stores":6,"transactions":7080,"margin":49.79999923706055},{"product":"CHUNKY MUNKEY CART - SRENE","units":8118,"revenue":235547.87109375,"cost":121770.0,"profit":113777.87109375,"stores":6,"transactions":7274,"margin":48.29999923706055},{"product":"FRUITY P CART - SRENE","units":7932,"revenue":228162.48046875,"cost":115427.40234375,"profit":112735.078125,"stores":7,"transactions":6866,"margin":49.400001525878906},{"product":"STRANGE HAZE #8 HALF OUNCE - SRENE","units":2860,"revenue":224103.14453125,"cost":95765.0,"profit":128338.154296875,"stores":4,"transactions":2574,"margin":57.29999923706055},{"product":"JET FUEL ACAI X GARLIC BREATH #4 EIGHTH - SRENE","units":5034,"revenue":216020.859375,"cost":119415.0,"profit":96605.849609375,"stores":6,"transactions":3682,"margin":44.70000076293945},{"product":"GOVERNMINT OASIS CART - SRENE","units":7740,"revenue":215868.3984375,"cost":113926.904296875,"profit":101941.50390625,"stores":7,"transactions":6668,"margin":47.20000076293945},{"product":"XJ-13 CART - SRENE","units":7494,"revenue":211057.24609375,"cost":112410.0,"profit":98647.24609375,"stores":6,"transactions":6376,"margin":46.70000076293945},{"product":"PURPLE HAZE CART - SRENE","units":7016,"revenue":204143.22265625,"cost":103652.802734375,"profit":100490.419921875,"stores":6,"transactions":6010,"margin":49.20000076293945},{"product":"DAYSTRIPPER HALF OUNCE - SRENE","units":2418,"revenue":190671.26953125,"cost":79050.0,"profit":111621.279296875,"stores":4,"transactions":2186,"margin":58.5},{"product":"GAS N PEACHES CART - SRENE","units":6524,"revenue":189012.65625,"cost":92852.3046875,"profit":96160.3515625,"stores":7,"transactions":5930,"margin":50.900001525878906},{"product":"STRANGE HAZE #8 CART - SRENE","units":6450,"revenue":182953.3984375,"cost":94226.6015625,"profit":88726.796875,"stores":7,"transactions":5604,"margin":48.5},{"product":"TAHOE SUNRISE CART - SRENE","units":6088,"revenue":173975.4296875,"cost":90557.40234375,"profit":83418.02734375,"stores":6,"transactions":5376,"margin":47.900001525878906},{"product":"CHERRY BOMB CART - SRENE","units":5182,"revenue":145663.427734375,"cost":75603.1494140625,"profit":70060.2734375,"stores":7,"transactions":4380,"margin":48.099998474121094},{"product":"THE CHEM TRIANGLE CART - SRENE","units":4616,"revenue":134358.271484375,"cost":69240.0,"profit":65118.2763671875,"stores":6,"transactions":4046,"margin":48.5}],"bottom":[{"product":"GUAVA PAPAYA SMOOTHIE CDT CART - SRENE","units":100,"revenue":2763.3248901367188,"cost":1345.0,"profit":1418.3250427246094,"stores":1,"transactions":94,"margin":51.29999923706055},{"product":"APPLES & BANANAS LIVE RESIN CART - SRENE","units":102,"revenue":2463.9999389648438,"cost":765.0,"profit":1698.9999389648438,"stores":1,"transactions":82,"margin":69.0},{"product":"STRANGE HAZE #8 CDT CART - SRENE","units":78,"revenue":2350.0,"cost":1049.1000366210938,"profit":1300.8999633789062,"stores":1,"transactions":70,"margin":55.400001525878906},{"product":"PEACH HORCHATA LIVE RESIN CART - SRENE","units":54,"revenue":1375.0,"cost":405.0,"profit":970.0,"stores":1,"transactions":48,"margin":70.5},{"product":"TROPICAL BREATH LIVE ROSIN - SRENE","units":48,"revenue":1016.9999694824219,"cost":450.0,"profit":567.0000076293945,"stores":2,"transactions":32,"margin":55.79999923706055},{"product":"747 CDT CART - SRENE","units":10,"revenue":300.0,"cost":134.50000762939453,"profit":165.49999237060547,"stores":1,"transactions":6,"margin":55.20000076293945},{"product":"TROPICANA ACAI SLUSH CDT CART - SRENE","units":10,"revenue":292.5,"cost":134.50000762939453,"profit":157.99999237060547,"stores":1,"transactions":10,"margin":54.0},{"product":"FRUITY ROLL-UPZ CART - SRENE","units":6,"revenue":148.50000381469727,"cost":71.25,"profit":77.24999904632568,"stores":1,"transactions":4,"margin":52.0},{"product":"LEMON HAZE CDT CART - SRENE","units":2,"revenue":62.5,"cost":26.90000057220459,"profit":35.59999942779541,"stores":1,"transactions":2,"margin":57.0},{"product":"DAYSTRIPPER GRAM - SRENE","units":2,"revenue":17.5,"cost":10.0,"profit":7.5,"stores":1,"transactions":2,"margin":42.900001525878906}],"expansion":[{"product":"DAYSTRIPPER CART - SRENE","current_stores":6,"total_stores":7,"missing_stores":["Elevation Downtown"],"revenue":357515.7421875},{"product":"HORCHATA CART - SRENE","current_stores":6,"total_stores":7,"missing_stores":["Elevation Downtown"],"revenue":282684.47265625},{"product":"SIN CITY FUNK HALF OUNCE - SRENE","current_stores":4,"total_stores":7,"missing_stores":["Elevation Downtown","Elevation Midtown","Elevation Parkway"],"revenue":279217.734375},{"product":"747 CART - SRENE","current_stores":6,"total_stores":7,"missing_stores":["Elevation Downtown"],"revenue":236592.12890625},{"product":"CHUNKY MUNKEY CART - SRENE","current_stores":6,"total_stores":7,"missing_stores":["Elevation Downtown"],"revenue":235547.87109375},{"product":"STRANGE HAZE #8 HALF OUNCE - SRENE","current_stores":4,"total_stores":7,"missing_stores":["Elevation Downtown","Elevation Midtown","Elevation Parkway"],"revenue":224103.14453125},{"product":"JET FUEL ACAI X GARLIC BREATH #4 EIGHTH - SRENE","current_stores":6,"total_stores":7,"missing_stores":["Elevation Downtown"],"revenue":216020.859375},{"product":"XJ-13 CART - SRENE","current_stores":6,"total_stores":7,"missing_stores":["Elevation Downtown"],"revenue":211057.24609375},{"product":"PURPLE HAZE CART - SRENE","current_stores":6,"total_stores":7,"missing_stores":["Elevation Downtown"],"revenue":204143.22265625},{"product":"DAYSTRIPPER HALF OUNCE - SRENE","current_stores":4,"total_stores":7,"missing_stores":["Elevation Downtown","Elevation Midtown","Elevation Parkway"],"revenue":190671.26953125}]},"pricing_consistency":[{"product":"TROPICANA ACAI SLUSH CART - SRENE","min_price":39.300000000000004,"max_price":59.1,"avg_price":51.795159637069894,"std_dev":2.95171571568939,"store_count":12,"price_range":19.8,"range_pct":38.2},{"product":"STRAWBERRY KUSH CAKE DISPOSABLE VAPE - SRENE","min_price":78.28500366210938,"max_price":106.64999999999999,"avg_price":89.78053073077135,"std_dev":3.777889752577466,"store_count":12,"price_range":28.36499633789062,"range_pct":31.6},{"product":"TAHOE SUNRISE DISPOSABLE VAPE - SRENE","min_price":80.67999877929687,"max_price":108.45,"avg_price":93.74156797031796,"std_dev":3.714949974540338,"store_count":12,"price_range":27.77000122070314,"range_pct":29.6},{"product":"PURPLE HAZE DISPOSABLE VAPE - SRENE","min_price":78.95408163265306,"max_price":105.234375,"avg_price":90.18369904930259,"std_dev":3.7045325647541216,"store_count":12,"price_range":26.280293367346943,"range_pct":29.1},{"product":"BUBBLEGUM GARY HALF OUNCE - SRENE","min_price":146.82291666666666,"max_price":192.45126188076034,"avg_price":164.3943624639876,"std_dev":8.490590032935321,"store_count":8,"price_range":45.6283452140937,"range_pct":27.8},{"product":"ZERO GRAVITY EIGHTH - SRENE","min_price":63.720001220703125,"max_price":84.47000122070312,"avg_price":74.92115048363095,"std_dev":2.508288336592772,"store_count":14,"price_range":20.749999999999993,"range_pct":27.7},{"product":"BUBBLEGUM GARY EIGHTH - SRENE","min_price":65.08499145507812,"max_price":83.999998304579,"avg_price":75.80708148844687,"std_dev":2.862305353631686,"store_count":14,"price_range":18.915006849500866,"range_pct":25.0},{"product":"STRAWBERRY ICE CREAM CART - SRENE","min_price":43.02676730685764,"max_price":54.7979797979798,"avg_price":49.282143557120015,"std_dev":1.762465474432345,"store_count":12,"price_range":11.771212491122158,"range_pct":23.9},{"product":"HORCHATA DISPOSABLE VAPE - SRENE","min_price":78.64062627156575,"max_price":99.17750244140626,"avg_price":88.13343215206571,"std_dev":3.1386005153452783,"store_count":12,"price_range":20.536876169840504,"range_pct":23.3},{"product":"ZERO GRAVITY HALF OUNCE - SRENE","min_price":156.0,"max_price":193.79999999999998,"avg_price":172.1404831011352,"std_dev":6.41739813305566,"store_count":8,"price_range":37.8,"range_pct":22.0},{"product":"GUAVA PAPAYA SMOOTHIE CART - SRENE","min_price":45.30612244897959,"max_price":56.298469387755105,"avg_price":51.39334563844277,"std_dev":1.6287880700670758,"store_count":12,"price_range":10.99234693877551,"range_pct":21.4},{"product":"FRUITY P EIGHTH - SRENE","min_price":74.067998046875,"max_price":91.5912356321839,"avg_price":82.26651243641825,"std_dev":2.4572760096796986,"store_count":12,"price_range":17.5232375853089,"range_pct":21.3},{"product":"LA LIGHTS CART - SRENE","min_price":52.23729365289549,"max_price":63.58912830046791,"avg_price":58.163472715392935,"std_dev":1.739514519888419,"store_count":12,"price_range":11.35183464757243,"range_pct":19.5},{"product":"STRANGE HAZE #8 EIGHTH - SRENE","min_price":71.21749267578126,"max_price":86.93977038388326,"avg_price":80.87110598461115,"std_dev":2.055309501164526,"store_count":14,"price_range":15.722277708102004,"range_pct":19.4},{"product":"BIOFUEL EIGHTH - SRENE","min_price":64.075,"max_price":78.09375127156575,"avg_price":73.02983929435062,"std_dev":1.941135983136086,"store_count":14,"price_range":14.018751271565755,"range_pct":19.2},{"product":"2:1:1 THC/CBD/CBC RELAX AND RECOVER CART - SRENE","min_price":50.5,"max_price":61.07142857142857,"avg_price":55.5781863465601,"std_dev":1.7500795892135401,"store_count":8,"price_range":10.57142857142857,"range_pct":19.0},{"product":"O.B.X. HALF OUNCE - SRENE","min_price":160.77205882352942,"max_price":193.20075757575756,"avg_price":172.30570409982175,"std_dev":5.890301998207851,"store_count":8,"price_range":32.42869875222816,"range_pct":18.8},{"product":"GUAVA DIESEL CART - SRENE","min_price":50.270270270270274,"max_price":60.70400390625,"avg_price":55.56139816846779,"std_dev":1.8092173860411316,"store_count":8,"price_range":10.43373363597973,"range_pct":18.8},{"product":"PURPLE SLUSH HALF OUNCE - SRENE","min_price":163.30833333333334,"max_price":195.9717529296875,"avg_price":178.23502875434028,"std_dev":6.604809655177507,"store_count":6,"price_range":32.66341959635415,"range_pct":18.3},{"product":"SIN CITY FUNK HALF OUNCE - SRENE","min_price":147.16915564903846,"max_price":175.17261723507917,"avg_price":158.1066804036466,"std_dev":4.941884377869048,"store_count":8,"price_range":28.003461586040714,"range_pct":17.7},{"product":"GAS N PEACHES CART - SRENE","min_price":52.875,"max_price":62.64831434558171,"avg_price":57.037745547577146,"std_dev":1.2443002664832037,"store_count":14,"price_range":9.773314345581712,"range_pct":17.1},{"product":"O.B.X HALF OUNCE - SRENE","min_price":137.109375,"max_price":162.5,"avg_price":149.8046875,"std_dev":7.181553246425874,"store_count":4,"price_range":25.390625,"range_pct":16.9},{"product":"SPACE JUNKY HALF OUNCE - SRENE","min_price":148.44874277836135,"max_price":174.91785714285714,"avg_price":159.72066318714985,"std_dev":4.9442135893917065,"store_count":8,"price_range":26.4691143644958,"range_pct":16.6},{"product":"2:1:1 THC/CBD/CBG CHERRY WINE CART - SRENE","min_price":56.740002441406254,"max_price":66.83163389867666,"avg_price":61.094161772096875,"std_dev":1.5068472861661242,"store_count":12,"price_range":10.091631457270402,"range_pct":16.5},{"product":"SUGAR RUSH CART - SRENE","min_price":55.52083333333333,"max_price":64.6166259765625,"avg_price":58.69012531066825,"std_dev":1.3109547806604072,"store_count":12,"price_range":9.095792643229172,"range_pct":15.5},{"product":"THE CHEM TRIANGLE CART - SRENE","min_price":54.99747184327411,"max_price":63.73312689750837,"avg_price":57.44205838665081,"std_dev":1.2945110807975404,"store_count":12,"price_range":8.73565505423426,"range_pct":15.2},{"product":"BUBBLEGUM GARY CART - SRENE","min_price":48.11331775700935,"max_price":55.76,"avg_price":51.55091355140187,"std_dev":1.1350508971655224,"store_count":10,"price_range":7.64668224299065,"range_pct":14.8},{"product":"CHUNKY MUNKEY CART - SRENE","min_price":54.57033747602302,"max_price":63.001325891373,"avg_price":57.555536698791954,"std_dev":1.2725463377217587,"store_count":12,"price_range":8.430988415349985,"range_pct":14.6},{"product":"CHEMPEBBLES RESERVE CART - SRENE","min_price":55.87999877929687,"max_price":64.521875,"avg_price":59.858181207830256,"std_dev":1.349171993557034,"store_count":12,"price_range":8.641876220703129,"range_pct":14.4},{"product":"MOON MYST CART - SRENE","min_price":54.625,"max_price":62.9,"avg_price":58.00403960721576,"std_dev":1.4033386635960394,"store_count":8,"price_range":8.274999999999997,"range_pct":14.3}],"promotional_effectiveness":{"lift":{"fp_units_per_day":73.5,"disc_units_per_day":272.78,"lift_pct":271.1,"fp_avg_revenue_per_unit":92.775,"disc_avg_revenue_per_unit":62.525000000000006},"by_deal":[{"deal_name":"Industry - 30% Off","uses":13462,"revenue":987465.7773280144,"discounts":423861.72236561775,"units":34714.0,"cost":584594.6749999793,"margin":40.8,"discount_depth":60.0},{"deal_name":"Industry 30% Off","uses":5018,"revenue":541168.1985414028,"discounts":234403.05129766464,"units":15500.0,"cost":260970.32704113517,"margin":51.8,"discount_depth":60.4},{"deal_name":"Srene 0.8g Carts 3 for $60","uses":3758,"revenue":604988.125,"discounts":304096.8749952316,"units":24223.0,"cost":358455.8254630724,"margin":40.7,"discount_depth":67.0},{"deal_name":"Stock & Save - 3 for $75 - Srene / Select / Big Chief Carts","uses":3604,"revenue":541205.750002861,"discounts":108866.75000429153,"units":17321.0,"cost":258359.97515048366,"margin":52.3,"discount_depth":33.4},{"deal_name":"Srene 1/4 for $60","uses":2648,"revenue":477374.28747177124,"discounts":198671.33749246597,"units":12741.0,"cost":286488.2999999821,"margin":40.0,"discount_depth":58.8},{"deal_name":"Lit4Less - 3 for $75 Carts - Srene / Select / AMA / Optimum / BC","uses":2188,"revenue":318203.67500543594,"discounts":87483.82499873638,"units":10201.0,"cost":137355.3521680832,"margin":56.8,"discount_depth":43.2},{"deal_name":"Senior - 10% Off","uses":1862,"revenue":287926.56141996384,"discounts":32616.561995744705,"units":5594.0,"cost":122647.22506465856,"margin":57.4,"discount_depth":20.4},{"deal_name":"Lit4Less - 1/4 for $60","uses":1701,"revenue":256918.65000128746,"discounts":104386.34999513626,"units":6882.0,"cost":111832.5,"margin":56.5,"discount_depth":57.8},{"deal_name":"4/20 2025 - Flower / Infused","uses":1356,"revenue":117975.94999313354,"discounts":118466.55000209808,"units":5087.0,"cost":87513.49999992643,"margin":25.8,"discount_depth":100.2},{"deal_name":"Srene Cartridges 2 for $50","uses":1274,"revenue":181125.25000095367,"discounts":22159.75000023842,"units":5792.0,"cost":86955.0,"margin":52.0,"discount_depth":21.8},{"deal_name":"Srene 0.8g Carts 4 for $80","uses":1121,"revenue":234040.25000095367,"discounts":112462.25000023842,"units":9343.0,"cost":140145.0,"margin":40.1,"discount_depth":65.0},{"deal_name":"Senior / Veterans - 20% Off","uses":995,"revenue":142094.90650335947,"discounts":36226.341218948364,"units":3168.0,"cost":67738.62502994481,"margin":52.3,"discount_depth":40.6},{"deal_name":"50% Off - G2B","uses":937,"revenue":97383.76667102179,"discounts":97751.23332738876,"units":3102.0,"cost":60568.70026111603,"margin":37.8,"discount_depth":100.2},{"deal_name":"Veterans - 10% Off","uses":905,"revenue":103484.83755111694,"discounts":11735.162318348885,"units":2291.0,"cost":44517.57503576111,"margin":57.0,"discount_depth":20.4},{"deal_name":"Jackpot - Locals 30% Off","uses":851,"revenue":103974.07493591309,"discounts":44660.92503786087,"units":2698.0,"cost":53369.75007667206,"margin":48.7,"discount_depth":60.0},{"deal_name":"Stock & Save - 3 for $75 - Srene / Select Carts","uses":689,"revenue":115348.75,"discounts":22978.75,"units":3689.0,"cost":55335.0,"margin":52.0,"discount_depth":33.2},{"deal_name":"Spark the Summer Sale","uses":685,"revenue":64120.625710487366,"discounts":42991.87423944473,"units":2482.0,"cost":41655.14999999665,"margin":35.0,"discount_depth":80.2},{"deal_name":"4/20 50% Off!!!!","uses":546,"revenue":41024.49999809265,"discounts":41045.50000190735,"units":1958.0,"cost":35110.0,"margin":14.4,"discount_depth":100.0},{"deal_name":"Srene Carts -  3 for $60","uses":517,"revenue":83834.8875015974,"discounts":48065.112496614456,"units":3351.0,"cost":45247.650434970856,"margin":46.0,"discount_depth":72.8},{"deal_name":"Lit 4 Less - 1/4 for $60","uses":496,"revenue":71939.67500209808,"discounts":28860.324997901917,"units":1920.0,"cost":31347.599999997765,"margin":56.4,"discount_depth":57.2}]},"growth_opportunities":[{"type":"sku_expansion","title":"Add '2:1:1 THC/CBD/CBC RELAX AND RECOVER CART - SRENE' to 3 more store(s)","detail":"Carried in 4 stores. Missing from: Elevation Downtown, Elevation Boulevard, Elevation Parkway","priority":"medium"},{"type":"sku_expansion","title":"Add '2:1:1 THC/CBD/CBG CHERRY WINE CART - SRENE' to 1 more store(s)","detail":"Carried in 6 stores. Missing from: Elevation Downtown","priority":"medium"},{"type":"sku_expansion","title":"Add '2:1:1 THC/CBD/CBG HAZE N' CHILL CART - SRENE' to 1 more store(s)","detail":"Carried in 6 stores. Missing from: Elevation Downtown","priority":"medium"},{"type":"sku_expansion","title":"Add '2:1:1 THC/CBD/CBN FRUITY DREAMS CART - SRENE' to 1 more store(s)","detail":"Carried in 6 stores. Missing from: Elevation Downtown","priority":"medium"},{"type":"sku_expansion","title":"Add '747 CART - SRENE' to 1 more store(s)","detail":"Carried in 6 stores. Missing from: Elevation Downtown","priority":"medium"},{"type":"velocity","title":"Improve velocity in DISPOSABLE VAPE","detail":"Velocity index 14 (below category average). 1.9 units/day vs 14.2 avg.","priority":"medium"},{"type":"velocity","title":"Improve velocity in CONCENTRATE","detail":"Velocity index 2 (below category average). 0.2 units/day vs 7.7 avg.","priority":"medium"}],"trend":[{"period":"2024-01","revenue":402639.5703125,"cost":203852.5,"margin":49.4,"units":11734,"transactions":7920,"profit":198787.05078125,"revenue_change_pct":null,"units_change_pct":null,"margin_change_pts":null},{"period":"2024-02","revenue":363362.6953125,"cost":188502.5,"margin":48.1,"units":10498,"transactions":7270,"profit":174860.1953125,"revenue_change_pct":-9.8,"units_change_pct":-10.5,"margin_change_pts":-1.2},{"period":"2024-03","revenue":372933.3203125,"cost":191800.0,"margin":48.6,"units":11028,"transactions":7358,"profit":181133.3203125,"revenue_change_pct":2.6,"units_change_pct":5.0,"margin_change_pts":0.4},{"period":"2024-04","revenue":345413.0859375,"cost":190145.0,"margin":45.0,"units":11032,"transactions":7344,"profit":155268.076171875,"revenue_change_pct":-7.4,"units_change_pct":0.0,"margin_change_pts":-3.6},{"period":"2024-05","revenue":420081.2109375,"cost":213735.0,"margin":49.1,"units":12452,"transactions":8428,"profit":206346.19140625,"revenue_change_pct":21.6,"units_change_pct":12.9,"margin_change_pts":4.2},{"period":"2024-06","revenue":346861.8359375,"cost":181420.0,"margin":47.7,"units":10908,"transactions":6736,"profit":165441.81640625,"revenue_change_pct":-17.4,"units_change_pct":-12.4,"margin_change_pts":-1.4},{"period":"2024-07","revenue":430879.3359375,"cost":235435.0,"margin":45.4,"units":14230,"transactions":6762,"profit":195444.35546875,"revenue_change_pct":24.2,"units_change_pct":30.5,"margin_change_pts":-2.3},{"period":"2024-08","revenue":518841.6015625,"cost":266880.0,"margin":48.6,"units":15256,"transactions":8286,"profit":251961.6015625,"revenue_change_pct":20.4,"units_change_pct":7.2,"margin_change_pts":3.2},{"period":"2024-09","revenue":364974.8828125,"cost":182615.0,"margin":50.0,"units":9524,"transactions":6240,"profit":182359.8828125,"revenue_change_pct":-29.7,"units_change_pct":-37.6,"margin_change_pts":1.4},{"period":"2024-10","revenue":367403.203125,"cost":187890.0,"margin":48.9,"units":10300,"transactions":6214,"profit":179513.203125,"revenue_change_pct":0.7,"units_change_pct":8.1,"margin_change_pts":-1.1},{"period":"2024-11","revenue":343455.7421875,"cost":191090.0,"margin":44.4,"units":11118,"transactions":6518,"profit":152365.751953125,"revenue_change_pct":-6.5,"units_change_pct":7.9,"margin_change_pts":-4.5},{"period":"2024-12","revenue":284264.00390625,"cost":151560.0,"margin":46.7,"units":8632,"transactions":5248,"profit":132704.00390625,"revenue_change_pct":-17.2,"units_change_pct":-22.4,"margin_change_pts":2.3},{"period":"2025-01","revenue":269954.5703125,"cost":138135.0,"margin":48.8,"units":8302,"transactions":4934,"profit":131819.5703125,"revenue_change_pct":-5.0,"units_change_pct":-3.8,"margin_change_pts":2.1},{"period":"2025-02","revenue":301416.484375,"cost":162405.0,"margin":46.1,"units":9734,"transactions":5324,"profit":139011.474609375,"revenue_change_pct":11.7,"units_change_pct":17.2,"margin_change_pts":-2.7},{"period":"2025-03","revenue":357387.96875,"cost":187862.890625,"margin":47.4,"units":11450,"transactions":6168,"profit":169525.05859375,"revenue_change_pct":18.6,"units_change_pct":17.6,"margin_change_pts":1.3},{"period":"2025-04","revenue":412754.4140625,"cost":234771.23046875,"margin":43.1,"units":13738,"transactions":7806,"profit":177983.18359375,"revenue_change_pct":15.5,"units_change_pct":20.0,"margin_change_pts":-4.3},{"period":"2025-05","revenue":275526.171875,"cost":139201.62109375,"margin":49.5,"units":8254,"transactions":4628,"profit":136324.55078125,"revenue_change_pct":-33.2,"units_change_pct":-39.9,"margin_change_pts":6.4},{"period":"2025-06","revenue":387550.78125,"cost":188671.19140625,"margin":51.3,"units":10808,"transactions":6088,"profit":198879.5703125,"revenue_change_pct":40.7,"units_change_pct":30.9,"margin_change_pts":1.8},{"period":"2025-07","revenue":399721.40625,"cost":168276.875,"margin":57.9,"units":10328,"transactions":5956,"profit":231444.55078125,"revenue_change_pct":3.1,"units_change_pct":-4.4,"margin_change_pts":6.6},{"period":"2025-08","revenue":374780.703125,"cost":158918.92578125,"margin":57.6,"units":9708,"transactions":5844,"profit":215861.77734375,"revenue_change_pct":-6.2,"units_change_pct":-6.0,"margin_change_pts":-0.3},{"period":"2025-09","revenue":355228.7109375,"cost":149598.505859375,"margin":57.9,"units":9232,"transactions":5216,"profit":205630.1953125,"revenue_change_pct":-5.2,"units_change_pct":-4.9,"margin_change_pts":0.3},{"period":"2025-10","revenue":355674.4140625,"cost":145303.603515625,"margin":59.1,"units":8672,"transactions":5170,"profit":210370.8203125,"revenue_change_pct":0.1,"units_change_pct":-6.1,"margin_change_pts":1.3},{"period":"2025-11","revenue":450646.875,"cost":207026.89453125,"margin":54.1,"units":11666,"transactions":6834,"profit":243619.98046875,"revenue_change_pct":26.7,"units_change_pct":34.5,"margin_change_pts":-5.1},{"period":"2025-12","revenue":269286.0546875,"cost":113979.8046875,"margin":57.7,"units":6906,"transactions":3868,"profit":155306.25,"revenue_change_pct":-40.2,"units_change_pct":-40.8,"margin_change_pts":3.6},{"period":"2026-01","revenue":271318.84765625,"cost":117472.59765625,"margin":56.7,"units":7124,"transactions":4230,"profit":153846.25,"revenue_change_pct":0.8,"units_change_pct":3.2,"margin_change_pts":-1.0}]}