{"brand":"SRENE","date_range":"2024-01-01 00:00:00 to 2026-01-31 00:00:00","period_label":"All Time","summary":{"total_units":262634,"total_revenue":9042357.5,"total_cost":4496549.0625,"total_discounts":2620644.6875,"total_profit":4545808.75,"overall_margin":50.29999923706055,"fp_margin":60.599998474121094,"disc_margin":46.20000076293945,"pct_full_price":28.200000762939453,"avg_discount_rate":22.5,"fp_revenue":2553706.25,"disc_revenue":6488651.875,"unique_customers":62954,"brand":"SRENE","date_range":"2024-01-01 00:00:00 to 2026-01-31 00:00:00","months_count":50,"avg_monthly_cost":179861.97499999998,"cost_per_unit":34.25,"primary_category":"CARTRIDGE","primary_cat_margin":50.400001525878906,"category_rank":3,"category_total":27,"margin_vs_category":-0.10000000149011612,"velocity_rank":2},"category_breakdown":[{"category_clean":"CARTRIDGE","units":181744,"revenue":5188721.25,"cost":2658951.875,"profit":2529769.375,"discounts":1557818.90625,"margin":48.79999923706055,"category_avg_margin":50.400001525878906,"vs_category":-1.6,"rank":3.0,"total_brands":27.0},{"category_clean":"FLOWER","units":77668,"revenue":3717660.3125,"cost":1772993.59375,"profit":1944666.71875,"discounts":1031919.6875,"margin":52.29999923706055,"category_avg_margin":54.099998474121094,"vs_category":-1.8,"rank":6.0,"total_brands":64.0},{"category_clean":"DISPOSABLE VAPE","units":2960,"revenue":131030.8203125,"cost":62147.4755859375,"profit":68883.349609375,"discounts":29956.6748046875,"margin":52.599998474121094,"category_avg_margin":52.79999923706055,"vs_category":-0.2,"rank":24.0,"total_brands":35.0},{"category_clean":"CONCENTRATE","units":262,"revenue":4945.500183105469,"cost":2456.25,"profit":2489.250030517578,"discounts":949.5000457763672,"margin":50.29999923706055,"category_avg_margin":45.900001525878906,"vs_category":4.4,"rank":20.0,"total_brands":27.0}],"trend":[{"period":"2024-01","revenue":402639.5703125,"cost":203852.5,"margin":49.4,"units":11734,"transactions":7920,"profit":198787.05078125,"revenue_change_pct":null,"units_change_pct":null,"margin_change_pts":null},{"period":"2024-02","revenue":363362.6953125,"cost":188502.5,"margin":48.1,"units":10498,"transactions":7270,"profit":174860.1953125,"revenue_change_pct":-9.8,"units_change_pct":-10.5,"margin_change_pts":-1.2},{"period":"2024-03","revenue":372933.3203125,"cost":191800.0,"margin":48.6,"units":11028,"transactions":7358,"profit":181133.3203125,"revenue_change_pct":2.6,"units_change_pct":5.0,"margin_change_pts":0.4},{"period":"2024-04","revenue":345413.0859375,"cost":190145.0,"margin":45.0,"units":11032,"transactions":7344,"profit":155268.076171875,"revenue_change_pct":-7.4,"units_change_pct":0.0,"margin_change_pts":-3.6},{"period":"2024-05","revenue":420081.2109375,"cost":213735.0,"margin":49.1,"units":12452,"transactions":8428,"profit":206346.19140625,"revenue_change_pct":21.6,"units_change_pct":12.9,"margin_change_pts":4.2},{"period":"2024-06","revenue":346861.8359375,"cost":181420.0,"margin":47.7,"units":10908,"transactions":6736,"profit":165441.81640625,"revenue_change_pct":-17.4,"units_change_pct":-12.4,"margin_change_pts":-1.4},{"period":"2024-07","revenue":430879.3359375,"cost":235435.0,"margin":45.4,"units":14230,"transactions":6762,"profit":195444.35546875,"revenue_change_pct":24.2,"units_change_pct":30.5,"margin_change_pts":-2.3},{"period":"2024-08","revenue":518841.6015625,"cost":266880.0,"margin":48.6,"units":15256,"transactions":8286,"profit":251961.6015625,"revenue_change_pct":20.4,"units_change_pct":7.2,"margin_change_pts":3.2},{"period":"2024-09","revenue":364974.8828125,"cost":182615.0,"margin":50.0,"units":9524,"transactions":6240,"profit":182359.8828125,"revenue_change_pct":-29.7,"units_change_pct":-37.6,"margin_change_pts":1.4},{"period":"2024-10","revenue":367403.203125,"cost":187890.0,"margin":48.9,"units":10300,"transactions":6214,"profit":179513.203125,"revenue_change_pct":0.7,"units_change_pct":8.1,"margin_change_pts":-1.1},{"period":"2024-11","revenue":343455.7421875,"cost":191090.0,"margin":44.4,"units":11118,"transactions":6518,"profit":152365.751953125,"revenue_change_pct":-6.5,"units_change_pct":7.9,"margin_change_pts":-4.5},{"period":"2024-12","revenue":284264.00390625,"cost":151560.0,"margin":46.7,"units":8632,"transactions":5248,"profit":132704.00390625,"revenue_change_pct":-17.2,"units_change_pct":-22.4,"margin_change_pts":2.3},{"period":"2025-01","revenue":269954.5703125,"cost":138135.0,"margin":48.8,"units":8302,"transactions":4934,"profit":131819.5703125,"revenue_change_pct":-5.0,"units_change_pct":-3.8,"margin_change_pts":2.1},{"period":"2025-02","revenue":301416.484375,"cost":162405.0,"margin":46.1,"units":9734,"transactions":5324,"profit":139011.474609375,"revenue_change_pct":11.7,"units_change_pct":17.2,"margin_change_pts":-2.7},{"period":"2025-03","revenue":357387.96875,"cost":187862.890625,"margin":47.4,"units":11450,"transactions":6168,"profit":169525.05859375,"revenue_change_pct":18.6,"units_change_pct":17.6,"margin_change_pts":1.3},{"period":"2025-04","revenue":412754.4140625,"cost":234771.23046875,"margin":43.1,"units":13738,"transactions":7806,"profit":177983.18359375,"revenue_change_pct":15.5,"units_change_pct":20.0,"margin_change_pts":-4.3},{"period":"2025-05","revenue":275526.171875,"cost":139201.62109375,"margin":49.5,"units":8254,"transactions":4628,"profit":136324.55078125,"revenue_change_pct":-33.2,"units_change_pct":-39.9,"margin_change_pts":6.4},{"period":"2025-06","revenue":387550.78125,"cost":188671.19140625,"margin":51.3,"units":10808,"transactions":6088,"profit":198879.5703125,"revenue_change_pct":40.7,"units_change_pct":30.9,"margin_change_pts":1.8},{"period":"2025-07","revenue":399721.40625,"cost":168276.875,"margin":57.9,"units":10328,"transactions":5956,"profit":231444.55078125,"revenue_change_pct":3.1,"units_change_pct":-4.4,"margin_change_pts":6.6},{"period":"2025-08","revenue":374780.703125,"cost":158918.92578125,"margin":57.6,"units":9708,"transactions":5844,"profit":215861.77734375,"revenue_change_pct":-6.2,"units_change_pct":-6.0,"margin_change_pts":-0.3},{"period":"2025-09","revenue":355228.7109375,"cost":149598.505859375,"margin":57.9,"units":9232,"transactions":5216,"profit":205630.1953125,"revenue_change_pct":-5.2,"units_change_pct":-4.9,"margin_change_pts":0.3},{"period":"2025-10","revenue":355674.4140625,"cost":145303.603515625,"margin":59.1,"units":8672,"transactions":5170,"profit":210370.8203125,"revenue_change_pct":0.1,"units_change_pct":-6.1,"margin_change_pts":1.3},{"period":"2025-11","revenue":450646.875,"cost":207026.89453125,"margin":54.1,"units":11666,"transactions":6834,"profit":243619.98046875,"revenue_change_pct":26.7,"units_change_pct":34.5,"margin_change_pts":-5.1},{"period":"2025-12","revenue":269286.0546875,"cost":113979.8046875,"margin":57.7,"units":6906,"transactions":3868,"profit":155306.25,"revenue_change_pct":-40.2,"units_change_pct":-40.8,"margin_change_pts":3.6},{"period":"2026-01","revenue":271318.84765625,"cost":117472.59765625,"margin":56.7,"units":7124,"transactions":4230,"profit":153846.25,"revenue_change_pct":0.8,"units_change_pct":3.2,"margin_change_pts":-1.0}],"share_of_category":[{"category":"CARTRIDGE","brand_revenue":5188721.25,"category_revenue":46155130.0,"revenue_share_pct":11.199999809265137,"brand_units":181744,"category_units":1532896,"units_share_pct":11.9},{"category":"FLOWER","brand_revenue":3717660.3125,"category_revenue":77755450.0,"revenue_share_pct":4.800000190734863,"brand_units":77668,"category_units":2708446,"units_share_pct":2.9},{"category":"DISPOSABLE VAPE","brand_revenue":131030.8203125,"category_revenue":30552405.0,"revenue_share_pct":0.4000000059604645,"brand_units":2960,"category_units":756548,"units_share_pct":0.4},{"category":"CONCENTRATE","brand_revenue":4945.499572753906,"category_revenue":7866357.5,"revenue_share_pct":0.10000000149011612,"brand_units":262,"category_units":316632,"units_share_pct":0.1}],"share_of_category_trend":{"CARTRIDGE":[{"period":"2024-01","brand_revenue":249803.41796875,"category_revenue":2057675.625,"share_pct":12.100000381469727},{"period":"2024-02","brand_revenue":218112.87109375,"category_revenue":2141777.8125,"share_pct":10.199999809265137},{"period":"2024-03","brand_revenue":238658.671875,"category_revenue":2288552.1875,"share_pct":10.399999618530273},{"period":"2024-04","brand_revenue":228033.41796875,"category_revenue":2096820.46875,"share_pct":10.899999618530273},{"period":"2024-05","brand_revenue":268737.24609375,"category_revenue":2138038.59375,"share_pct":12.600000381469727},{"period":"2024-06","brand_revenue":247174.7265625,"category_revenue":2017623.90625,"share_pct":12.300000190734863},{"period":"2024-07","brand_revenue":311137.8515625,"category_revenue":2031918.28125,"share_pct":15.300000190734863},{"period":"2024-08","brand_revenue":317768.57421875,"category_revenue":2132382.65625,"share_pct":14.899999618530273},{"period":"2024-09","brand_revenue":174839.55078125,"category_revenue":1955407.03125,"share_pct":8.899999618530273},{"period":"2024-10","brand_revenue":197810.625,"category_revenue":2083993.125,"share_pct":9.5},{"period":"2024-11","brand_revenue":218855.37109375,"category_revenue":2038609.375,"share_pct":10.699999809265137},{"period":"2024-12","brand_revenue":160981.298828125,"category_revenue":2003932.03125,"share_pct":8.0},{"period":"2025-01","brand_revenue":189146.328125,"category_revenue":1921719.21875,"share_pct":9.800000190734863},{"period":"2025-02","brand_revenue":211379.375,"category_revenue":1668647.5,"share_pct":12.699999809265137},{"period":"2025-03","brand_revenue":245951.4453125,"category_revenue":1758711.25,"share_pct":14.0},{"period":"2025-04","brand_revenue":240056.58203125,"category_revenue":1735997.5,"share_pct":13.800000190734863},{"period":"2025-05","brand_revenue":187778.18359375,"category_revenue":1688800.46875,"share_pct":11.100000381469727},{"period":"2025-06","brand_revenue":207850.01953125,"category_revenue":1594515.0,"share_pct":13.0},{"period":"2025-07","brand_revenue":210671.07421875,"category_revenue":1595739.53125,"share_pct":13.199999809265137},{"period":"2025-08","brand_revenue":171506.7578125,"category_revenue":1677489.6875,"share_pct":10.199999809265137},{"period":"2025-09","brand_revenue":169275.95703125,"category_revenue":1539547.96875,"share_pct":11.0},{"period":"2025-10","brand_revenue":130391.376953125,"category_revenue":1548909.21875,"share_pct":8.399999618530273},{"period":"2025-11","brand_revenue":157824.404296875,"category_revenue":1545430.15625,"share_pct":10.199999809265137},{"period":"2025-12","brand_revenue":116677.7734375,"category_revenue":1467828.28125,"share_pct":7.900000095367432},{"period":"2026-01","brand_revenue":118298.251953125,"category_revenue":1425064.0625,"share_pct":8.300000190734863}],"FLOWER":[{"period":"2024-01","brand_revenue":147890.625,"category_revenue":3552357.8125,"share_pct":4.199999809265137},{"period":"2024-02","brand_revenue":145249.82421875,"category_revenue":3535245.625,"share_pct":4.099999904632568},{"period":"2024-03","brand_revenue":134274.6484375,"category_revenue":3693805.625,"share_pct":3.5999999046325684},{"period":"2024-04","brand_revenue":117379.6484375,"category_revenue":3541899.6875,"share_pct":3.299999952316284},{"period":"2024-05","brand_revenue":151343.9453125,"category_revenue":3537479.375,"share_pct":4.300000190734863},{"period":"2024-06","brand_revenue":99687.099609375,"category_revenue":3403269.6875,"share_pct":2.9000000953674316},{"period":"2024-07","brand_revenue":119741.50390625,"category_revenue":3457705.9375,"share_pct":3.5},{"period":"2024-08","brand_revenue":160805.17578125,"category_revenue":3453819.375,"share_pct":4.699999809265137},{"period":"2024-09","brand_revenue":161804.404296875,"category_revenue":3316441.5625,"share_pct":4.900000095367432},{"period":"2024-10","brand_revenue":146903.828125,"category_revenue":3585775.0,"share_pct":4.099999904632568},{"period":"2024-11","brand_revenue":106486.572265625,"category_revenue":3454855.3125,"share_pct":3.0999999046325684},{"period":"2024-12","brand_revenue":111428.447265625,"category_revenue":3226567.8125,"share_pct":3.5},{"period":"2025-01","brand_revenue":77595.498046875,"category_revenue":2984938.125,"share_pct":2.5999999046325684},{"period":"2025-02","brand_revenue":90037.099609375,"category_revenue":2816220.0,"share_pct":3.200000047683716},{"period":"2025-03","brand_revenue":111436.50390625,"category_revenue":2911379.6875,"share_pct":3.799999952316284},{"period":"2025-04","brand_revenue":166912.32421875,"category_revenue":3118895.3125,"share_pct":5.400000095367432},{"period":"2025-05","brand_revenue":86970.99609375,"category_revenue":2887345.0,"share_pct":3.0},{"period":"2025-06","brand_revenue":179700.7421875,"category_revenue":2773698.125,"share_pct":6.5},{"period":"2025-07","brand_revenue":189050.3515625,"category_revenue":2782763.125,"share_pct":6.800000190734863},{"period":"2025-08","brand_revenue":203273.9453125,"category_revenue":2733122.8125,"share_pct":7.400000095367432},{"period":"2025-09","brand_revenue":185952.75390625,"category_revenue":2603501.5625,"share_pct":7.099999904632568},{"period":"2025-10","brand_revenue":225283.046875,"category_revenue":2663705.0,"share_pct":8.5},{"period":"2025-11","brand_revenue":292822.48046875,"category_revenue":2700189.0625,"share_pct":10.800000190734863},{"period":"2025-12","brand_revenue":152608.271484375,"category_revenue":2515209.53125,"share_pct":6.099999904632568},{"period":"2026-01","brand_revenue":153020.595703125,"category_revenue":2505261.875,"share_pct":6.099999904632568}],"DISPOSABLE VAPE":[{"period":"2024-01","brand_revenue":0.0,"category_revenue":933474.921875,"share_pct":0.0},{"period":"2024-02","brand_revenue":0.0,"category_revenue":877782.109375,"share_pct":0.0},{"period":"2024-03","brand_revenue":0.0,"category_revenue":990692.03125,"share_pct":0.0},{"period":"2024-04","brand_revenue":0.0,"category_revenue":971952.1875,"share_pct":0.0},{"period":"2024-05","brand_revenue":0.0,"category_revenue":1035100.46875,"share_pct":0.0},{"period":"2024-06","brand_revenue":0.0,"category_revenue":1039794.21875,"share_pct":0.0},{"period":"2024-07","brand_revenue":0.0,"category_revenue":1081636.5625,"share_pct":0.0},{"period":"2024-08","brand_revenue":40267.84912109375,"category_revenue":1098658.125,"share_pct":3.700000047683716},{"period":"2024-09","brand_revenue":28330.92529296875,"category_revenue":1056394.53125,"share_pct":2.700000047683716},{"period":"2024-10","brand_revenue":22688.75,"category_revenue":1197041.171875,"share_pct":1.899999976158142},{"period":"2024-11","brand_revenue":18113.800048828125,"category_revenue":1193980.234375,"share_pct":1.5},{"period":"2024-12","brand_revenue":11854.25048828125,"category_revenue":1222008.984375,"share_pct":1.0},{"period":"2025-01","brand_revenue":3212.7499389648438,"category_revenue":1100552.421875,"share_pct":0.30000001192092896},{"period":"2025-02","brand_revenue":0.0,"category_revenue":1167271.25,"share_pct":0.0},{"period":"2025-03","brand_revenue":0.0,"category_revenue":1348856.71875,"share_pct":0.0},{"period":"2025-04","brand_revenue":5785.4998779296875,"category_revenue":1414639.84375,"share_pct":0.4000000059604645},{"period":"2025-05","brand_revenue":776.9999694824219,"category_revenue":1460588.4375,"share_pct":0.10000000149011612},{"period":"2025-06","brand_revenue":0.0,"category_revenue":1320852.96875,"share_pct":0.0},{"period":"2025-07","brand_revenue":0.0,"category_revenue":1451194.84375,"share_pct":0.0},{"period":"2025-08","brand_revenue":0.0,"category_revenue":1403520.625,"share_pct":0.0},{"period":"2025-09","brand_revenue":0.0,"category_revenue":1317518.125,"share_pct":0.0},{"period":"2025-10","brand_revenue":0.0,"category_revenue":1511693.75,"share_pct":0.0},{"period":"2025-11","brand_revenue":0.0,"category_revenue":1481709.21875,"share_pct":0.0},{"period":"2025-12","brand_revenue":0.0,"category_revenue":1476896.875,"share_pct":0.0},{"period":"2026-01","brand_revenue":0.0,"category_revenue":1398594.84375,"share_pct":0.0}],"CONCENTRATE":[{"period":"2024-01","brand_revenue":4945.500183105469,"category_revenue":351129.609375,"share_pct":1.399999976158142},{"period":"2024-02","brand_revenue":0.0,"category_revenue":371224.4921875,"share_pct":0.0},{"period":"2024-03","brand_revenue":0.0,"category_revenue":375964.296875,"share_pct":0.0},{"period":"2024-04","brand_revenue":0.0,"category_revenue":352745.859375,"share_pct":0.0},{"period":"2024-05","brand_revenue":0.0,"category_revenue":346027.5,"share_pct":0.0},{"period":"2024-06","brand_revenue":0.0,"category_revenue":310723.3984375,"share_pct":0.0},{"period":"2024-07","brand_revenue":0.0,"category_revenue":336220.078125,"share_pct":0.0},{"period":"2024-08","brand_revenue":0.0,"category_revenue":324004.04296875,"share_pct":0.0},{"period":"2024-09","brand_revenue":0.0,"category_revenue":326834.1796875,"share_pct":0.0},{"period":"2024-10","brand_revenue":0.0,"category_revenue":324500.859375,"share_pct":0.0},{"period":"2024-11","brand_revenue":0.0,"category_revenue":351240.0390625,"share_pct":0.0},{"period":"2024-12","brand_revenue":0.0,"category_revenue":324145.4296875,"share_pct":0.0},{"period":"2025-01","brand_revenue":0.0,"category_revenue":325749.19921875,"share_pct":0.0},{"period":"2025-02","brand_revenue":0.0,"category_revenue":300499.0234375,"share_pct":0.0},{"period":"2025-03","brand_revenue":0.0,"category_revenue":298171.5234375,"share_pct":0.0},{"period":"2025-04","brand_revenue":0.0,"category_revenue":343355.625,"share_pct":0.0},{"period":"2025-05","brand_revenue":0.0,"category_revenue":288836.62109375,"share_pct":0.0},{"period":"2025-06","brand_revenue":0.0,"category_revenue":280928.33984375,"share_pct":0.0},{"period":"2025-07","brand_revenue":0.0,"category_revenue":283604.1796875,"share_pct":0.0},{"period":"2025-08","brand_revenue":0.0,"category_revenue":274773.76953125,"share_pct":0.0},{"period":"2025-09","brand_revenue":0.0,"category_revenue":264599.19921875,"share_pct":0.0},{"period":"2025-10","brand_revenue":0.0,"category_revenue":277515.46875,"share_pct":0.0},{"period":"2025-11","brand_revenue":0.0,"category_revenue":295773.3203125,"share_pct":0.0},{"period":"2025-12","brand_revenue":0.0,"category_revenue":267042.05078125,"share_pct":0.0},{"period":"2026-01","brand_revenue":0.0,"category_revenue":270749.70703125,"share_pct":0.0}]},"discount_depth":[{"tier":"0% (Full Price)","transactions":50420,"pct_of_transactions":22.8,"revenue":2553706.25,"avg_discount":0.0},{"tier":"1-10%","transactions":8566,"pct_of_transactions":3.9,"revenue":518839.7265625,"avg_discount":19.799999237060547},{"tier":"11-20%","transactions":32146,"pct_of_transactions":14.5,"revenue":1271420.546875,"avg_discount":32.20000076293945},{"tier":"21-30%","transactions":34572,"pct_of_transactions":15.6,"revenue":1443994.84375,"avg_discount":57.79999923706055},{"tier":"31%+","transactions":49180,"pct_of_transactions":22.2,"revenue":1536290.3125,"avg_discount":77.0}],"velocity":{"units_per_day":344.66,"revenue_per_day":11866.600341796875,"avg_units_per_txn":3.36,"days_of_data":762,"total_units":262634,"total_transactions":156390},"velocity_by_category":[{"category":"CARTRIDGE","brand_units_per_day":238.5,"category_avg_units_per_day":74.5,"velocity_index":320.1,"brand_rev_per_unit":22.84,"category_rev_per_unit":24.09,"brands_in_category":27},{"category":"FLOWER","brand_units_per_day":101.92,"category_avg_units_per_day":55.54,"velocity_index":183.5,"brand_rev_per_unit":38.29,"category_rev_per_unit":22.97,"brands_in_category":64},{"category":"DISPOSABLE VAPE","brand_units_per_day":3.88,"category_avg_units_per_day":28.36,"velocity_index":13.7,"brand_rev_per_unit":35.41,"category_rev_per_unit":32.31,"brands_in_category":35},{"category":"CONCENTRATE","brand_units_per_day":0.34,"category_avg_units_per_day":15.38,"velocity_index":2.2,"brand_rev_per_unit":15.1,"category_rev_per_unit":19.88,"brands_in_category":27}],"deals":[{"deal_name":"Industry - 30% Off","times_used":26924,"units":34714.0,"revenue":987465.7773280144,"discounts":423861.72236561775,"cost":584594.6749999793,"profit":402871.096521616,"pre_discount_revenue":1411327.5,"margin":40.8,"avg_discount":60.0},{"deal_name":"Industry 30% Off","times_used":10036,"units":15500.0,"revenue":541168.1985414028,"discounts":234403.05129766464,"cost":260970.32704113517,"profit":280197.87139356136,"pre_discount_revenue":775571.25,"margin":51.8,"avg_discount":60.4},{"deal_name":"Srene 0.8g Carts 3 for $60","times_used":7516,"units":24223.0,"revenue":604988.125,"discounts":304096.8749952316,"cost":358455.8254630724,"profit":246532.29939229786,"pre_discount_revenue":909085.0,"margin":40.7,"avg_discount":67.0},{"deal_name":"Stock & Save - 3 for $75 - Srene / Select / Big Chief Carts","times_used":7208,"units":17321.0,"revenue":541205.750002861,"discounts":108866.75000429153,"cost":258359.97515048366,"profit":282845.7748413086,"pre_discount_revenue":650072.5,"margin":52.3,"avg_discount":33.4},{"deal_name":"Srene 1/4 for $60","times_used":5296,"units":12741.0,"revenue":477374.28747177124,"discounts":198671.33749246597,"cost":286488.2999999821,"profit":190885.98748743534,"pre_discount_revenue":676045.625,"margin":40.0,"avg_discount":58.8},{"deal_name":"Lit4Less - 3 for $75 Carts - Srene / Select / AMA / Optimum / BC","times_used":4376,"units":10201.0,"revenue":318203.67500543594,"discounts":87483.82499873638,"cost":137355.3521680832,"profit":180848.32278758287,"pre_discount_revenue":405687.5,"margin":56.8,"avg_discount":43.2},{"deal_name":"Senior - 10% Off","times_used":3724,"units":5594.0,"revenue":287926.56141996384,"discounts":32616.561995744705,"cost":122647.22506465856,"profit":165279.3354666233,"pre_discount_revenue":320543.125,"margin":57.4,"avg_discount":20.4},{"deal_name":"Lit4Less - 1/4 for $60","times_used":3402,"units":6882.0,"revenue":256918.65000128746,"discounts":104386.34999513626,"cost":111832.5,"profit":145086.1499992013,"pre_discount_revenue":361305.0,"margin":56.5,"avg_discount":57.8},{"deal_name":"4/20 2025 - Flower / Infused","times_used":2712,"units":5087.0,"revenue":117975.94999313354,"discounts":118466.55000209808,"cost":87513.49999992643,"profit":30462.44992107153,"pre_discount_revenue":236442.5,"margin":25.8,"avg_discount":100.2},{"deal_name":"Srene Cartridges 2 for $50","times_used":2548,"units":5792.0,"revenue":181125.25000095367,"discounts":22159.75000023842,"cost":86955.0,"profit":94170.25000095367,"pre_discount_revenue":203285.0,"margin":52.0,"avg_discount":21.8},{"deal_name":"Srene 0.8g Carts 4 for $80","times_used":2242,"units":9343.0,"revenue":234040.25000095367,"discounts":112462.25000023842,"cost":140145.0,"profit":93895.25000095367,"pre_discount_revenue":346502.5,"margin":40.1,"avg_discount":65.0},{"deal_name":"Senior / Veterans - 20% Off","times_used":1990,"units":3168.0,"revenue":142094.90650335947,"discounts":36226.341218948364,"cost":67738.62502994481,"profit":74356.28358433644,"pre_discount_revenue":178321.25,"margin":52.3,"avg_discount":40.6},{"deal_name":"50% Off - G2B","times_used":1874,"units":3102.0,"revenue":97383.76667102179,"discounts":97751.23332738876,"cost":60568.70026111603,"profit":36815.06637529781,"pre_discount_revenue":195135.0,"margin":37.8,"avg_discount":100.2},{"deal_name":"Veterans - 10% Off","times_used":1810,"units":2291.0,"revenue":103484.83755111694,"discounts":11735.162318348885,"cost":44517.57503576111,"profit":58967.261764109135,"pre_discount_revenue":115220.0,"margin":57.0,"avg_discount":20.4},{"deal_name":"Jackpot - Locals 30% Off","times_used":1702,"units":2698.0,"revenue":103974.07493591309,"discounts":44660.92503786087,"cost":53369.75007667206,"profit":50604.32457178831,"pre_discount_revenue":148635.0,"margin":48.7,"avg_discount":60.0},{"deal_name":"Stock & Save - 3 for $75 - Srene / Select Carts","times_used":1378,"units":3689.0,"revenue":115348.75,"discounts":22978.75,"cost":55335.0,"profit":60013.75,"pre_discount_revenue":138327.5,"margin":52.0,"avg_discount":33.2},{"deal_name":"Spark the Summer Sale","times_used":1370,"units":2482.0,"revenue":64120.625710487366,"discounts":42991.87423944473,"cost":41655.14999999665,"profit":22465.474833250046,"pre_discount_revenue":107112.5,"margin":35.0,"avg_discount":80.2},{"deal_name":"4/20 50% Off!!!!","times_used":1092,"units":1958.0,"revenue":41024.49999809265,"discounts":41045.50000190735,"cost":35110.0,"profit":5914.499999880791,"pre_discount_revenue":82070.0,"margin":14.4,"avg_discount":100.0},{"deal_name":"Srene Carts -  3 for $60","times_used":1034,"units":3351.0,"revenue":83834.8875015974,"discounts":48065.112496614456,"cost":45247.650434970856,"profit":38587.23658710718,"pre_discount_revenue":131900.0,"margin":46.0,"avg_discount":72.8},{"deal_name":"Lit 4 Less - 1/4 for $60","times_used":992,"units":1920.0,"revenue":71939.67500209808,"discounts":28860.324997901917,"cost":31347.599999997765,"profit":40592.074999809265,"pre_discount_revenue":100800.0,"margin":56.4,"avg_discount":57.2},{"deal_name":"30% Off Special","times_used":892,"units":1005.0,"revenue":32100.89976787567,"discounts":13820.350139141083,"cost":17728.275005337782,"profit":14372.624771595001,"pre_discount_revenue":45921.25,"margin":44.8,"avg_discount":60.2},{"deal_name":"Srene - 30% Off","times_used":788,"units":1278.0,"revenue":38242.749795913696,"discounts":16389.750185012817,"cost":18501.500220298767,"profit":19741.2495803833,"pre_discount_revenue":54632.5,"margin":51.6,"avg_discount":60.0},{"deal_name":"Srene / Polaris 0.8g Carts 3 for $60","times_used":786,"units":2460.0,"revenue":61625.625,"discounts":35449.375,"cost":33102.500529289246,"profit":28523.124312758446,"pre_discount_revenue":97075.0,"margin":46.3,"avg_discount":73.0},{"deal_name":"GW - 50% Off Vapes","times_used":638,"units":1106.0,"revenue":22207.5,"discounts":22207.5,"cost":17880.0,"profit":4327.5,"pre_discount_revenue":44415.0,"margin":19.5,"avg_discount":100.0},{"deal_name":"LVAC - 25% Off","times_used":608,"units":690.0,"revenue":25000.600004196167,"discounts":8366.900000572205,"cost":12194.075048635714,"profit":12806.524949073792,"pre_discount_revenue":33367.5,"margin":51.2,"avg_discount":50.2},{"deal_name":"Srene  0.9g Carts 3 for $60","times_used":574,"units":1817.0,"revenue":45398.44999909401,"discounts":27332.799999713898,"cost":24447.950336933136,"profit":20950.499488711357,"pre_discount_revenue":72731.25,"margin":46.1,"avg_discount":75.2},{"deal_name":"Employee - 40% OFF","times_used":550,"units":676.0,"revenue":24963.16261768341,"discounts":16810.587379932404,"cost":14565.67504949402,"profit":10397.487427294254,"pre_discount_revenue":41773.75,"margin":41.7,"avg_discount":80.4},{"deal_name":"GW - 50% Off Flower","times_used":456,"units":598.0,"revenue":15607.5,"discounts":15607.5,"cost":13455.0,"profit":2152.5,"pre_discount_revenue":31215.0,"margin":13.8,"avg_discount":100.0},{"deal_name":"Employee 30% - NOT FRIDAYS","times_used":450,"units":511.0,"revenue":18804.174961149693,"discounts":8513.32504272461,"cost":9839.275025748648,"profit":8964.899932146072,"pre_discount_revenue":27317.5,"margin":47.7,"avg_discount":62.4},{"deal_name":"Srene - 25% Off","times_used":372,"units":439.0,"revenue":14018.749990463257,"discounts":4956.250009536743,"cost":6384.650084972382,"profit":7634.099906980991,"pre_discount_revenue":18975.0,"margin":54.5,"avg_discount":52.2},{"deal_name":"Srene / Select / AMA / Optimum / Fade Carts 3 for $60","times_used":370,"units":876.0,"revenue":21880.0,"discounts":10970.0,"cost":11828.700199127197,"profit":10051.29977285862,"pre_discount_revenue":32850.0,"margin":45.9,"avg_discount":66.8},{"deal_name":"Store Credit - $25","times_used":164,"units":183.0,"revenue":5409.09584681193,"discounts":4160.904162526131,"cost":3072.550027370453,"profit":2336.545818845431,"pre_discount_revenue":9570.0,"margin":43.2,"avg_discount":87.0},{"deal_name":"Store Credit - $15","times_used":130,"units":117.66666666666667,"revenue":3611.420835653941,"discounts":2358.5791671276093,"cost":1953.5833533604941,"profit":1657.8374879558883,"pre_discount_revenue":5970.0,"margin":45.9,"avg_discount":79.0},{"deal_name":"30% Off Special!","times_used":124,"units":152.0,"revenue":3975.0,"discounts":1725.0,"cost":2280.0,"profit":1695.0,"pre_discount_revenue":5700.0,"margin":42.6,"avg_discount":60.6},{"deal_name":"Srene / Polaris 0.8g Carts 3 for $6","times_used":76,"units":238.0,"revenue":5950.0,"discounts":3425.0,"cost":3201.100034713745,"profit":2748.899931907654,"pre_discount_revenue":9375.0,"margin":46.2,"avg_discount":73.0},{"deal_name":"40% Off Special","times_used":58,"units":72.0,"revenue":1889.000015258789,"discounts":1200.999984741211,"cost":1170.4000043869019,"profit":718.5999870300293,"pre_discount_revenue":3090.0,"margin":38.0,"avg_discount":77.8},{"deal_name":"4/20 2025 - Vapes","times_used":50,"units":69.0,"revenue":1293.75,"discounts":1293.75,"cost":1035.0,"profit":258.75,"pre_discount_revenue":2587.5,"margin":20.0,"avg_discount":100.0},{"deal_name":"Store Credit - $50","times_used":46,"units":48.333333333333336,"revenue":1189.5041634639103,"discounts":1452.9958319664001,"cost":820.2166692415874,"profit":369.28749833876884,"pre_discount_revenue":2642.5,"margin":31.0,"avg_discount":110.0},{"deal_name":"Store Credit - $75","times_used":40,"units":40.666666666666664,"revenue":1130.5499976873398,"discounts":1628.199999332428,"cost":849.4333370526631,"profit":281.11666599909466,"pre_discount_revenue":2758.75,"margin":24.9,"avg_discount":118.0},{"deal_name":"35% Off Special","times_used":36,"units":44.0,"revenue":2446.624994277954,"discounts":1260.874993801117,"cost":1105.0,"profit":1341.625006198883,"pre_discount_revenue":3707.5,"margin":54.8,"avg_discount":68.0},{"deal_name":"Store Credit - $100","times_used":18,"units":30.333333333333332,"revenue":494.21666671832406,"discounts":873.2833278179169,"cost":450.91667095820105,"profit":43.29999635616939,"pre_discount_revenue":1367.5,"margin":8.8,"avg_discount":127.8},{"deal_name":"Reno - Early Bird - Senior / Veterans - 20%","times_used":16,"units":16.0,"revenue":623.9999771118164,"discounts":155.9999942779541,"cost":248.80000114440918,"profit":375.2000045776367,"pre_discount_revenue":780.0,"margin":60.1,"avg_discount":40.0},{"deal_name":"Medical - 10%","times_used":12,"units":14.0,"revenue":773.2499980926514,"discounts":94.24999952316284,"cost":329.4000005722046,"profit":443.8499975204468,"pre_discount_revenue":867.5,"margin":57.4,"avg_discount":21.8},{"deal_name":"Sammy Davis Early Bird - 15% Off","times_used":10,"units":12.0,"revenue":433.50000381469727,"discounts":76.50000095367432,"cost":172.60000228881836,"profit":260.9000015258789,"pre_discount_revenue":510.0,"margin":60.2,"avg_discount":30.0},{"deal_name":"Main St Happy Hour - 25% Off","times_used":10,"units":10.0,"revenue":348.75,"discounts":116.25,"cost":151.30000114440918,"profit":197.44999885559082,"pre_discount_revenue":465.0,"margin":56.6,"avg_discount":50.0},{"deal_name":"Senior Sunday - RENO ONLY - 20% Off","times_used":8,"units":10.0,"revenue":359.89999771118164,"discounts":105.09999752044678,"cost":173.80000114440918,"profit":186.10000133514404,"pre_discount_revenue":465.0,"margin":51.7,"avg_discount":45.2},{"deal_name":"Sammy - Blowout Flower","times_used":8,"units":8.0,"revenue":272.99999237060547,"discounts":146.99999809265137,"cost":160.0,"profit":113.00000190734863,"pre_discount_revenue":420.0,"margin":41.4,"avg_discount":70.0},{"deal_name":"Veterans Day - 30% Off For Veterans!","times_used":8,"units":22.0,"revenue":661.4999961853027,"discounts":283.50000381469727,"cost":390.0,"profit":271.49999618530273,"pre_discount_revenue":945.0,"margin":41.0,"avg_discount":60.0},{"deal_name":"Senior Sunday - SAHARA ONLY - 20% Off","times_used":4,"units":10.0,"revenue":347.99999237060547,"discounts":86.99999809265137,"cost":180.0,"profit":168.00000190734863,"pre_discount_revenue":435.0,"margin":48.3,"avg_discount":40.0},{"deal_name":"Reno - Early Bird - Senior & Veteran - 25%","times_used":4,"units":8.0,"revenue":225.0,"discounts":75.0,"cost":107.60000228881836,"profit":117.39999771118164,"pre_discount_revenue":300.0,"margin":52.2,"avg_discount":50.0}],"top_products":[{"product":"STRANGE HAZE #8 EIGHTH - SRENE","units":16920,"revenue":698869.84375,"cost":367602.5,"profit":331267.3828125,"transactions":12340,"margin":47.400001525878906},{"product":"DAYSTRIPPER EIGHTH - SRENE","units":16216,"revenue":670774.921875,"cost":339828.0078125,"profit":330946.953125,"transactions":11872,"margin":49.29999923706055},{"product":"SIN CITY FUNK EIGHTH - SRENE","units":11184,"revenue":450485.3125,"cost":234050.0,"profit":216435.33203125,"transactions":8306,"margin":48.0},{"product":"DAYSTRIPPER CART - SRENE","units":12192,"revenue":357515.7421875,"cost":181649.296875,"profit":175866.4453125,"transactions":10398,"margin":49.20000076293945},{"product":"HORCHATA CART - SRENE","units":9656,"revenue":282684.47265625,"cost":144840.0,"profit":137844.47265625,"transactions":8336,"margin":48.79999923706055},{"product":"SIN CITY FUNK HALF OUNCE - SRENE","units":3402,"revenue":279217.734375,"cost":111120.0,"profit":168097.734375,"transactions":3038,"margin":60.20000076293945},{"product":"747 CART - SRENE","units":8236,"revenue":236592.12890625,"cost":118710.205078125,"profit":117881.923828125,"transactions":7080,"margin":49.79999923706055},{"product":"CHUNKY MUNKEY CART - SRENE","units":8118,"revenue":235547.87109375,"cost":121770.0,"profit":113777.87109375,"transactions":7274,"margin":48.29999923706055},{"product":"FRUITY P CART - SRENE","units":7932,"revenue":228162.48046875,"cost":115427.40234375,"profit":112735.078125,"transactions":6866,"margin":49.400001525878906},{"product":"STRANGE HAZE #8 HALF OUNCE - SRENE","units":2860,"revenue":224103.14453125,"cost":95765.0,"profit":128338.154296875,"transactions":2574,"margin":57.29999923706055},{"product":"JET FUEL ACAI X GARLIC BREATH #4 EIGHTH - SRENE","units":5034,"revenue":216020.859375,"cost":119415.0,"profit":96605.849609375,"transactions":3682,"margin":44.70000076293945},{"product":"GOVERNMINT OASIS CART - SRENE","units":7740,"revenue":215868.3984375,"cost":113926.904296875,"profit":101941.50390625,"transactions":6668,"margin":47.20000076293945},{"product":"XJ-13 CART - SRENE","units":7494,"revenue":211057.24609375,"cost":112410.0,"profit":98647.24609375,"transactions":6376,"margin":46.70000076293945},{"product":"PURPLE HAZE CART - SRENE","units":7016,"revenue":204143.22265625,"cost":103652.802734375,"profit":100490.419921875,"transactions":6010,"margin":49.20000076293945},{"product":"DAYSTRIPPER HALF OUNCE - SRENE","units":2418,"revenue":190671.26953125,"cost":79050.0,"profit":111621.279296875,"transactions":2186,"margin":58.5},{"product":"GAS N PEACHES CART - SRENE","units":6524,"revenue":189012.65625,"cost":92852.3046875,"profit":96160.3515625,"transactions":5930,"margin":50.900001525878906},{"product":"STRANGE HAZE #8 CART - SRENE","units":6450,"revenue":182953.3984375,"cost":94226.6015625,"profit":88726.796875,"transactions":5604,"margin":48.5},{"product":"TAHOE SUNRISE CART - SRENE","units":6088,"revenue":173975.4296875,"cost":90557.40234375,"profit":83418.02734375,"transactions":5376,"margin":47.900001525878906},{"product":"CHERRY BOMB CART - SRENE","units":5182,"revenue":145663.427734375,"cost":75603.1494140625,"profit":70060.2734375,"transactions":4380,"margin":48.099998474121094},{"product":"THE CHEM TRIANGLE CART - SRENE","units":4616,"revenue":134358.271484375,"cost":69240.0,"profit":65118.2763671875,"transactions":4046,"margin":48.5},{"product":"LA LIGHTS CART - SRENE","units":4460,"revenue":131634.501953125,"cost":66900.0,"profit":64734.501953125,"transactions":4070,"margin":49.20000076293945},{"product":"BIOFUEL EIGHTH - SRENE","units":3378,"revenue":126140.9765625,"cost":59652.5,"profit":66488.4765625,"transactions":2494,"margin":52.70000076293945},{"product":"HELLA JELLY CART - SRENE","units":4506,"revenue":125862.197265625,"cost":65438.5986328125,"profit":60423.5986328125,"transactions":4072,"margin":48.0},{"product":"SIN CITY FUNK CART - SRENE","units":4540,"revenue":125311.572265625,"cost":65937.0751953125,"profit":59374.501953125,"transactions":3960,"margin":47.400001525878906},{"product":"STRAWBERRY SHERBET CART - SRENE","units":4078,"revenue":116863.49609375,"cost":61552.5,"profit":55311.0009765625,"transactions":3656,"margin":47.29999923706055}],"products_by_store":{"Elevation Springs":[{"product":"STRANGE HAZE #8 EIGHTH - SRENE","units":3132,"revenue":129035.654296875,"cost":67485.0,"profit":61550.6494140625,"transactions":2532,"margin":47.70000076293945},{"product":"DAYSTRIPPER EIGHTH - SRENE","units":3222,"revenue":128827.822265625,"cost":64542.998046875,"profit":64284.82421875,"transactions":2514,"margin":49.900001525878906},{"product":"SIN CITY FUNK EIGHTH - SRENE","units":2392,"revenue":97937.919921875,"cost":51250.0,"profit":46687.9248046875,"transactions":1888,"margin":47.70000076293945},{"product":"DAYSTRIPPER CART - SRENE","units":2938,"revenue":82092.421875,"cost":43763.1005859375,"profit":38329.326171875,"transactions":2484,"margin":46.70000076293945},{"product":"747 CART - SRENE","units":2124,"revenue":60128.6767578125,"cost":30883.5009765625,"profit":29245.17578125,"transactions":1828,"margin":48.599998474121094},{"product":"HORCHATA CART - SRENE","units":2098,"revenue":58635.498046875,"cost":31470.0,"profit":27165.50048828125,"transactions":1826,"margin":46.29999923706055},{"product":"GOVERNMINT OASIS CART - SRENE","units":2124,"revenue":58610.400390625,"cost":31581.0009765625,"profit":27029.3994140625,"transactions":1910,"margin":46.099998474121094},{"product":"XJ-13 CART - SRENE","units":1984,"revenue":54222.5,"cost":29760.0,"profit":24462.5,"transactions":1692,"margin":45.099998474121094},{"product":"STRANGE HAZE #8 CART - SRENE","units":1872,"revenue":52772.4267578125,"cost":27453.80126953125,"profit":25318.62548828125,"transactions":1648,"margin":48.0},{"product":"SIN CITY FUNK HALF OUNCE - SRENE","units":650,"revenue":47829.9755859375,"cost":21437.5,"profit":26392.4755859375,"transactions":608,"margin":55.20000076293945},{"product":"LEMON HAZE CART - SRENE","units":1592,"revenue":45041.474609375,"cost":23108.1005859375,"profit":21933.3740234375,"transactions":1452,"margin":48.70000076293945},{"product":"GAS N PEACHES CART - SRENE","units":1590,"revenue":45030.0732421875,"cost":22246.10107421875,"profit":22783.974609375,"transactions":1446,"margin":50.599998474121094},{"product":"PURPLE HAZE CART - SRENE","units":1552,"revenue":43518.9990234375,"cost":22970.0,"profit":20548.9990234375,"transactions":1366,"margin":47.20000076293945},{"product":"CHUNKY MUNKEY CART - SRENE","units":1492,"revenue":41366.0009765625,"cost":22380.0,"profit":18985.999755859375,"transactions":1352,"margin":45.900001525878906},{"product":"TAHOE SUNRISE CART - SRENE","units":1316,"revenue":37074.02587890625,"cost":19588.1005859375,"profit":17485.92529296875,"transactions":1142,"margin":47.20000076293945}],"Elevation Mesa":[{"product":"STRANGE HAZE #8 EIGHTH - SRENE","units":4044,"revenue":159711.572265625,"cost":87692.5,"profit":72019.072265625,"transactions":3002,"margin":45.099998474121094},{"product":"DAYSTRIPPER EIGHTH - SRENE","units":2888,"revenue":114639.169921875,"cost":61907.5,"profit":52731.6748046875,"transactions":2264,"margin":46.0},{"product":"DAYSTRIPPER CART - SRENE","units":2622,"revenue":76259.19921875,"cost":39175.0,"profit":37084.19921875,"transactions":2350,"margin":48.599998474121094},{"product":"SIN CITY FUNK HALF OUNCE - SRENE","units":960,"revenue":76224.775390625,"cost":30750.0,"profit":45474.775390625,"transactions":856,"margin":59.70000076293945},{"product":"SIN CITY FUNK EIGHTH - SRENE","units":1942,"revenue":73610.2734375,"cost":40272.5,"profit":33337.7734375,"transactions":1556,"margin":45.29999923706055},{"product":"STRANGE HAZE #8 HALF OUNCE - SRENE","units":898,"revenue":66993.525390625,"cost":29757.5,"profit":37236.025390625,"transactions":822,"margin":55.599998474121094},{"product":"HORCHATA CART - SRENE","units":2126,"revenue":62323.2763671875,"cost":31890.0,"profit":30433.27392578125,"transactions":1946,"margin":48.79999923706055},{"product":"DAYSTRIPPER HALF OUNCE - SRENE","units":740,"revenue":55968.75,"cost":24827.5,"profit":31141.25,"transactions":696,"margin":55.599998474121094},{"product":"CHUNKY MUNKEY CART - SRENE","units":1884,"revenue":54569.873046875,"cost":28260.0,"profit":26309.87548828125,"transactions":1726,"margin":48.20000076293945},{"product":"747 CART - SRENE","units":1716,"revenue":49872.8759765625,"cost":24664.29931640625,"profit":25208.57421875,"transactions":1530,"margin":50.5},{"product":"JET FUEL ACAI X GARLIC BREATH #4 EIGHTH - SRENE","units":1150,"revenue":48390.6494140625,"cost":27380.0,"profit":21010.6494140625,"transactions":802,"margin":43.400001525878906},{"product":"GAS N PEACHES CART - SRENE","units":1398,"revenue":40409.72412109375,"cost":19730.0,"profit":20679.72412109375,"transactions":1308,"margin":51.20000076293945},{"product":"XJ-13 CART - SRENE","units":1448,"revenue":39938.9501953125,"cost":21720.0,"profit":18218.9501953125,"transactions":1296,"margin":45.599998474121094},{"product":"GOVERNMINT OASIS CART - SRENE","units":1400,"revenue":38954.67529296875,"cost":20690.0,"profit":18264.67529296875,"transactions":1300,"margin":46.900001525878906},{"product":"PURPLE HAZE CART - SRENE","units":1268,"revenue":37365.72509765625,"cost":18713.1005859375,"profit":18652.62451171875,"transactions":1128,"margin":49.900001525878906}],"Elevation Oasis":[{"product":"DAYSTRIPPER EIGHTH - SRENE","units":4688,"revenue":201609.1796875,"cost":100305.0,"profit":101304.169921875,"transactions":2804,"margin":50.20000076293945},{"product":"STRANGE HAZE #8 EIGHTH - SRENE","units":3940,"revenue":171271.34765625,"cost":85087.5,"profit":86183.84765625,"transactions":2490,"margin":50.29999923706055},{"product":"SIN CITY FUNK HALF OUNCE - SRENE","units":1642,"revenue":143816.728515625,"cost":53877.5,"profit":89939.228515625,"transactions":1436,"margin":62.5},{"product":"SIN CITY FUNK EIGHTH - SRENE","units":3300,"revenue":138144.1796875,"cost":68147.5,"profit":69996.6748046875,"transactions":1976,"margin":50.70000076293945},{"product":"STRANGE HAZE #8 HALF OUNCE - SRENE","units":1262,"revenue":105467.529296875,"cost":42970.0,"profit":62497.5244140625,"transactions":1090,"margin":59.29999923706055},{"product":"DAYSTRIPPER HALF OUNCE - SRENE","units":1012,"revenue":82371.279296875,"cost":33035.0,"profit":49336.2744140625,"transactions":860,"margin":59.900001525878906},{"product":"FRUITY P CART - SRENE","units":2682,"revenue":80677.099609375,"cost":38683.1005859375,"profit":41993.9990234375,"transactions":2108,"margin":52.099998474121094},{"product":"DAYSTRIPPER CART - SRENE","units":2296,"revenue":71526.34765625,"cost":34440.0,"profit":37086.35009765625,"transactions":1738,"margin":51.79999923706055},{"product":"HORCHATA CART - SRENE","units":2226,"revenue":69091.9482421875,"cost":33390.0,"profit":35701.95068359375,"transactions":1628,"margin":51.70000076293945},{"product":"GOVERNMINT OASIS CART - SRENE","units":2186,"revenue":62430.3515625,"cost":31571.69921875,"profit":30858.64990234375,"transactions":1656,"margin":49.400001525878906},{"product":"PURPLE HAZE CART - SRENE","units":1902,"revenue":58982.4267578125,"cost":28220.0,"profit":30762.42431640625,"transactions":1474,"margin":52.20000076293945},{"product":"747 CART - SRENE","units":1896,"revenue":56940.625,"cost":26738.1005859375,"profit":30202.5244140625,"transactions":1542,"margin":53.0},{"product":"JET FUEL ACAI X GARLIC BREATH #4 EIGHTH - SRENE","units":1144,"revenue":51737.59765625,"cost":27600.0,"profit":24137.60009765625,"transactions":692,"margin":46.70000076293945},{"product":"CHUNKY MUNKEY CART - SRENE","units":1504,"revenue":47377.001953125,"cost":22560.0,"profit":24816.99951171875,"transactions":1280,"margin":52.400001525878906},{"product":"BUBBLEGUM GARY HALF OUNCE - SRENE","units":434,"revenue":41761.923828125,"cost":14312.5,"profit":27449.423828125,"transactions":394,"margin":65.69999694824219}],"Elevation Downtown":[{"product":"DAYSTRIPPER EIGHTH - SRENE","units":248,"revenue":9420.750122070312,"cost":4530.0,"profit":4890.7501220703125,"transactions":178,"margin":51.900001525878906},{"product":"STRANGE HAZE #8 EIGHTH - SRENE","units":200,"revenue":7121.7498779296875,"cost":3945.0,"profit":3176.7498779296875,"transactions":156,"margin":44.599998474121094},{"product":"SIN CITY FUNK EIGHTH - SRENE","units":98,"revenue":3611.25,"cost":1892.5,"profit":1718.75,"transactions":80,"margin":47.599998474121094},{"product":"BUBBLEGUM GARY EIGHTH - SRENE","units":100,"revenue":3254.2498779296875,"cost":1.25,"profit":3253.0001831054688,"transactions":86,"margin":100.0},{"product":"BIOFUEL EIGHTH - SRENE","units":100,"revenue":3203.75,"cost":1812.5,"profit":1391.25,"transactions":86,"margin":43.400001525878906},{"product":"PEACH HORCHATA CART - SRENE","units":100,"revenue":2722.5,"cost":1500.0,"profit":1222.5,"transactions":96,"margin":44.900001525878906},{"product":"GAS N PEACHES CART - SRENE","units":100,"revenue":2643.75,"cost":1500.0,"profit":1143.75,"transactions":94,"margin":43.29999923706055},{"product":"FRUITY P CART - SRENE","units":98,"revenue":2576.25,"cost":1318.0999755859375,"profit":1258.1499481201172,"transactions":86,"margin":48.79999923706055},{"product":"GOVERNMINT OASIS CART - SRENE","units":100,"revenue":2528.75,"cost":1500.0,"profit":1028.75,"transactions":96,"margin":40.70000076293945},{"product":"PURPLE HAZE EIGHTH - SRENE","units":42,"revenue":1658.2499694824219,"cost":682.5,"profit":975.7499694824219,"transactions":36,"margin":58.79999923706055},{"product":"CHERRY BOMB CART - SRENE","units":60,"revenue":1593.75,"cost":0.7499999552965164,"profit":1593.0000305175781,"transactions":54,"margin":100.0},{"product":"ZERO GRAVITY EIGHTH - SRENE","units":50,"revenue":1593.0000305175781,"cost":812.5,"profit":780.5000305175781,"transactions":42,"margin":49.0},{"product":"STRANGE HAZE #8 CART - SRENE","units":58,"revenue":1533.75,"cost":780.1000213623047,"profit":753.6499786376953,"transactions":50,"margin":49.099998474121094},{"product":"HONEY DEW CART - SRENE","units":54,"revenue":1473.75,"cost":726.300048828125,"profit":747.449951171875,"transactions":48,"margin":50.70000076293945},{"product":"SUGAR RUSH CART - SRENE","units":48,"revenue":1332.5,"cost":645.5999755859375,"profit":686.9000244140625,"transactions":38,"margin":51.5}],"Elevation Midtown":[{"product":"STRANGE HAZE #8 EIGHTH - SRENE","units":3266,"revenue":137610.048828125,"cost":71480.0,"profit":66130.048828125,"transactions":2324,"margin":48.099998474121094},{"product":"DAYSTRIPPER EIGHTH - SRENE","units":2830,"revenue":122302.87109375,"cost":59935.0,"profit":62367.8759765625,"transactions":2194,"margin":51.0},{"product":"SIN CITY FUNK EIGHTH - SRENE","units":1856,"revenue":75069.7021484375,"cost":38927.5,"profit":36142.19970703125,"transactions":1468,"margin":48.099998474121094},{"product":"DAYSTRIPPER CART - SRENE","units":1984,"revenue":60636.123046875,"cost":29298.1005859375,"profit":31338.02490234375,"transactions":1730,"margin":51.70000076293945},{"product":"CHUNKY MUNKEY CART - SRENE","units":1580,"revenue":46679.501953125,"cost":23700.0,"profit":22979.49951171875,"transactions":1380,"margin":49.20000076293945},{"product":"HORCHATA CART - SRENE","units":1246,"revenue":38692.8759765625,"cost":18690.0,"profit":20002.874755859375,"transactions":1116,"margin":51.70000076293945},{"product":"XJ-13 CART - SRENE","units":1272,"revenue":37970.2490234375,"cost":19080.0,"profit":18890.250244140625,"transactions":1116,"margin":49.79999923706055},{"product":"JET FUEL ACAI X GARLIC BREATH #4 EIGHTH - SRENE","units":792,"revenue":35731.42578125,"cost":18445.0,"profit":17286.424560546875,"transactions":654,"margin":48.400001525878906},{"product":"LA LIGHTS CART - SRENE","units":1122,"revenue":35673.5009765625,"cost":16830.0,"profit":18843.499755859375,"transactions":1002,"margin":52.79999923706055},{"product":"747 CART - SRENE","units":1262,"revenue":35468.3251953125,"cost":18310.0,"profit":17158.3251953125,"transactions":1088,"margin":48.400001525878906},{"product":"TAHOE SUNRISE CART - SRENE","units":1144,"revenue":33760.92529296875,"cost":16853.1005859375,"profit":16907.82470703125,"transactions":1050,"margin":50.099998474121094},{"product":"SIN CITY FUNK CART - SRENE","units":1194,"revenue":33754.9755859375,"cost":17454.300537109375,"profit":16300.675048828125,"transactions":1074,"margin":48.29999923706055},{"product":"BIOFUEL EIGHTH - SRENE","units":858,"revenue":32879.7998046875,"cost":15060.0,"profit":17819.7998046875,"transactions":640,"margin":54.20000076293945},{"product":"FRUITY P CART - SRENE","units":1116,"revenue":32879.7509765625,"cost":16278.1005859375,"profit":16601.650390625,"transactions":1040,"margin":50.5},{"product":"PURPLE HAZE CART - SRENE","units":1092,"revenue":31104.5751953125,"cost":15763.1005859375,"profit":15341.474609375,"transactions":920,"margin":49.29999923706055}],"Elevation Boulevard":[{"product":"STRANGE HAZE #8 EIGHTH - SRENE","units":1486,"revenue":58561.5478515625,"cost":32615.0,"profit":25946.55029296875,"transactions":1126,"margin":44.29999923706055},{"product":"DAYSTRIPPER EIGHTH - SRENE","units":1448,"revenue":56159.3017578125,"cost":29927.5,"profit":26231.79931640625,"transactions":1152,"margin":46.70000076293945},{"product":"SIN CITY FUNK EIGHTH - SRENE","units":1078,"revenue":40793.125,"cost":22817.5,"profit":17975.625,"transactions":900,"margin":44.099998474121094},{"product":"DAYSTRIPPER CART - SRENE","units":1250,"revenue":34993.40087890625,"cost":18750.0,"profit":16243.399658203125,"transactions":1120,"margin":46.400001525878906},{"product":"HORCHATA CART - SRENE","units":1052,"revenue":29396.6259765625,"cost":15780.0,"profit":13616.624755859375,"transactions":978,"margin":46.29999923706055},{"product":"FRUITY P CART - SRENE","units":994,"revenue":27828.7744140625,"cost":14755.0,"profit":13073.7744140625,"transactions":910,"margin":47.0},{"product":"CHUNKY MUNKEY CART - SRENE","units":876,"revenue":24218.5009765625,"cost":13140.0,"profit":11078.499755859375,"transactions":802,"margin":45.70000076293945},{"product":"XJ-13 CART - SRENE","units":884,"revenue":24194.5751953125,"cost":13260.0,"profit":10934.5751953125,"transactions":778,"margin":45.20000076293945},{"product":"JET FUEL ACAI X GARLIC BREATH #4 EIGHTH - SRENE","units":574,"revenue":23542.64892578125,"cost":13250.0,"profit":10292.650146484375,"transactions":480,"margin":43.70000076293945},{"product":"747 CART - SRENE","units":842,"revenue":23061.0009765625,"cost":12174.300537109375,"profit":10886.700439453125,"transactions":744,"margin":47.20000076293945},{"product":"GAS N PEACHES CART - SRENE","units":800,"revenue":22564.25048828125,"cost":11535.0,"profit":11029.25048828125,"transactions":740,"margin":48.900001525878906},{"product":"PURPLE HAZE CART - SRENE","units":802,"revenue":22400.0,"cost":11986.600341796875,"profit":10413.399658203125,"transactions":754,"margin":46.5},{"product":"PEACH HORCHATA CART - SRENE","units":796,"revenue":21810.0,"cost":11633.1005859375,"profit":10176.900024414062,"transactions":694,"margin":46.70000076293945},{"product":"TAHOE SUNRISE CART - SRENE","units":772,"revenue":21461.25,"cost":11276.199951171875,"profit":10185.050048828125,"transactions":678,"margin":47.5},{"product":"LA LIGHTS CART - SRENE","units":648,"revenue":18405.999755859375,"cost":9720.0,"profit":8685.999755859375,"transactions":600,"margin":47.20000076293945}],"Elevation Parkway":[{"product":"DAYSTRIPPER EIGHTH - SRENE","units":892,"revenue":37815.849609375,"cost":18680.0,"profit":19135.849609375,"transactions":766,"margin":50.599998474121094},{"product":"STRANGE HAZE #8 EIGHTH - SRENE","units":852,"revenue":35557.94921875,"cost":19297.5,"profit":16260.450439453125,"transactions":710,"margin":45.70000076293945},{"product":"DAYSTRIPPER CART - SRENE","units":1102,"revenue":32008.24951171875,"cost":16223.1005859375,"profit":15785.150146484375,"transactions":976,"margin":49.29999923706055},{"product":"HORCHATA CART - SRENE","units":908,"revenue":24544.25048828125,"cost":13620.0,"profit":10924.25048828125,"transactions":842,"margin":44.5},{"product":"JET FUEL ACAI X GARLIC BREATH #4 EIGHTH - SRENE","units":524,"revenue":21437.8759765625,"cost":12975.0,"profit":8462.874755859375,"transactions":382,"margin":39.5},{"product":"CHUNKY MUNKEY CART - SRENE","units":782,"revenue":21336.99951171875,"cost":11730.0,"profit":9607.000122070312,"transactions":734,"margin":45.0},{"product":"SIN CITY FUNK EIGHTH - SRENE","units":518,"revenue":21318.87451171875,"cost":10742.5,"profit":10576.37451171875,"transactions":438,"margin":49.599998474121094},{"product":"XJ-13 CART - SRENE","units":566,"revenue":15910.12451171875,"cost":8490.0,"profit":7420.1251220703125,"transactions":518,"margin":46.599998474121094},{"product":"FRUITY P CART - SRENE","units":580,"revenue":15668.00048828125,"cost":8424.100341796875,"profit":7243.900146484375,"transactions":538,"margin":46.20000076293945},{"product":"STRANGE HAZE #8 CART - SRENE","units":548,"revenue":15113.75,"cost":8071.199951171875,"profit":7042.550048828125,"transactions":472,"margin":46.599998474121094},{"product":"GOVERNMINT OASIS CART - SRENE","units":496,"revenue":13780.0,"cost":7440.0,"profit":6340.0,"transactions":448,"margin":46.0},{"product":"GAS N PEACHES CART - SRENE","units":504,"revenue":13738.24951171875,"cost":7405.0,"profit":6333.2501220703125,"transactions":450,"margin":46.099998474121094},{"product":"TAHOE SUNRISE CART - SRENE","units":498,"revenue":13556.324462890625,"cost":7470.0,"profit":6086.3250732421875,"transactions":446,"margin":44.900001525878906},{"product":"747 CART - SRENE","units":396,"revenue":11120.625,"cost":5940.0,"profit":5180.625,"transactions":348,"margin":46.599998474121094},{"product":"THE CHEM TRIANGLE CART - SRENE","units":394,"revenue":10834.49951171875,"cost":5910.0,"profit":4924.5001220703125,"transactions":350,"margin":45.5}]},"store_summary":[{"store_clean":"Elevation Oasis","units":63536,"revenue":2445397.34375,"cost":1138225.078125,"profit":1307172.1875,"discounts":597767.6953125,"margin":53.5,"discount_rate":19.600000381469727},{"store_clean":"Elevation Springs","units":58648,"revenue":1954014.53125,"cost":992619.84375,"profit":961394.609375,"discounts":622824.2578125,"margin":49.20000076293945,"discount_rate":24.200000762939453},{"store_clean":"Elevation Mesa","units":54238,"revenue":1874697.65625,"cost":947220.546875,"profit":927477.109375,"discounts":573552.3828125,"margin":49.5,"discount_rate":23.399999618530273},{"store_clean":"Elevation Midtown","units":40428,"revenue":1328927.5,"cost":662254.53125,"profit":666672.890625,"discounts":346630.0390625,"margin":50.20000076293945,"discount_rate":20.700000762939453},{"store_clean":"Elevation Boulevard","units":28286,"revenue":896788.4375,"cost":470793.2421875,"profit":425995.15625,"discounts":305347.8515625,"margin":47.5,"discount_rate":25.399999618530273},{"store_clean":"Elevation Parkway","units":16012,"revenue":495113.3203125,"cost":263301.34765625,"profit":231811.97265625,"discounts":153931.669921875,"margin":46.79999923706055,"discount_rate":23.700000762939453},{"store_clean":"Elevation Downtown","units":1486,"revenue":47419.248046875,"cost":22134.599609375,"profit":25284.65087890625,"discounts":20590.74951171875,"margin":53.29999923706055,"discount_rate":30.299999237060547}],"recommendations":[{"severity":"info","title":"VOLUME LEVERAGE","detail":"$3,616,943 revenue provides negotiating leverage.","action":"Use volume as leverage in next vendor meeting."}],"comparison":null}