{"brand":"PHENO EXOTIC","date_range":"2024-01-01 00:00:00 to 2026-01-31 00:00:00","period_label":"All Time","summary":{"total_units":11496,"total_revenue":499952.8125,"total_cost":216773.75,"total_discounts":169314.70703125,"total_profit":283179.04296875,"overall_margin":56.599998474121094,"fp_margin":67.80000305175781,"disc_margin":51.099998474121094,"pct_full_price":33.099998474121094,"avg_discount_rate":25.299999237060547,"fp_revenue":165460.0,"disc_revenue":334492.8125,"brand":"PHENO EXOTIC","date_range":"2024-01-01 00:00:00 to 2026-01-31 00:00:00","primary_category":"FLOWER","store_coverage":"6/7","stores_present":["Elevation Springs","Elevation Mesa","Elevation Oasis","Elevation Midtown","Elevation Boulevard","Elevation Parkway"],"stores_missing":["Elevation Downtown"],"velocity_rank":33,"velocity_total":64},"distribution":[{"store":"Elevation Springs","carries_brand":true,"sku_count":44,"revenue":93035.927734375,"units":2258,"store_total_revenue":51138750.0,"brand_share_pct":0.20000000298023224},{"store":"Elevation Mesa","carries_brand":true,"sku_count":46,"revenue":89430.625,"units":2200,"store_total_revenue":47532240.0,"brand_share_pct":0.20000000298023224},{"store":"Elevation Oasis","carries_brand":true,"sku_count":38,"revenue":148398.76953125,"units":2602,"store_total_revenue":56050145.0,"brand_share_pct":0.30000001192092896},{"store":"Elevation Downtown","carries_brand":false,"sku_count":0,"revenue":0.0,"units":0,"store_total_revenue":1945237.1875,"brand_share_pct":0},{"store":"Elevation Midtown","carries_brand":true,"sku_count":28,"revenue":45893.22265625,"units":1192,"store_total_revenue":30850185.0,"brand_share_pct":0.10000000149011612},{"store":"Elevation Boulevard","carries_brand":true,"sku_count":30,"revenue":66689.599609375,"units":1742,"store_total_revenue":28757865.0,"brand_share_pct":0.20000000298023224},{"store":"Elevation Parkway","carries_brand":true,"sku_count":28,"revenue":56504.6484375,"units":1502,"store_total_revenue":21987007.5,"brand_share_pct":0.30000001192092896}],"share_of_category":[{"category":"FLOWER","brand_revenue":499952.8125,"category_revenue":77755450.0,"revenue_share_pct":0.6000000238418579,"brand_units":11496,"category_units":2708446,"units_share_pct":0.4}],"share_of_category_trend":{"FLOWER":[{"period":"2024-01","brand_revenue":0.0,"category_revenue":3552357.8125,"share_pct":0.0},{"period":"2024-02","brand_revenue":30203.3251953125,"category_revenue":3535245.625,"share_pct":0.8999999761581421},{"period":"2024-03","brand_revenue":28985.0,"category_revenue":3693805.625,"share_pct":0.800000011920929},{"period":"2024-04","brand_revenue":27500.849609375,"category_revenue":3541899.6875,"share_pct":0.800000011920929},{"period":"2024-05","brand_revenue":27893.525390625,"category_revenue":3537479.375,"share_pct":0.800000011920929},{"period":"2024-06","brand_revenue":18205.52490234375,"category_revenue":3403269.6875,"share_pct":0.5},{"period":"2024-07","brand_revenue":12760.0,"category_revenue":3457705.9375,"share_pct":0.4000000059604645},{"period":"2024-08","brand_revenue":20436.025390625,"category_revenue":3453819.375,"share_pct":0.6000000238418579},{"period":"2024-09","brand_revenue":7957.5250244140625,"category_revenue":3316441.5625,"share_pct":0.20000000298023224},{"period":"2024-10","brand_revenue":15980.0,"category_revenue":3585775.0,"share_pct":0.4000000059604645},{"period":"2024-11","brand_revenue":37226.25,"category_revenue":3454855.3125,"share_pct":1.100000023841858},{"period":"2024-12","brand_revenue":58521.748046875,"category_revenue":3226567.8125,"share_pct":1.7999999523162842},{"period":"2025-01","brand_revenue":32632.42431640625,"category_revenue":2984938.125,"share_pct":1.100000023841858},{"period":"2025-02","brand_revenue":54096.4990234375,"category_revenue":2816220.0,"share_pct":1.899999976158142},{"period":"2025-03","brand_revenue":17130.250244140625,"category_revenue":2911379.6875,"share_pct":0.6000000238418579},{"period":"2025-04","brand_revenue":45639.7998046875,"category_revenue":3118895.3125,"share_pct":1.5},{"period":"2025-05","brand_revenue":48301.5478515625,"category_revenue":2887345.0,"share_pct":1.7000000476837158},{"period":"2025-06","brand_revenue":11283.75,"category_revenue":2773698.125,"share_pct":0.4000000059604645},{"period":"2025-07","brand_revenue":2137.5,"category_revenue":2782763.125,"share_pct":0.10000000149011612},{"period":"2025-08","brand_revenue":3061.25,"category_revenue":2733122.8125,"share_pct":0.10000000149011612},{"period":"2025-09","brand_revenue":0.0,"category_revenue":2603501.5625,"share_pct":0.0},{"period":"2025-10","brand_revenue":0.0,"category_revenue":2663705.0,"share_pct":0.0},{"period":"2025-11","brand_revenue":0.0,"category_revenue":2700189.0625,"share_pct":0.0},{"period":"2025-12","brand_revenue":0.0,"category_revenue":2515209.53125,"share_pct":0.0},{"period":"2026-01","brand_revenue":0.0,"category_revenue":2505261.875,"share_pct":0.0}]},"velocity_by_category":[{"category":"FLOWER","brand_units_per_day":15.08,"category_avg_units_per_day":55.54,"velocity_index":27.2,"brand_rev_per_unit":34.79,"category_rev_per_unit":22.97,"brands_in_category":64}],"store_gaps":[{"store":"Elevation Downtown","category":"FLOWER","category_revenue_at_store":324929.8828125,"opportunity":"Brand not carried"}],"product_mix":{"top":[{"product":"I-15 EIGHTH - PHENO EXOTIC","units":2894,"revenue":105689.74609375,"cost":46465.0,"profit":59224.7509765625,"stores":6,"transactions":2368,"margin":56.0},{"product":"ALIEN MINTS X PERMANENT MARKER EIGHTH - PHENO EXOTIC","units":1688,"revenue":63425.498046875,"cost":27190.0,"profit":36235.50048828125,"stores":6,"transactions":1480,"margin":57.099998474121094},{"product":"MEDELLIN X JET FUEL GELATO EIGHTH - PHENO EXOTIC","units":694,"revenue":24907.77587890625,"cost":11277.5,"profit":13630.274658203125,"stores":6,"transactions":602,"margin":54.70000076293945},{"product":"BLUE POWER X MAC HALF OUNCE - PHENO EXOTIC","units":252,"revenue":21707.5,"cost":9450.0,"profit":12257.5,"stores":3,"transactions":232,"margin":56.5},{"product":"BUBBLEGUM SHERB X BISCOTTI SHERB EIGHTH - PHENO EXOTIC","units":506,"revenue":19097.5,"cost":8222.5,"profit":10875.0,"stores":6,"transactions":466,"margin":56.900001525878906},{"product":"GEMELO EIGHTH - PHENO EXOTIC","units":460,"revenue":18659.599609375,"cost":7475.0,"profit":11184.599609375,"stores":5,"transactions":398,"margin":59.900001525878906},{"product":"MEDELLIN X JET FUEL GELATO HALF OUNCE - PHENO EXOTIC","units":164,"revenue":17290.0,"cost":6150.0,"profit":11140.0,"stores":1,"transactions":132,"margin":64.4000015258789},{"product":"ZELATO HALF OUNCE - PHENO EXOTIC","units":168,"revenue":17199.375,"cost":6300.0,"profit":10899.375,"stores":3,"transactions":160,"margin":63.400001525878906},{"product":"APPLES BANANAS X SOURS BEST HALF OUNCE - PHENO EXOTIC","units":224,"revenue":16845.050048828125,"cost":8400.0,"profit":8445.050048828125,"stores":3,"transactions":214,"margin":50.099998474121094},{"product":"RUNTZ MINTS EIGHTH - PHENO EXOTIC","units":440,"revenue":16732.5,"cost":7150.0,"profit":9582.5,"stores":4,"transactions":388,"margin":57.29999923706055},{"product":"HIGHWAY 420 EIGHTH - PHENO EXOTIC","units":504,"revenue":16570.0,"cost":7875.0,"profit":8695.0,"stores":6,"transactions":440,"margin":52.5},{"product":"RAZBERRY ORGASM X LAVENDER LEMONADE HALF OUNCE - PHENO EXOTIC","units":158,"revenue":16195.625,"cost":5925.0,"profit":10270.625,"stores":3,"transactions":140,"margin":63.400001525878906},{"product":"CHEM DAWG #2 EIGHTH - PHENO EXOTIC","units":450,"revenue":14513.75,"cost":7031.25,"profit":7482.5,"stores":6,"transactions":380,"margin":51.599998474121094},{"product":"WHITE RUNTZ X PAVE HALF OUNCE - PHENO EXOTIC","units":200,"revenue":14504.49951171875,"cost":7500.0,"profit":7004.5001220703125,"stores":3,"transactions":194,"margin":48.29999923706055},{"product":"AZUL X PAVE #9 EIGHTH - PHENO EXOTIC","units":408,"revenue":14468.75,"cost":6630.0,"profit":7838.75,"stores":5,"transactions":338,"margin":54.20000076293945},{"product":"AZUL X PAVE EIGHTH - PHENO EXOTIC","units":344,"revenue":13287.5,"cost":5590.0,"profit":7697.5,"stores":5,"transactions":322,"margin":57.900001525878906},{"product":"GARLIC GRAPES EIGHTH - PHENO EXOTIC","units":318,"revenue":12885.0,"cost":5167.5,"profit":7717.5,"stores":3,"transactions":282,"margin":59.900001525878906},{"product":"LICKZ EIGHTH - PHENO EXOTIC","units":344,"revenue":12535.8251953125,"cost":5590.0,"profit":6945.8251953125,"stores":3,"transactions":310,"margin":55.400001525878906},{"product":"GELATO Z HALF OUNCE - PHENO EXOTIC","units":100,"revenue":9545.32470703125,"cost":3750.0,"profit":5795.32470703125,"stores":3,"transactions":96,"margin":60.70000076293945},{"product":"BLUE POWER X MAC EIGHTH - PHENO EXOTIC","units":210,"revenue":8363.75,"cost":3030.0,"profit":5333.75,"stores":4,"transactions":164,"margin":63.79999923706055}],"bottom":[{"product":"GELATO Z HALF OUNCE - PHENO EXOTIC","units":100,"revenue":9545.32470703125,"cost":3750.0,"profit":5795.32470703125,"stores":3,"transactions":96,"margin":60.70000076293945},{"product":"BLUE POWER X MAC EIGHTH - PHENO EXOTIC","units":210,"revenue":8363.75,"cost":3030.0,"profit":5333.75,"stores":4,"transactions":164,"margin":63.79999923706055},{"product":"CHEM DAWG #2 HALF OUNCE - PHENO EXOTIC","units":80,"revenue":7052.17529296875,"cost":3000.0,"profit":4052.1749877929688,"stores":2,"transactions":78,"margin":57.5},{"product":"AZUL X PAVE #6 HALF OUNCE - PHENO EXOTIC","units":100,"revenue":7040.0,"cost":3750.0,"profit":3290.0,"stores":2,"transactions":90,"margin":46.70000076293945},{"product":"JET FUEL X TANGY POWER HALF OUNCE - PHENO EXOTIC","units":60,"revenue":6270.0,"cost":2250.0,"profit":4020.0,"stores":2,"transactions":52,"margin":64.0999984741211},{"product":"DARK CHERRY EIGHTH #5 - PHENO EXOTIC","units":200,"revenue":6154.375,"cost":3125.0,"profit":3029.375,"stores":6,"transactions":162,"margin":49.20000076293945},{"product":"DARK CHERRY EIGHTH - PHENO EXOTIC","units":188,"revenue":6078.5498046875,"cost":2937.5,"profit":3141.0501098632812,"stores":5,"transactions":174,"margin":51.70000076293945},{"product":"ZKITTLES X ANIMAL MINTS EIGHTH - PHENO EXOTIC","units":142,"revenue":5463.125,"cost":2292.5,"profit":3170.625,"stores":2,"transactions":124,"margin":58.0},{"product":"PINEAPPLE FRUZ X BISCOTTI SHERB EIGHTH - PHENO EXOTIC","units":150,"revenue":5385.0,"cost":2437.5,"profit":2947.5,"stores":3,"transactions":128,"margin":54.70000076293945},{"product":"ALIEN MINTZ X PERMANENT MARKER EIGHTH - PHENO EXOTIC","units":50,"revenue":2085.0,"cost":812.5,"profit":1272.5,"stores":1,"transactions":44,"margin":61.0}],"expansion":[{"product":"BLUE POWER X MAC HALF OUNCE - PHENO EXOTIC","current_stores":3,"total_stores":6,"missing_stores":["Elevation Midtown","Elevation Boulevard","Elevation Parkway"],"revenue":21707.5},{"product":"GEMELO EIGHTH - PHENO EXOTIC","current_stores":5,"total_stores":6,"missing_stores":["Elevation Parkway"],"revenue":18659.599609375},{"product":"ZELATO HALF OUNCE - PHENO EXOTIC","current_stores":3,"total_stores":6,"missing_stores":["Elevation Midtown","Elevation Boulevard","Elevation Parkway"],"revenue":17199.375},{"product":"APPLES BANANAS X SOURS BEST HALF OUNCE - PHENO EXOTIC","current_stores":3,"total_stores":6,"missing_stores":["Elevation Oasis","Elevation Midtown","Elevation Parkway"],"revenue":16845.050048828125},{"product":"RUNTZ MINTS EIGHTH - PHENO EXOTIC","current_stores":4,"total_stores":6,"missing_stores":["Elevation Oasis","Elevation Midtown"],"revenue":16732.5},{"product":"RAZBERRY ORGASM X LAVENDER LEMONADE HALF OUNCE - PHENO EXOTIC","current_stores":3,"total_stores":6,"missing_stores":["Elevation Midtown","Elevation Boulevard","Elevation Parkway"],"revenue":16195.625},{"product":"WHITE RUNTZ X PAVE HALF OUNCE - PHENO EXOTIC","current_stores":3,"total_stores":6,"missing_stores":["Elevation Oasis","Elevation Midtown","Elevation Parkway"],"revenue":14504.49951171875},{"product":"AZUL X PAVE #9 EIGHTH - PHENO EXOTIC","current_stores":5,"total_stores":6,"missing_stores":["Elevation Boulevard"],"revenue":14468.75},{"product":"AZUL X PAVE EIGHTH - PHENO EXOTIC","current_stores":5,"total_stores":6,"missing_stores":["Elevation Oasis"],"revenue":13287.5},{"product":"GARLIC GRAPES EIGHTH - PHENO EXOTIC","current_stores":3,"total_stores":6,"missing_stores":["Elevation Midtown","Elevation Boulevard","Elevation Parkway"],"revenue":12885.0}]},"pricing_consistency":[{"product":"BLUE POWER X MAC HALF OUNCE - PHENO EXOTIC","min_price":126.35,"max_price":186.2890625,"avg_price":148.54635416666667,"std_dev":13.141930751613641,"store_count":6,"price_range":59.939062500000006,"range_pct":40.4},{"product":"BUBBLEGUM SHERB X BISCOTTI SHERB EIGHTH - PHENO EXOTIC","min_price":64.0,"max_price":87.5,"avg_price":75.01319444444445,"std_dev":3.367459051415912,"store_count":12,"price_range":23.499999999999996,"range_pct":31.3},{"product":"RAZBERRY ORGASM X LAVENDER LEMONADE HALF OUNCE - PHENO EXOTIC","min_price":157.75,"max_price":216.125,"avg_price":191.50000000000003,"std_dev":12.095350346310772,"store_count":6,"price_range":58.375,"range_pct":30.5},{"product":"AZUL X PAVE #9 EIGHTH - PHENO EXOTIC","min_price":63.449999999999996,"max_price":82.75735294117646,"avg_price":70.14009803921569,"std_dev":3.2827149998268856,"store_count":10,"price_range":19.307352941176468,"range_pct":27.5},{"product":"MEDELLIN X JET FUEL GELATO EIGHTH - PHENO EXOTIC","min_price":64.25,"max_price":82.8,"avg_price":71.41243610711449,"std_dev":2.8057655136446193,"store_count":12,"price_range":18.549999999999997,"range_pct":26.0},{"product":"CHEM DAWG #2 EIGHTH - PHENO EXOTIC","min_price":56.725,"max_price":73.3,"avg_price":65.24398259303722,"std_dev":2.2090865271031035,"store_count":12,"price_range":16.574999999999996,"range_pct":25.4},{"product":"DARK CHERRY EIGHTH #5 - PHENO EXOTIC","min_price":52.203947368421055,"max_price":67.3529411764706,"avg_price":60.990036979704165,"std_dev":2.2547851506554246,"store_count":12,"price_range":15.148993808049536,"range_pct":24.8},{"product":"CHEM DAWG #2 HALF OUNCE - PHENO EXOTIC","min_price":150.0,"max_price":192.08699951171877,"avg_price":171.0434997558594,"std_dev":11.904001101812495,"store_count":4,"price_range":42.086999511718766,"range_pct":24.6},{"product":"BLUE POWER X MAC EIGHTH - PHENO EXOTIC","min_price":70.625,"max_price":90.0,"avg_price":80.3125,"std_dev":4.039079928234484,"store_count":8,"price_range":19.375,"range_pct":24.1},{"product":"APPLES BANANAS X SOURS BEST HALF OUNCE - PHENO EXOTIC","min_price":127.38636363636363,"max_price":161.02499999999998,"avg_price":144.4544417926972,"std_dev":6.72993442673555,"store_count":6,"price_range":33.63863636363636,"range_pct":23.3},{"product":"ZELATO HALF OUNCE - PHENO EXOTIC","min_price":173.34821428571428,"max_price":216.32291666666669,"avg_price":189.6612103174603,"std_dev":9.312598907792745,"store_count":6,"price_range":42.9747023809524,"range_pct":22.7},{"product":"GARLIC GRAPES EIGHTH - PHENO EXOTIC","min_price":72.91666666666667,"max_price":90.35,"avg_price":81.27070707070708,"std_dev":3.4957064223831287,"store_count":6,"price_range":17.43333333333333,"range_pct":21.5},{"product":"AZUL X PAVE EIGHTH - PHENO EXOTIC","min_price":72.1311475409836,"max_price":87.85714285714286,"avg_price":79.79481925178646,"std_dev":2.304274310163469,"store_count":10,"price_range":15.725995316159258,"range_pct":19.7},{"product":"ALIEN MINTS X PERMANENT MARKER EIGHTH - PHENO EXOTIC","min_price":69.23018292682927,"max_price":84.03571428571428,"avg_price":75.21313989302719,"std_dev":2.256323633601041,"store_count":12,"price_range":14.805531358885018,"range_pct":19.7},{"product":"LICKZ EIGHTH - PHENO EXOTIC","min_price":65.44117647058823,"max_price":78.16666666666666,"avg_price":73.42474130695405,"std_dev":2.7818179683097686,"store_count":6,"price_range":12.72549019607843,"range_pct":17.3},{"product":"I-15 EIGHTH - PHENO EXOTIC","min_price":66.52041506038483,"max_price":78.67630955430327,"avg_price":73.38267704841735,"std_dev":1.933281519716312,"store_count":12,"price_range":12.155894493918451,"range_pct":16.6},{"product":"WHITE RUNTZ X PAVE HALF OUNCE - PHENO EXOTIC","min_price":136.8,"max_price":159.60000000000002,"avg_price":146.09666341145834,"std_dev":4.787184131225277,"store_count":6,"price_range":22.80000000000001,"range_pct":15.6},{"product":"GEMELO EIGHTH - PHENO EXOTIC","min_price":75.0,"max_price":86.56699829101562,"avg_price":80.63839965820313,"std_dev":1.691724811383137,"store_count":10,"price_range":11.566998291015622,"range_pct":14.3},{"product":"ZKITTLES X ANIMAL MINTS EIGHTH - PHENO EXOTIC","min_price":71.5725806451613,"max_price":81.109375,"avg_price":76.34097782258065,"std_dev":2.697412783635215,"store_count":4,"price_range":9.536794354838714,"range_pct":12.5},{"product":"RUNTZ MINTS EIGHTH - PHENO EXOTIC","min_price":71.51639344262296,"max_price":80.875,"avg_price":76.08422656578395,"std_dev":1.5302644254402658,"store_count":8,"price_range":9.35860655737705,"range_pct":12.3},{"product":"GELATO Z HALF OUNCE - PHENO EXOTIC","min_price":176.9375,"max_price":197.03800048828126,"avg_price":187.99183349609376,"std_dev":4.079844693130498,"store_count":6,"price_range":20.100500488281234,"range_pct":10.7},{"product":"HIGHWAY 420 EIGHTH - PHENO EXOTIC","min_price":63.724489795918366,"max_price":70.4,"avg_price":66.07380259796227,"std_dev":0.9986204384345199,"store_count":12,"price_range":6.675510204081636,"range_pct":10.1},{"product":"JET FUEL X TANGY POWER HALF OUNCE - PHENO EXOTIC","min_price":199.5,"max_price":218.5,"avg_price":209.0,"std_dev":5.374011537017772,"store_count":4,"price_range":19.00000000000002,"range_pct":9.1},{"product":"DARK CHERRY EIGHTH - PHENO EXOTIC","min_price":63.15217391304348,"max_price":66.45161290322581,"avg_price":64.38482836457919,"std_dev":0.5087149463479219,"store_count":10,"price_range":3.299438990182333,"range_pct":5.1},{"product":"AZUL X PAVE #6 HALF OUNCE - PHENO EXOTIC","min_price":137.75,"max_price":143.85,"avg_price":140.8,"std_dev":1.7253405460951743,"store_count":4,"price_range":6.099999999999994,"range_pct":4.3},{"product":"PINEAPPLE FRUZ X BISCOTTI SHERB EIGHTH - PHENO EXOTIC","min_price":70.8,"max_price":72.6,"avg_price":71.8,"std_dev":0.36660605559646614,"store_count":6,"price_range":1.7999999999999972,"range_pct":2.5}],"promotional_effectiveness":{"lift":{"fp_units_per_day":7.44,"disc_units_per_day":18.08,"lift_pct":143.3,"fp_avg_revenue_per_unit":123.025,"disc_avg_revenue_per_unit":75.975},"by_deal":[{"deal_name":"Industry - 30% Off","uses":937,"revenue":79769.00003790855,"discounts":34393.499965667725,"units":2094.0,"cost":37577.5,"margin":52.9,"discount_depth":60.2},{"deal_name":"Stock & Save - 1/4 for $50","uses":927,"revenue":84086.05000019073,"discounts":49113.949999809265,"units":2693.0,"cost":42603.125,"margin":49.3,"discount_depth":73.8},{"deal_name":"GW - 50% Off Flower","uses":250,"revenue":26187.5,"discounts":26250.0,"units":628.0,"cost":16707.5,"margin":36.2,"discount_depth":100.2},{"deal_name":"30% Off Special","uses":149,"revenue":11918.750019073486,"discounts":5118.749980926514,"units":309.0,"cost":6016.875,"margin":49.5,"discount_depth":60.0},{"deal_name":"4/20 2025 - Flower / Infused","uses":106,"revenue":9003.125,"discounts":9034.375,"units":270.0,"cost":5662.5,"margin":37.1,"discount_depth":100.2},{"deal_name":"Senior - 10% Off","uses":94,"revenue":18146.25,"discounts":2016.25,"units":292.0,"cost":6423.75,"margin":64.6,"discount_depth":20.0},{"deal_name":"4/20 40% Off!!!!","uses":80,"revenue":6535.85000038147,"discounts":4364.14999961853,"units":218.0,"cost":3542.5,"margin":45.8,"discount_depth":80.0},{"deal_name":"Industry 30% Off","uses":66,"revenue":6459.375,"discounts":2790.625,"units":134.0,"cost":2928.75,"margin":54.7,"discount_depth":60.4},{"deal_name":"Veterans - 10% Off","uses":51,"revenue":7341.25,"discounts":871.25,"units":122.0,"cost":2661.25,"margin":63.7,"discount_depth":21.2},{"deal_name":"Jackpot - Locals 30% Off","uses":47,"revenue":6632.5,"discounts":2842.5,"units":102.0,"cost":3037.5,"margin":54.2,"discount_depth":60.0},{"deal_name":"Senior / Veterans - 20% Off","uses":45,"revenue":8550.0,"discounts":2150.0,"units":152.0,"cost":3425.0,"margin":59.9,"discount_depth":40.2},{"deal_name":"Employee 30% - NOT FRIDAYS","uses":28,"revenue":3003.0000019073486,"discounts":1286.9999980926514,"units":58.0,"cost":1395.0,"margin":53.5,"discount_depth":60.0},{"deal_name":"Employee - 40% OFF","uses":25,"revenue":2678.9999771118164,"discounts":1786.0000228881836,"units":56.0,"cost":1492.5,"margin":44.3,"discount_depth":80.0},{"deal_name":"Pheno Exotic 1/4 - $50","uses":16,"revenue":2500.0,"discounts":1425.0,"units":80.0,"cost":1300.0,"margin":48.0,"discount_depth":72.6},{"deal_name":"1/4 for $55 Pheno Exotic","uses":11,"revenue":2437.5,"discounts":1062.5,"units":70.0,"cost":1137.5,"margin":53.3,"discount_depth":60.8},{"deal_name":"LVAC - 25% Off","uses":6,"revenue":450.0,"discounts":150.0,"units":12.0,"cost":193.75,"margin":56.9,"discount_depth":50.0}]},"growth_opportunities":[{"type":"distribution","title":"Expand to Elevation Downtown","detail":"Store has $129,972 in FLOWER \u2014 categories where PHENO EXOTIC competes.","priority":"high"},{"type":"sku_expansion","title":"Add 'APPLES BANANAS X SOURS BEST HALF OUNCE - PHENO EXOTIC' to 3 more store(s)","detail":"Carried in 3 stores. Missing from: Elevation Oasis, Elevation Midtown, Elevation Parkway","priority":"medium"},{"type":"sku_expansion","title":"Add 'AZUL X PAVE #6 HALF OUNCE - PHENO EXOTIC' to 4 more store(s)","detail":"Carried in 2 stores. Missing from: Elevation Mesa, Elevation Midtown, Elevation Boulevard, Elevation Parkway","priority":"medium"},{"type":"sku_expansion","title":"Add 'AZUL X PAVE #9 EIGHTH - PHENO EXOTIC' to 1 more store(s)","detail":"Carried in 5 stores. Missing from: Elevation Boulevard","priority":"medium"},{"type":"sku_expansion","title":"Add 'AZUL X PAVE EIGHTH - PHENO EXOTIC' to 1 more store(s)","detail":"Carried in 5 stores. Missing from: Elevation Oasis","priority":"medium"},{"type":"sku_expansion","title":"Add 'BLUE POWER X MAC EIGHTH - PHENO EXOTIC' to 2 more store(s)","detail":"Carried in 4 stores. Missing from: Elevation Mesa, Elevation Boulevard","priority":"medium"},{"type":"velocity","title":"Improve velocity in FLOWER","detail":"Velocity index 27 (below category average). 7.5 units/day vs 27.8 avg.","priority":"medium"}],"trend":[{"period":"2024-02","revenue":30203.3251953125,"cost":12642.5,"margin":58.1,"units":778,"transactions":680,"profit":17560.8251953125,"revenue_change_pct":null,"units_change_pct":null,"margin_change_pts":null},{"period":"2024-03","revenue":28985.0,"cost":11927.5,"margin":58.8,"units":734,"transactions":552,"profit":17057.5,"revenue_change_pct":-4.0,"units_change_pct":-5.7,"margin_change_pts":0.7},{"period":"2024-04","revenue":27500.849609375,"cost":11992.5,"margin":56.4,"units":738,"transactions":624,"profit":15508.349609375,"revenue_change_pct":-5.1,"units_change_pct":0.5,"margin_change_pts":-2.5},{"period":"2024-05","revenue":27893.525390625,"cost":10822.5,"margin":61.2,"units":666,"transactions":574,"profit":17071.025390625,"revenue_change_pct":1.4,"units_change_pct":-9.8,"margin_change_pts":4.8},{"period":"2024-06","revenue":18205.52490234375,"cost":7215.0,"margin":60.4,"units":444,"transactions":372,"profit":10990.52490234375,"revenue_change_pct":-34.7,"units_change_pct":-33.3,"margin_change_pts":-0.8},{"period":"2024-07","revenue":12760.0,"cost":5225.0,"margin":59.1,"units":322,"transactions":274,"profit":7535.0,"revenue_change_pct":-29.9,"units_change_pct":-27.5,"margin_change_pts":-1.3},{"period":"2024-08","revenue":20436.025390625,"cost":9490.0,"margin":53.6,"units":584,"transactions":398,"profit":10946.025390625,"revenue_change_pct":60.2,"units_change_pct":81.4,"margin_change_pts":-5.5},{"period":"2024-09","revenue":7957.5250244140625,"cost":3315.0,"margin":58.3,"units":204,"transactions":176,"profit":4642.5250244140625,"revenue_change_pct":-61.1,"units_change_pct":-65.1,"margin_change_pts":4.8},{"period":"2024-10","revenue":15980.0,"cost":5850.0,"margin":63.4,"units":372,"transactions":280,"profit":10130.0,"revenue_change_pct":100.8,"units_change_pct":82.4,"margin_change_pts":5.1},{"period":"2024-11","revenue":37226.25,"cost":20872.5,"margin":43.9,"units":854,"transactions":668,"profit":16353.75,"revenue_change_pct":133.0,"units_change_pct":129.6,"margin_change_pts":-19.5},{"period":"2024-12","revenue":58521.748046875,"cost":20915.0,"margin":64.3,"units":832,"transactions":692,"profit":37606.75048828125,"revenue_change_pct":57.2,"units_change_pct":-2.6,"margin_change_pts":20.3},{"period":"2025-01","revenue":32632.42431640625,"cost":13287.5,"margin":59.3,"units":666,"transactions":552,"profit":19344.925537109375,"revenue_change_pct":-44.2,"units_change_pct":-20.0,"margin_change_pts":-5.0},{"period":"2025-02","revenue":54096.4990234375,"cost":23176.25,"margin":57.2,"units":1068,"transactions":844,"profit":30920.2490234375,"revenue_change_pct":65.8,"units_change_pct":60.4,"margin_change_pts":-2.1},{"period":"2025-03","revenue":17130.250244140625,"cost":7373.75,"margin":57.0,"units":332,"transactions":286,"profit":9756.500244140625,"revenue_change_pct":-68.3,"units_change_pct":-68.9,"margin_change_pts":-0.2},{"period":"2025-04","revenue":45639.7998046875,"cost":22756.25,"margin":50.1,"units":1266,"transactions":942,"profit":22883.5498046875,"revenue_change_pct":166.4,"units_change_pct":281.3,"margin_change_pts":-6.8},{"period":"2025-05","revenue":48301.5478515625,"cost":21943.75,"margin":54.6,"units":1196,"transactions":930,"profit":26357.80029296875,"revenue_change_pct":5.8,"units_change_pct":-5.5,"margin_change_pts":4.4},{"period":"2025-06","revenue":11283.75,"cost":5287.5,"margin":53.1,"units":302,"transactions":240,"profit":5996.25,"revenue_change_pct":-76.6,"units_change_pct":-74.7,"margin_change_pts":-1.4},{"period":"2025-07","revenue":2137.5,"cost":931.25,"margin":56.4,"units":54,"transactions":50,"profit":1206.25,"revenue_change_pct":-81.1,"units_change_pct":-82.1,"margin_change_pts":3.3},{"period":"2025-08","revenue":3061.25,"cost":1750.0,"margin":42.8,"units":84,"transactions":82,"profit":1311.25,"revenue_change_pct":43.2,"units_change_pct":55.6,"margin_change_pts":-13.6}]}