{"brand":"PHENO EXOTIC","date_range":"2024-01-01 00:00:00 to 2026-01-31 00:00:00","period_label":"All Time","summary":{"total_units":11496,"total_revenue":499952.8125,"total_cost":216773.75,"total_discounts":169314.70703125,"total_profit":283179.04296875,"overall_margin":56.599998474121094,"fp_margin":67.80000305175781,"disc_margin":51.099998474121094,"pct_full_price":33.099998474121094,"avg_discount_rate":25.299999237060547,"fp_revenue":165460.0,"disc_revenue":334492.8125,"unique_customers":6576,"brand":"PHENO EXOTIC","date_range":"2024-01-01 00:00:00 to 2026-01-31 00:00:00","months_count":38,"avg_monthly_cost":11409.15,"cost_per_unit":37.725,"primary_category":"FLOWER","primary_cat_margin":54.099998474121094,"category_rank":29,"category_total":64,"margin_vs_category":2.5,"velocity_rank":33},"category_breakdown":[{"category_clean":"FLOWER","units":11496,"revenue":499952.8125,"cost":216773.75,"profit":283179.04296875,"discounts":169314.70703125,"margin":56.599998474121094,"category_avg_margin":54.099998474121094,"vs_category":2.5,"rank":29.0,"total_brands":64.0}],"trend":[{"period":"2024-02","revenue":30203.3251953125,"cost":12642.5,"margin":58.1,"units":778,"transactions":680,"profit":17560.8251953125,"revenue_change_pct":null,"units_change_pct":null,"margin_change_pts":null},{"period":"2024-03","revenue":28985.0,"cost":11927.5,"margin":58.8,"units":734,"transactions":552,"profit":17057.5,"revenue_change_pct":-4.0,"units_change_pct":-5.7,"margin_change_pts":0.7},{"period":"2024-04","revenue":27500.849609375,"cost":11992.5,"margin":56.4,"units":738,"transactions":624,"profit":15508.349609375,"revenue_change_pct":-5.1,"units_change_pct":0.5,"margin_change_pts":-2.5},{"period":"2024-05","revenue":27893.525390625,"cost":10822.5,"margin":61.2,"units":666,"transactions":574,"profit":17071.025390625,"revenue_change_pct":1.4,"units_change_pct":-9.8,"margin_change_pts":4.8},{"period":"2024-06","revenue":18205.52490234375,"cost":7215.0,"margin":60.4,"units":444,"transactions":372,"profit":10990.52490234375,"revenue_change_pct":-34.7,"units_change_pct":-33.3,"margin_change_pts":-0.8},{"period":"2024-07","revenue":12760.0,"cost":5225.0,"margin":59.1,"units":322,"transactions":274,"profit":7535.0,"revenue_change_pct":-29.9,"units_change_pct":-27.5,"margin_change_pts":-1.3},{"period":"2024-08","revenue":20436.025390625,"cost":9490.0,"margin":53.6,"units":584,"transactions":398,"profit":10946.025390625,"revenue_change_pct":60.2,"units_change_pct":81.4,"margin_change_pts":-5.5},{"period":"2024-09","revenue":7957.5250244140625,"cost":3315.0,"margin":58.3,"units":204,"transactions":176,"profit":4642.5250244140625,"revenue_change_pct":-61.1,"units_change_pct":-65.1,"margin_change_pts":4.8},{"period":"2024-10","revenue":15980.0,"cost":5850.0,"margin":63.4,"units":372,"transactions":280,"profit":10130.0,"revenue_change_pct":100.8,"units_change_pct":82.4,"margin_change_pts":5.1},{"period":"2024-11","revenue":37226.25,"cost":20872.5,"margin":43.9,"units":854,"transactions":668,"profit":16353.75,"revenue_change_pct":133.0,"units_change_pct":129.6,"margin_change_pts":-19.5},{"period":"2024-12","revenue":58521.748046875,"cost":20915.0,"margin":64.3,"units":832,"transactions":692,"profit":37606.75048828125,"revenue_change_pct":57.2,"units_change_pct":-2.6,"margin_change_pts":20.3},{"period":"2025-01","revenue":32632.42431640625,"cost":13287.5,"margin":59.3,"units":666,"transactions":552,"profit":19344.925537109375,"revenue_change_pct":-44.2,"units_change_pct":-20.0,"margin_change_pts":-5.0},{"period":"2025-02","revenue":54096.4990234375,"cost":23176.25,"margin":57.2,"units":1068,"transactions":844,"profit":30920.2490234375,"revenue_change_pct":65.8,"units_change_pct":60.4,"margin_change_pts":-2.1},{"period":"2025-03","revenue":17130.250244140625,"cost":7373.75,"margin":57.0,"units":332,"transactions":286,"profit":9756.500244140625,"revenue_change_pct":-68.3,"units_change_pct":-68.9,"margin_change_pts":-0.2},{"period":"2025-04","revenue":45639.7998046875,"cost":22756.25,"margin":50.1,"units":1266,"transactions":942,"profit":22883.5498046875,"revenue_change_pct":166.4,"units_change_pct":281.3,"margin_change_pts":-6.8},{"period":"2025-05","revenue":48301.5478515625,"cost":21943.75,"margin":54.6,"units":1196,"transactions":930,"profit":26357.80029296875,"revenue_change_pct":5.8,"units_change_pct":-5.5,"margin_change_pts":4.4},{"period":"2025-06","revenue":11283.75,"cost":5287.5,"margin":53.1,"units":302,"transactions":240,"profit":5996.25,"revenue_change_pct":-76.6,"units_change_pct":-74.7,"margin_change_pts":-1.4},{"period":"2025-07","revenue":2137.5,"cost":931.25,"margin":56.4,"units":54,"transactions":50,"profit":1206.25,"revenue_change_pct":-81.1,"units_change_pct":-82.1,"margin_change_pts":3.3},{"period":"2025-08","revenue":3061.25,"cost":1750.0,"margin":42.8,"units":84,"transactions":82,"profit":1311.25,"revenue_change_pct":43.2,"units_change_pct":55.6,"margin_change_pts":-13.6}],"share_of_category":[{"category":"FLOWER","brand_revenue":499952.8125,"category_revenue":77755450.0,"revenue_share_pct":0.6000000238418579,"brand_units":11496,"category_units":2708446,"units_share_pct":0.4}],"share_of_category_trend":{"FLOWER":[{"period":"2024-01","brand_revenue":0.0,"category_revenue":3552357.8125,"share_pct":0.0},{"period":"2024-02","brand_revenue":30203.3251953125,"category_revenue":3535245.625,"share_pct":0.8999999761581421},{"period":"2024-03","brand_revenue":28985.0,"category_revenue":3693805.625,"share_pct":0.800000011920929},{"period":"2024-04","brand_revenue":27500.849609375,"category_revenue":3541899.6875,"share_pct":0.800000011920929},{"period":"2024-05","brand_revenue":27893.525390625,"category_revenue":3537479.375,"share_pct":0.800000011920929},{"period":"2024-06","brand_revenue":18205.52490234375,"category_revenue":3403269.6875,"share_pct":0.5},{"period":"2024-07","brand_revenue":12760.0,"category_revenue":3457705.9375,"share_pct":0.4000000059604645},{"period":"2024-08","brand_revenue":20436.025390625,"category_revenue":3453819.375,"share_pct":0.6000000238418579},{"period":"2024-09","brand_revenue":7957.5250244140625,"category_revenue":3316441.5625,"share_pct":0.20000000298023224},{"period":"2024-10","brand_revenue":15980.0,"category_revenue":3585775.0,"share_pct":0.4000000059604645},{"period":"2024-11","brand_revenue":37226.25,"category_revenue":3454855.3125,"share_pct":1.100000023841858},{"period":"2024-12","brand_revenue":58521.748046875,"category_revenue":3226567.8125,"share_pct":1.7999999523162842},{"period":"2025-01","brand_revenue":32632.42431640625,"category_revenue":2984938.125,"share_pct":1.100000023841858},{"period":"2025-02","brand_revenue":54096.4990234375,"category_revenue":2816220.0,"share_pct":1.899999976158142},{"period":"2025-03","brand_revenue":17130.250244140625,"category_revenue":2911379.6875,"share_pct":0.6000000238418579},{"period":"2025-04","brand_revenue":45639.7998046875,"category_revenue":3118895.3125,"share_pct":1.5},{"period":"2025-05","brand_revenue":48301.5478515625,"category_revenue":2887345.0,"share_pct":1.7000000476837158},{"period":"2025-06","brand_revenue":11283.75,"category_revenue":2773698.125,"share_pct":0.4000000059604645},{"period":"2025-07","brand_revenue":2137.5,"category_revenue":2782763.125,"share_pct":0.10000000149011612},{"period":"2025-08","brand_revenue":3061.25,"category_revenue":2733122.8125,"share_pct":0.10000000149011612},{"period":"2025-09","brand_revenue":0.0,"category_revenue":2603501.5625,"share_pct":0.0},{"period":"2025-10","brand_revenue":0.0,"category_revenue":2663705.0,"share_pct":0.0},{"period":"2025-11","brand_revenue":0.0,"category_revenue":2700189.0625,"share_pct":0.0},{"period":"2025-12","brand_revenue":0.0,"category_revenue":2515209.53125,"share_pct":0.0},{"period":"2026-01","brand_revenue":0.0,"category_revenue":2505261.875,"share_pct":0.0}]},"discount_depth":[{"tier":"0% (Full Price)","transactions":2404,"pct_of_transactions":24.1,"revenue":165460.0,"avg_discount":0.0},{"tier":"1-10%","transactions":448,"pct_of_transactions":4.5,"revenue":34160.0,"avg_discount":20.0},{"tier":"11-20%","transactions":274,"pct_of_transactions":2.8,"revenue":17632.80029296875,"avg_discount":37.599998474121094},{"tier":"21-30%","transactions":254,"pct_of_transactions":2.6,"revenue":13746.4013671875,"avg_discount":54.599998474121094},{"tier":"31%+","transactions":3448,"pct_of_transactions":34.6,"revenue":138263.59375,"avg_discount":82.4000015258789}],"velocity":{"units_per_day":20.46,"revenue_per_day":889.5999908447266,"avg_units_per_txn":2.5,"days_of_data":562,"total_units":11496,"total_transactions":9216},"velocity_by_category":[{"category":"FLOWER","brand_units_per_day":15.08,"category_avg_units_per_day":55.54,"velocity_index":27.2,"brand_rev_per_unit":34.79,"category_rev_per_unit":22.97,"brands_in_category":64}],"deals":[{"deal_name":"Industry - 30% Off","times_used":1874,"units":2094.0,"revenue":79769.00003790855,"discounts":34393.499965667725,"cost":37577.5,"profit":42191.50003910065,"pre_discount_revenue":114162.5,"margin":52.9,"avg_discount":60.2},{"deal_name":"Stock & Save - 1/4 for $50","times_used":1854,"units":2693.0,"revenue":84086.05000019073,"discounts":49113.949999809265,"cost":42603.125,"profit":41482.925000190735,"pre_discount_revenue":133200.0,"margin":49.3,"avg_discount":73.8},{"deal_name":"GW - 50% Off Flower","times_used":500,"units":628.0,"revenue":26187.5,"discounts":26250.0,"cost":16707.5,"profit":9480.0,"pre_discount_revenue":52437.5,"margin":36.2,"avg_discount":100.2},{"deal_name":"30% Off Special","times_used":298,"units":309.0,"revenue":11918.750019073486,"discounts":5118.749980926514,"cost":6016.875,"profit":5901.875019073486,"pre_discount_revenue":17037.5,"margin":49.5,"avg_discount":60.0},{"deal_name":"4/20 2025 - Flower / Infused","times_used":212,"units":270.0,"revenue":9003.125,"discounts":9034.375,"cost":5662.5,"profit":3340.625,"pre_discount_revenue":18037.5,"margin":37.1,"avg_discount":100.2},{"deal_name":"Senior - 10% Off","times_used":188,"units":292.0,"revenue":18146.25,"discounts":2016.25,"cost":6423.75,"profit":11722.5,"pre_discount_revenue":20162.5,"margin":64.6,"avg_discount":20.0},{"deal_name":"4/20 40% Off!!!!","times_used":160,"units":218.0,"revenue":6535.85000038147,"discounts":4364.14999961853,"cost":3542.5,"profit":2993.3500003814697,"pre_discount_revenue":10900.0,"margin":45.8,"avg_discount":80.0},{"deal_name":"Industry 30% Off","times_used":132,"units":134.0,"revenue":6459.375,"discounts":2790.625,"cost":2928.75,"profit":3530.625,"pre_discount_revenue":9250.0,"margin":54.7,"avg_discount":60.4},{"deal_name":"Veterans - 10% Off","times_used":102,"units":122.0,"revenue":7341.25,"discounts":871.25,"cost":2661.25,"profit":4680.0,"pre_discount_revenue":8212.5,"margin":63.7,"avg_discount":21.2},{"deal_name":"Jackpot - Locals 30% Off","times_used":94,"units":102.0,"revenue":6632.5,"discounts":2842.5,"cost":3037.5,"profit":3595.0,"pre_discount_revenue":9475.0,"margin":54.2,"avg_discount":60.0},{"deal_name":"Senior / Veterans - 20% Off","times_used":90,"units":152.0,"revenue":8550.0,"discounts":2150.0,"cost":3425.0,"profit":5125.0,"pre_discount_revenue":10700.0,"margin":59.9,"avg_discount":40.2},{"deal_name":"Employee 30% - NOT FRIDAYS","times_used":56,"units":58.0,"revenue":3003.0000019073486,"discounts":1286.9999980926514,"cost":1395.0,"profit":1608.0000019073486,"pre_discount_revenue":4290.0,"margin":53.5,"avg_discount":60.0},{"deal_name":"Employee - 40% OFF","times_used":50,"units":56.0,"revenue":2678.9999771118164,"discounts":1786.0000228881836,"cost":1492.5,"profit":1186.500005722046,"pre_discount_revenue":4465.0,"margin":44.3,"avg_discount":80.0},{"deal_name":"Pheno Exotic 1/4 - $50","times_used":32,"units":80.0,"revenue":2500.0,"discounts":1425.0,"cost":1300.0,"profit":1200.0,"pre_discount_revenue":3925.0,"margin":48.0,"avg_discount":72.6},{"deal_name":"1/4 for $55 Pheno Exotic","times_used":22,"units":70.0,"revenue":2437.5,"discounts":1062.5,"cost":1137.5,"profit":1300.0,"pre_discount_revenue":3500.0,"margin":53.3,"avg_discount":60.8},{"deal_name":"LVAC - 25% Off","times_used":12,"units":12.0,"revenue":450.0,"discounts":150.0,"cost":193.75,"profit":256.25,"pre_discount_revenue":600.0,"margin":56.9,"avg_discount":50.0}],"top_products":[{"product":"I-15 EIGHTH - PHENO EXOTIC","units":2894,"revenue":105689.74609375,"cost":46465.0,"profit":59224.7509765625,"transactions":2368,"margin":56.0},{"product":"ALIEN MINTS X PERMANENT MARKER EIGHTH - PHENO EXOTIC","units":1688,"revenue":63425.498046875,"cost":27190.0,"profit":36235.50048828125,"transactions":1480,"margin":57.099998474121094},{"product":"MEDELLIN X JET FUEL GELATO EIGHTH - PHENO EXOTIC","units":694,"revenue":24907.77587890625,"cost":11277.5,"profit":13630.274658203125,"transactions":602,"margin":54.70000076293945},{"product":"BLUE POWER X MAC HALF OUNCE - PHENO EXOTIC","units":252,"revenue":21707.5,"cost":9450.0,"profit":12257.5,"transactions":232,"margin":56.5},{"product":"BUBBLEGUM SHERB X BISCOTTI SHERB EIGHTH - PHENO EXOTIC","units":506,"revenue":19097.5,"cost":8222.5,"profit":10875.0,"transactions":466,"margin":56.900001525878906},{"product":"GEMELO EIGHTH - PHENO EXOTIC","units":460,"revenue":18659.599609375,"cost":7475.0,"profit":11184.599609375,"transactions":398,"margin":59.900001525878906},{"product":"MEDELLIN X JET FUEL GELATO HALF OUNCE - PHENO EXOTIC","units":164,"revenue":17290.0,"cost":6150.0,"profit":11140.0,"transactions":132,"margin":64.4000015258789},{"product":"ZELATO HALF OUNCE - PHENO EXOTIC","units":168,"revenue":17199.375,"cost":6300.0,"profit":10899.375,"transactions":160,"margin":63.400001525878906},{"product":"APPLES BANANAS X SOURS BEST HALF OUNCE - PHENO EXOTIC","units":224,"revenue":16845.050048828125,"cost":8400.0,"profit":8445.050048828125,"transactions":214,"margin":50.099998474121094},{"product":"RUNTZ MINTS EIGHTH - PHENO EXOTIC","units":440,"revenue":16732.5,"cost":7150.0,"profit":9582.5,"transactions":388,"margin":57.29999923706055},{"product":"HIGHWAY 420 EIGHTH - PHENO EXOTIC","units":504,"revenue":16570.0,"cost":7875.0,"profit":8695.0,"transactions":440,"margin":52.5},{"product":"RAZBERRY ORGASM X LAVENDER LEMONADE HALF OUNCE - PHENO EXOTIC","units":158,"revenue":16195.625,"cost":5925.0,"profit":10270.625,"transactions":140,"margin":63.400001525878906},{"product":"CHEM DAWG #2 EIGHTH - PHENO EXOTIC","units":450,"revenue":14513.75,"cost":7031.25,"profit":7482.5,"transactions":380,"margin":51.599998474121094},{"product":"WHITE RUNTZ X PAVE HALF OUNCE - PHENO EXOTIC","units":200,"revenue":14504.49951171875,"cost":7500.0,"profit":7004.5001220703125,"transactions":194,"margin":48.29999923706055},{"product":"AZUL X PAVE #9 EIGHTH - PHENO EXOTIC","units":408,"revenue":14468.75,"cost":6630.0,"profit":7838.75,"transactions":338,"margin":54.20000076293945},{"product":"AZUL X PAVE EIGHTH - PHENO EXOTIC","units":344,"revenue":13287.5,"cost":5590.0,"profit":7697.5,"transactions":322,"margin":57.900001525878906},{"product":"GARLIC GRAPES EIGHTH - PHENO EXOTIC","units":318,"revenue":12885.0,"cost":5167.5,"profit":7717.5,"transactions":282,"margin":59.900001525878906},{"product":"LICKZ EIGHTH - PHENO EXOTIC","units":344,"revenue":12535.8251953125,"cost":5590.0,"profit":6945.8251953125,"transactions":310,"margin":55.400001525878906},{"product":"GELATO Z HALF OUNCE - PHENO EXOTIC","units":100,"revenue":9545.32470703125,"cost":3750.0,"profit":5795.32470703125,"transactions":96,"margin":60.70000076293945},{"product":"BLUE POWER X MAC EIGHTH - PHENO EXOTIC","units":210,"revenue":8363.75,"cost":3030.0,"profit":5333.75,"transactions":164,"margin":63.79999923706055},{"product":"CHEM DAWG #2 HALF OUNCE - PHENO EXOTIC","units":80,"revenue":7052.17529296875,"cost":3000.0,"profit":4052.1749877929688,"transactions":78,"margin":57.5},{"product":"AZUL X PAVE #6 HALF OUNCE - PHENO EXOTIC","units":100,"revenue":7040.0,"cost":3750.0,"profit":3290.0,"transactions":90,"margin":46.70000076293945},{"product":"JET FUEL X TANGY POWER HALF OUNCE - PHENO EXOTIC","units":60,"revenue":6270.0,"cost":2250.0,"profit":4020.0,"transactions":52,"margin":64.0999984741211},{"product":"DARK CHERRY EIGHTH #5 - PHENO EXOTIC","units":200,"revenue":6154.375,"cost":3125.0,"profit":3029.375,"transactions":162,"margin":49.20000076293945},{"product":"DARK CHERRY EIGHTH - PHENO EXOTIC","units":188,"revenue":6078.5498046875,"cost":2937.5,"profit":3141.0501098632812,"transactions":174,"margin":51.70000076293945}],"products_by_store":{"Elevation Springs":[{"product":"I-15 EIGHTH - PHENO EXOTIC","units":604,"revenue":21148.42529296875,"cost":9691.25,"profit":11457.17529296875,"transactions":516,"margin":54.20000076293945},{"product":"ALIEN MINTS X PERMANENT MARKER EIGHTH - PHENO EXOTIC","units":366,"revenue":13380.0,"cost":5886.25,"profit":7493.75,"transactions":334,"margin":56.0},{"product":"APPLES BANANAS X SOURS BEST HALF OUNCE - PHENO EXOTIC","units":100,"revenue":8051.25,"cost":3750.0,"profit":4301.25,"transactions":96,"margin":53.400001525878906},{"product":"WHITE RUNTZ X PAVE HALF OUNCE - PHENO EXOTIC","units":50,"revenue":3990.0,"cost":1875.0,"profit":2115.0,"transactions":50,"margin":53.0},{"product":"GEMELO EIGHTH - PHENO EXOTIC","units":100,"revenue":3950.0,"cost":1625.0,"profit":2325.0,"transactions":92,"margin":58.900001525878906},{"product":"GARLIC GRAPES EIGHTH - PHENO EXOTIC","units":108,"revenue":3937.5,"cost":1755.0,"profit":2182.5,"transactions":98,"margin":55.400001525878906},{"product":"AZUL X PAVE #6 HALF OUNCE - PHENO EXOTIC","units":50,"revenue":3596.25,"cost":1875.0,"profit":1721.25,"transactions":46,"margin":47.900001525878906},{"product":"BUBBLEGUM SHERB X BISCOTTI SHERB EIGHTH - PHENO EXOTIC","units":100,"revenue":3457.5,"cost":1625.0,"profit":1832.5,"transactions":98,"margin":53.0},{"product":"CHEM DAWG #2 EIGHTH - PHENO EXOTIC","units":102,"revenue":3450.0,"cost":1593.75,"profit":1856.25,"transactions":90,"margin":53.79999923706055},{"product":"HIGHWAY 420 EIGHTH - PHENO EXOTIC","units":102,"revenue":3435.0,"cost":1593.75,"profit":1841.25,"transactions":96,"margin":53.599998474121094},{"product":"MEDELLIN X JET FUEL GELATO EIGHTH - PHENO EXOTIC","units":98,"revenue":3413.75,"cost":1592.5,"profit":1821.25,"transactions":86,"margin":53.400001525878906},{"product":"AZUL X PAVE #9 EIGHTH - PHENO EXOTIC","units":100,"revenue":3172.5,"cost":1625.0,"profit":1547.5,"transactions":96,"margin":48.79999923706055},{"product":"BLUE POWER X MAC HALF OUNCE - PHENO EXOTIC","units":50,"revenue":3158.75,"cost":1875.0,"profit":1283.75,"transactions":50,"margin":40.599998474121094},{"product":"RUNTZ MINTS EIGHTH - PHENO EXOTIC","units":78,"revenue":2970.0,"cost":1267.5,"profit":1702.5,"transactions":76,"margin":57.29999923706055},{"product":"DARK CHERRY EIGHTH - PHENO EXOTIC","units":62,"revenue":2060.0,"cost":968.75,"profit":1091.25,"transactions":56,"margin":53.0}],"Elevation Mesa":[{"product":"I-15 EIGHTH - PHENO EXOTIC","units":560,"revenue":19984.375,"cost":9037.5,"profit":10946.875,"transactions":468,"margin":54.79999923706055},{"product":"ALIEN MINTS X PERMANENT MARKER EIGHTH - PHENO EXOTIC","units":328,"revenue":11353.75,"cost":5267.5,"profit":6086.25,"transactions":290,"margin":53.599998474121094},{"product":"RUNTZ MINTS EIGHTH - PHENO EXOTIC","units":120,"revenue":4547.5,"cost":1950.0,"profit":2597.5,"transactions":94,"margin":57.099998474121094},{"product":"GARLIC GRAPES EIGHTH - PHENO EXOTIC","units":110,"revenue":4430.0,"cost":1787.5,"profit":2642.5,"transactions":104,"margin":59.70000076293945},{"product":"GEMELO EIGHTH - PHENO EXOTIC","units":100,"revenue":4030.0,"cost":1625.0,"profit":2405.0,"transactions":92,"margin":59.70000076293945},{"product":"BUBBLEGUM SHERB X BISCOTTI SHERB EIGHTH - PHENO EXOTIC","units":96,"revenue":3860.0,"cost":1560.0,"profit":2300.0,"transactions":86,"margin":59.599998474121094},{"product":"RAZBERRY ORGASM X LAVENDER LEMONADE HALF OUNCE - PHENO EXOTIC","units":38,"revenue":3811.875,"cost":1425.0,"profit":2386.875,"transactions":38,"margin":62.599998474121094},{"product":"WHITE RUNTZ X PAVE HALF OUNCE - PHENO EXOTIC","units":50,"revenue":3420.0,"cost":1875.0,"profit":1545.0,"transactions":46,"margin":45.20000076293945},{"product":"AZUL X PAVE #9 EIGHTH - PHENO EXOTIC","units":102,"revenue":3268.75,"cost":1657.5,"profit":1611.25,"transactions":94,"margin":49.29999923706055},{"product":"MEDELLIN X JET FUEL GELATO EIGHTH - PHENO EXOTIC","units":100,"revenue":3212.5,"cost":1625.0,"profit":1587.5,"transactions":92,"margin":49.400001525878906},{"product":"HIGHWAY 420 EIGHTH - PHENO EXOTIC","units":98,"revenue":3122.5,"cost":1531.25,"profit":1591.25,"transactions":90,"margin":51.0},{"product":"JET FUEL X TANGY POWER HALF OUNCE - PHENO EXOTIC","units":30,"revenue":2992.5,"cost":1125.0,"profit":1867.5,"transactions":28,"margin":62.400001525878906},{"product":"GELATO Z HALF OUNCE - PHENO EXOTIC","units":30,"revenue":2850.0,"cost":1125.0,"profit":1725.0,"transactions":30,"margin":60.5},{"product":"CHEM DAWG #2 EIGHTH - PHENO EXOTIC","units":100,"revenue":2836.25,"cost":1562.5,"profit":1273.75,"transactions":96,"margin":44.900001525878906},{"product":"ZELATO HALF OUNCE - PHENO EXOTIC","units":28,"revenue":2426.875,"cost":1050.0,"profit":1376.875,"transactions":28,"margin":56.70000076293945}],"Elevation Oasis":[{"product":"I-15 EIGHTH - PHENO EXOTIC","units":610,"revenue":23996.2744140625,"cost":9787.5,"profit":14208.7744140625,"transactions":418,"margin":59.20000076293945},{"product":"BLUE POWER X MAC HALF OUNCE - PHENO EXOTIC","units":192,"revenue":17883.75,"cost":7200.0,"profit":10683.75,"transactions":172,"margin":59.70000076293945},{"product":"MEDELLIN X JET FUEL GELATO HALF OUNCE - PHENO EXOTIC","units":164,"revenue":17290.0,"cost":6150.0,"profit":11140.0,"transactions":132,"margin":64.4000015258789},{"product":"ZELATO HALF OUNCE - PHENO EXOTIC","units":120,"revenue":12979.375,"cost":4500.0,"profit":8479.375,"transactions":112,"margin":65.30000305175781},{"product":"ALIEN MINTS X PERMANENT MARKER EIGHTH - PHENO EXOTIC","units":280,"revenue":11765.0,"cost":4518.75,"profit":7246.25,"transactions":222,"margin":61.599998474121094},{"product":"RAZBERRY ORGASM X LAVENDER LEMONADE HALF OUNCE - PHENO EXOTIC","units":100,"revenue":10806.25,"cost":3750.0,"profit":7056.25,"transactions":84,"margin":65.30000305175781},{"product":"MEDELLIN X JET FUEL GELATO EIGHTH - PHENO EXOTIC","units":192,"revenue":7110.0,"cost":3120.0,"profit":3990.0,"transactions":152,"margin":56.099998474121094},{"product":"AZUL X PAVE #9 EIGHTH - PHENO EXOTIC","units":136,"revenue":5627.5,"cost":2210.0,"profit":3417.5,"transactions":94,"margin":60.70000076293945},{"product":"GELATO Z HALF OUNCE - PHENO EXOTIC","units":50,"revenue":4925.950012207031,"cost":1875.0,"profit":3050.9500122070312,"transactions":46,"margin":61.900001525878906},{"product":"CHEM DAWG #2 HALF OUNCE - PHENO EXOTIC","units":50,"revenue":4802.174987792969,"cost":1875.0,"profit":2927.1749877929688,"transactions":48,"margin":61.0},{"product":"GARLIC GRAPES EIGHTH - PHENO EXOTIC","units":100,"revenue":4517.5,"cost":1625.0,"profit":2892.5,"transactions":80,"margin":64.0},{"product":"BLUE POWER X MAC EIGHTH - PHENO EXOTIC","units":100,"revenue":4400.0,"cost":1250.0,"profit":3150.0,"transactions":82,"margin":71.5999984741211},{"product":"GEMELO EIGHTH - PHENO EXOTIC","units":100,"revenue":4101.25,"cost":1625.0,"profit":2476.25,"transactions":70,"margin":60.400001525878906},{"product":"BUBBLEGUM SHERB X BISCOTTI SHERB EIGHTH - PHENO EXOTIC","units":80,"revenue":3500.0,"cost":1300.0,"profit":2200.0,"transactions":70,"margin":62.900001525878906},{"product":"AZUL X PAVE #6 HALF OUNCE - PHENO EXOTIC","units":50,"revenue":3443.75,"cost":1875.0,"profit":1568.75,"transactions":44,"margin":45.599998474121094}],"Elevation Midtown":[{"product":"ALIEN MINTS X PERMANENT MARKER EIGHTH - PHENO EXOTIC","units":286,"revenue":11453.00048828125,"cost":4618.75,"profit":6834.2498779296875,"transactions":258,"margin":59.70000076293945},{"product":"I-15 EIGHTH - PHENO EXOTIC","units":230,"revenue":8962.5,"cost":3675.0,"profit":5287.5,"transactions":200,"margin":59.0},{"product":"GEMELO EIGHTH - PHENO EXOTIC","units":100,"revenue":4328.349914550781,"cost":1625.0,"profit":2703.3499145507812,"transactions":86,"margin":62.5},{"product":"MEDELLIN X JET FUEL GELATO EIGHTH - PHENO EXOTIC","units":100,"revenue":4140.0,"cost":1625.0,"profit":2515.0,"transactions":86,"margin":60.70000076293945},{"product":"BUBBLEGUM SHERB X BISCOTTI SHERB EIGHTH - PHENO EXOTIC","units":100,"revenue":3597.5,"cost":1625.0,"profit":1972.5,"transactions":92,"margin":54.79999923706055},{"product":"LICKZ EIGHTH - PHENO EXOTIC","units":58,"revenue":2223.3250427246094,"cost":942.5,"profit":1280.8250427246094,"transactions":42,"margin":57.599998474121094},{"product":"ZKITTLES X ANIMAL MINTS EIGHTH - PHENO EXOTIC","units":62,"revenue":2218.75,"cost":992.5,"profit":1226.25,"transactions":46,"margin":55.29999923706055},{"product":"BLUE POWER X MAC EIGHTH - PHENO EXOTIC","units":60,"revenue":2178.75,"cost":975.0,"profit":1203.75,"transactions":40,"margin":55.20000076293945},{"product":"CHEM DAWG #2 EIGHTH - PHENO EXOTIC","units":50,"revenue":1665.0,"cost":781.25,"profit":883.75,"transactions":42,"margin":53.099998474121094},{"product":"HIGHWAY 420 EIGHTH - PHENO EXOTIC","units":50,"revenue":1627.5,"cost":781.25,"profit":846.25,"transactions":42,"margin":52.0},{"product":"DARK CHERRY EIGHTH - PHENO EXOTIC","units":40,"revenue":1278.5499572753906,"cost":625.0,"profit":653.5499572753906,"transactions":34,"margin":51.099998474121094},{"product":"AZUL X PAVE EIGHTH - PHENO EXOTIC","units":28,"revenue":1230.0,"cost":455.0,"profit":775.0,"transactions":22,"margin":63.0},{"product":"AZUL X PAVE #9 EIGHTH - PHENO EXOTIC","units":20,"revenue":740.0,"cost":325.0,"profit":415.0,"transactions":18,"margin":56.099998474121094},{"product":"DARK CHERRY EIGHTH #5 - PHENO EXOTIC","units":8,"revenue":250.0,"cost":125.0,"profit":125.0,"transactions":8,"margin":50.0}],"Elevation Boulevard":[{"product":"I-15 EIGHTH - PHENO EXOTIC","units":458,"revenue":15233.175048828125,"cost":7348.75,"profit":7884.425048828125,"transactions":388,"margin":51.79999923706055},{"product":"ALIEN MINTS X PERMANENT MARKER EIGHTH - PHENO EXOTIC","units":238,"revenue":8513.75,"cost":3836.25,"profit":4677.5,"transactions":220,"margin":54.900001525878906},{"product":"APPLES BANANAS X SOURS BEST HALF OUNCE - PHENO EXOTIC","units":102,"revenue":7392.550048828125,"cost":3825.0,"profit":3567.550048828125,"transactions":98,"margin":48.29999923706055},{"product":"WHITE RUNTZ X PAVE HALF OUNCE - PHENO EXOTIC","units":100,"revenue":7094.5001220703125,"cost":3750.0,"profit":3344.5001220703125,"transactions":98,"margin":47.099998474121094},{"product":"LICKZ EIGHTH - PHENO EXOTIC","units":136,"revenue":4450.0,"cost":2210.0,"profit":2240.0,"transactions":126,"margin":50.29999923706055},{"product":"AZUL X PAVE EIGHTH - PHENO EXOTIC","units":122,"revenue":4400.0,"cost":1982.5,"profit":2417.5,"transactions":118,"margin":54.900001525878906},{"product":"RUNTZ MINTS EIGHTH - PHENO EXOTIC","units":122,"revenue":4362.5,"cost":1982.5,"profit":2380.0,"transactions":112,"margin":54.599998474121094},{"product":"HIGHWAY 420 EIGHTH - PHENO EXOTIC","units":104,"revenue":3425.0,"cost":1625.0,"profit":1800.0,"transactions":90,"margin":52.599998474121094},{"product":"MEDELLIN X JET FUEL GELATO EIGHTH - PHENO EXOTIC","units":100,"revenue":3213.75,"cost":1625.0,"profit":1588.75,"transactions":92,"margin":49.400001525878906},{"product":"GEMELO EIGHTH - PHENO EXOTIC","units":60,"revenue":2250.0,"cost":975.0,"profit":1275.0,"transactions":58,"margin":56.70000076293945},{"product":"PINEAPPLE FRUZ X BISCOTTI SHERB EIGHTH - PHENO EXOTIC","units":50,"revenue":1815.0,"cost":812.5,"profit":1002.5,"transactions":44,"margin":55.20000076293945},{"product":"BUBBLEGUM SHERB X BISCOTTI SHERB EIGHTH - PHENO EXOTIC","units":50,"revenue":1600.0,"cost":812.5,"profit":787.5,"transactions":44,"margin":49.20000076293945},{"product":"CHEM DAWG #2 EIGHTH - PHENO EXOTIC","units":50,"revenue":1565.0,"cost":781.25,"profit":783.75,"transactions":40,"margin":50.099998474121094},{"product":"DARK CHERRY EIGHTH #5 - PHENO EXOTIC","units":38,"revenue":991.875,"cost":593.75,"profit":398.125,"transactions":24,"margin":40.099998474121094},{"product":"DARK CHERRY EIGHTH - PHENO EXOTIC","units":12,"revenue":382.5,"cost":187.5,"profit":195.0,"transactions":12,"margin":51.0}],"Elevation Parkway":[{"product":"I-15 EIGHTH - PHENO EXOTIC","units":432,"revenue":16365.0,"cost":6925.0,"profit":9440.0,"transactions":378,"margin":57.70000076293945},{"product":"ALIEN MINTS X PERMANENT MARKER EIGHTH - PHENO EXOTIC","units":190,"revenue":6960.0,"cost":3062.5,"profit":3897.5,"transactions":156,"margin":56.0},{"product":"LICKZ EIGHTH - PHENO EXOTIC","units":150,"revenue":5862.5,"cost":2437.5,"profit":3425.0,"transactions":142,"margin":58.400001525878906},{"product":"RUNTZ MINTS EIGHTH - PHENO EXOTIC","units":120,"revenue":4852.5,"cost":1950.0,"profit":2902.5,"transactions":106,"margin":59.79999923706055},{"product":"AZUL X PAVE EIGHTH - PHENO EXOTIC","units":104,"revenue":4017.5,"cost":1690.0,"profit":2327.5,"transactions":92,"margin":57.900001525878906},{"product":"MEDELLIN X JET FUEL GELATO EIGHTH - PHENO EXOTIC","units":104,"revenue":3817.7749633789062,"cost":1690.0,"profit":2127.7749633789062,"transactions":94,"margin":55.70000076293945},{"product":"ZKITTLES X ANIMAL MINTS EIGHTH - PHENO EXOTIC","units":80,"revenue":3244.375,"cost":1300.0,"profit":1944.375,"transactions":78,"margin":59.900001525878906},{"product":"BUBBLEGUM SHERB X BISCOTTI SHERB EIGHTH - PHENO EXOTIC","units":80,"revenue":3082.5,"cost":1300.0,"profit":1782.5,"transactions":76,"margin":57.79999923706055},{"product":"CHEM DAWG #2 EIGHTH - PHENO EXOTIC","units":50,"revenue":1832.5,"cost":781.25,"profit":1051.25,"transactions":48,"margin":57.400001525878906},{"product":"HIGHWAY 420 EIGHTH - PHENO EXOTIC","units":50,"revenue":1760.0,"cost":781.25,"profit":978.75,"transactions":48,"margin":55.599998474121094},{"product":"BLUE POWER X MAC EIGHTH - PHENO EXOTIC","units":48,"revenue":1695.0,"cost":780.0,"profit":915.0,"transactions":40,"margin":54.0},{"product":"AZUL X PAVE #9 EIGHTH - PHENO EXOTIC","units":50,"revenue":1660.0,"cost":812.5,"profit":847.5,"transactions":36,"margin":51.099998474121094},{"product":"DARK CHERRY EIGHTH - PHENO EXOTIC","units":28,"revenue":905.0,"cost":437.5,"profit":467.5,"transactions":26,"margin":51.70000076293945},{"product":"DARK CHERRY EIGHTH #5 - PHENO EXOTIC","units":16,"revenue":450.0,"cost":250.0,"profit":200.0,"transactions":12,"margin":44.400001525878906}]},"store_summary":[{"store_clean":"Elevation Oasis","units":2602,"revenue":148398.779296875,"cost":57661.25,"profit":90737.529296875,"discounts":33051.2255859375,"margin":61.099998474121094,"discount_rate":18.200000762939453},{"store_clean":"Elevation Springs","units":2258,"revenue":93035.927734375,"cost":42900.0,"profit":50135.9228515625,"discounts":40051.57470703125,"margin":53.900001525878906,"discount_rate":30.100000381469727},{"store_clean":"Elevation Mesa","units":2200,"revenue":89430.625,"cost":40496.25,"profit":48934.375,"discounts":34331.875,"margin":54.70000076293945,"discount_rate":27.700000762939453},{"store_clean":"Elevation Boulevard","units":1742,"revenue":66689.599609375,"cost":32347.5,"profit":34342.099609375,"discounts":30077.900390625,"margin":51.5,"discount_rate":31.100000381469727},{"store_clean":"Elevation Parkway","units":1502,"revenue":56504.6484375,"cost":24197.5,"profit":32307.15087890625,"discounts":18595.350341796875,"margin":57.20000076293945,"discount_rate":24.799999237060547},{"store_clean":"Elevation Midtown","units":1192,"revenue":45893.22265625,"cost":19171.25,"profit":26721.97509765625,"discounts":13206.77490234375,"margin":58.20000076293945,"discount_rate":22.299999237060547}],"recommendations":[{"severity":"info","title":"VOLUME LEVERAGE","detail":"$199,981 revenue provides negotiating leverage.","action":"Use volume as leverage in next vendor meeting."}],"comparison":null}