{"brand":"RANGE","date_range":"2024-01-01 00:00:00 to 2026-01-31 00:00:00","period_label":"All Time","summary":{"total_units":792,"total_revenue":17392.774658203125,"total_cost":6657.5,"total_discounts":3952.2250366210938,"total_profit":10735.274658203125,"overall_margin":61.70000076293945,"fp_margin":68.9000015258789,"disc_margin":57.0,"pct_full_price":39.5,"avg_discount_rate":18.5,"fp_revenue":6877.5,"disc_revenue":10515.274658203125,"brand":"RANGE","date_range":"2024-01-01 00:00:00 to 2026-01-31 00:00:00","primary_category":"DISPOSABLE VAPE","store_coverage":"5/7","stores_present":["Elevation Springs","Elevation Mesa","Elevation Oasis","Elevation Midtown","Elevation Boulevard"],"stores_missing":["Elevation Downtown","Elevation Parkway"],"velocity_rank":33,"velocity_total":35},"distribution":[{"store":"Elevation Springs","carries_brand":true,"sku_count":18,"revenue":4994.3499755859375,"units":186,"store_total_revenue":51138750.0,"brand_share_pct":0.0},{"store":"Elevation Mesa","carries_brand":true,"sku_count":20,"revenue":4895.299987792969,"units":224,"store_total_revenue":47532240.0,"brand_share_pct":0.0},{"store":"Elevation Oasis","carries_brand":true,"sku_count":12,"revenue":885.4499816894531,"units":28,"store_total_revenue":56050145.0,"brand_share_pct":0.0},{"store":"Elevation Downtown","carries_brand":false,"sku_count":0,"revenue":0.0,"units":0,"store_total_revenue":1945237.1875,"brand_share_pct":0},{"store":"Elevation Midtown","carries_brand":true,"sku_count":20,"revenue":3157.9251098632812,"units":124,"store_total_revenue":30850185.0,"brand_share_pct":0.0},{"store":"Elevation Boulevard","carries_brand":true,"sku_count":18,"revenue":3459.749755859375,"units":230,"store_total_revenue":28757865.0,"brand_share_pct":0.0},{"store":"Elevation Parkway","carries_brand":false,"sku_count":0,"revenue":0.0,"units":0,"store_total_revenue":21987007.5,"brand_share_pct":0}],"share_of_category":[{"category":"DISPOSABLE VAPE","brand_revenue":5924.7998046875,"category_revenue":30552405.0,"revenue_share_pct":0.0,"brand_units":126,"category_units":756548,"units_share_pct":0.0},{"category":"PRE ROLL PACK","brand_revenue":4962.699890136719,"category_revenue":3903863.75,"revenue_share_pct":0.10000000149011612,"brand_units":494,"category_units":123714,"units_share_pct":0.4},{"category":"FLOWER","brand_revenue":4118.424987792969,"category_revenue":77755450.0,"revenue_share_pct":0.0,"brand_units":122,"category_units":2708446,"units_share_pct":0.0},{"category":"CARTRIDGE","brand_revenue":2386.8499755859375,"category_revenue":46155130.0,"revenue_share_pct":0.0,"brand_units":50,"category_units":1532896,"units_share_pct":0.0}],"share_of_category_trend":{"DISPOSABLE VAPE":[{"period":"2024-01","brand_revenue":0.0,"category_revenue":933474.921875,"share_pct":0.0},{"period":"2024-02","brand_revenue":0.0,"category_revenue":877782.109375,"share_pct":0.0},{"period":"2024-03","brand_revenue":0.0,"category_revenue":990692.03125,"share_pct":0.0},{"period":"2024-04","brand_revenue":0.0,"category_revenue":971952.1875,"share_pct":0.0},{"period":"2024-05","brand_revenue":0.0,"category_revenue":1035100.46875,"share_pct":0.0},{"period":"2024-06","brand_revenue":0.0,"category_revenue":1039794.21875,"share_pct":0.0},{"period":"2024-07","brand_revenue":0.0,"category_revenue":1081636.5625,"share_pct":0.0},{"period":"2024-08","brand_revenue":0.0,"category_revenue":1098658.125,"share_pct":0.0},{"period":"2024-09","brand_revenue":0.0,"category_revenue":1056394.53125,"share_pct":0.0},{"period":"2024-10","brand_revenue":0.0,"category_revenue":1197041.171875,"share_pct":0.0},{"period":"2024-11","brand_revenue":0.0,"category_revenue":1193980.234375,"share_pct":0.0},{"period":"2024-12","brand_revenue":0.0,"category_revenue":1222008.984375,"share_pct":0.0},{"period":"2025-01","brand_revenue":0.0,"category_revenue":1100552.421875,"share_pct":0.0},{"period":"2025-02","brand_revenue":0.0,"category_revenue":1167271.25,"share_pct":0.0},{"period":"2025-03","brand_revenue":0.0,"category_revenue":1348856.71875,"share_pct":0.0},{"period":"2025-04","brand_revenue":0.0,"category_revenue":1414639.84375,"share_pct":0.0},{"period":"2025-05","brand_revenue":0.0,"category_revenue":1460588.4375,"share_pct":0.0},{"period":"2025-06","brand_revenue":0.0,"category_revenue":1320852.96875,"share_pct":0.0},{"period":"2025-07","brand_revenue":0.0,"category_revenue":1451194.84375,"share_pct":0.0},{"period":"2025-08","brand_revenue":0.0,"category_revenue":1403520.625,"share_pct":0.0},{"period":"2025-09","brand_revenue":0.0,"category_revenue":1317518.125,"share_pct":0.0},{"period":"2025-10","brand_revenue":0.0,"category_revenue":1511693.75,"share_pct":0.0},{"period":"2025-11","brand_revenue":0.0,"category_revenue":1481709.21875,"share_pct":0.0},{"period":"2025-12","brand_revenue":0.0,"category_revenue":1476896.875,"share_pct":0.0},{"period":"2026-01","brand_revenue":5924.7998046875,"category_revenue":1398594.84375,"share_pct":0.4000000059604645}],"PRE ROLL PACK":[{"period":"2024-01","brand_revenue":0.0,"category_revenue":169271.89453125,"share_pct":0.0},{"period":"2024-02","brand_revenue":0.0,"category_revenue":174199.375,"share_pct":0.0},{"period":"2024-03","brand_revenue":0.0,"category_revenue":187083.0078125,"share_pct":0.0},{"period":"2024-04","brand_revenue":0.0,"category_revenue":179617.6171875,"share_pct":0.0},{"period":"2024-05","brand_revenue":0.0,"category_revenue":198875.703125,"share_pct":0.0},{"period":"2024-06","brand_revenue":0.0,"category_revenue":182181.42578125,"share_pct":0.0},{"period":"2024-07","brand_revenue":0.0,"category_revenue":189754.43359375,"share_pct":0.0},{"period":"2024-08","brand_revenue":0.0,"category_revenue":163466.5234375,"share_pct":0.0},{"period":"2024-09","brand_revenue":0.0,"category_revenue":145157.197265625,"share_pct":0.0},{"period":"2024-10","brand_revenue":0.0,"category_revenue":143902.822265625,"share_pct":0.0},{"period":"2024-11","brand_revenue":0.0,"category_revenue":169051.3671875,"share_pct":0.0},{"period":"2024-12","brand_revenue":0.0,"category_revenue":186738.92578125,"share_pct":0.0},{"period":"2025-01","brand_revenue":0.0,"category_revenue":222888.57421875,"share_pct":0.0},{"period":"2025-02","brand_revenue":0.0,"category_revenue":186213.06640625,"share_pct":0.0},{"period":"2025-03","brand_revenue":0.0,"category_revenue":195415.56640625,"share_pct":0.0},{"period":"2025-04","brand_revenue":0.0,"category_revenue":188683.2421875,"share_pct":0.0},{"period":"2025-05","brand_revenue":0.0,"category_revenue":231505.29296875,"share_pct":0.0},{"period":"2025-06","brand_revenue":0.0,"category_revenue":169830.2734375,"share_pct":0.0},{"period":"2025-07","brand_revenue":0.0,"category_revenue":130345.849609375,"share_pct":0.0},{"period":"2025-08","brand_revenue":0.0,"category_revenue":108797.099609375,"share_pct":0.0},{"period":"2025-09","brand_revenue":0.0,"category_revenue":99689.677734375,"share_pct":0.0},{"period":"2025-10","brand_revenue":0.0,"category_revenue":67141.8505859375,"share_pct":0.0},{"period":"2025-11","brand_revenue":0.0,"category_revenue":80167.7978515625,"share_pct":0.0},{"period":"2025-12","brand_revenue":0.0,"category_revenue":71818.3740234375,"share_pct":0.0},{"period":"2026-01","brand_revenue":4962.699890136719,"category_revenue":62066.826171875,"share_pct":8.0}],"FLOWER":[{"period":"2024-01","brand_revenue":0.0,"category_revenue":3552357.8125,"share_pct":0.0},{"period":"2024-02","brand_revenue":0.0,"category_revenue":3535245.625,"share_pct":0.0},{"period":"2024-03","brand_revenue":0.0,"category_revenue":3693805.625,"share_pct":0.0},{"period":"2024-04","brand_revenue":0.0,"category_revenue":3541899.6875,"share_pct":0.0},{"period":"2024-05","brand_revenue":0.0,"category_revenue":3537479.375,"share_pct":0.0},{"period":"2024-06","brand_revenue":0.0,"category_revenue":3403269.6875,"share_pct":0.0},{"period":"2024-07","brand_revenue":0.0,"category_revenue":3457705.9375,"share_pct":0.0},{"period":"2024-08","brand_revenue":0.0,"category_revenue":3453819.375,"share_pct":0.0},{"period":"2024-09","brand_revenue":0.0,"category_revenue":3316441.5625,"share_pct":0.0},{"period":"2024-10","brand_revenue":0.0,"category_revenue":3585775.0,"share_pct":0.0},{"period":"2024-11","brand_revenue":0.0,"category_revenue":3454855.3125,"share_pct":0.0},{"period":"2024-12","brand_revenue":0.0,"category_revenue":3226567.8125,"share_pct":0.0},{"period":"2025-01","brand_revenue":0.0,"category_revenue":2984938.125,"share_pct":0.0},{"period":"2025-02","brand_revenue":0.0,"category_revenue":2816220.0,"share_pct":0.0},{"period":"2025-03","brand_revenue":0.0,"category_revenue":2911379.6875,"share_pct":0.0},{"period":"2025-04","brand_revenue":0.0,"category_revenue":3118895.3125,"share_pct":0.0},{"period":"2025-05","brand_revenue":0.0,"category_revenue":2887345.0,"share_pct":0.0},{"period":"2025-06","brand_revenue":0.0,"category_revenue":2773698.125,"share_pct":0.0},{"period":"2025-07","brand_revenue":0.0,"category_revenue":2782763.125,"share_pct":0.0},{"period":"2025-08","brand_revenue":0.0,"category_revenue":2733122.8125,"share_pct":0.0},{"period":"2025-09","brand_revenue":0.0,"category_revenue":2603501.5625,"share_pct":0.0},{"period":"2025-10","brand_revenue":0.0,"category_revenue":2663705.0,"share_pct":0.0},{"period":"2025-11","brand_revenue":0.0,"category_revenue":2700189.0625,"share_pct":0.0},{"period":"2025-12","brand_revenue":0.0,"category_revenue":2515209.53125,"share_pct":0.0},{"period":"2026-01","brand_revenue":4118.424987792969,"category_revenue":2505261.875,"share_pct":0.20000000298023224}],"CARTRIDGE":[{"period":"2024-01","brand_revenue":0.0,"category_revenue":2057675.625,"share_pct":0.0},{"period":"2024-02","brand_revenue":0.0,"category_revenue":2141777.8125,"share_pct":0.0},{"period":"2024-03","brand_revenue":0.0,"category_revenue":2288552.1875,"share_pct":0.0},{"period":"2024-04","brand_revenue":0.0,"category_revenue":2096820.46875,"share_pct":0.0},{"period":"2024-05","brand_revenue":0.0,"category_revenue":2138038.59375,"share_pct":0.0},{"period":"2024-06","brand_revenue":0.0,"category_revenue":2017623.90625,"share_pct":0.0},{"period":"2024-07","brand_revenue":0.0,"category_revenue":2031918.28125,"share_pct":0.0},{"period":"2024-08","brand_revenue":0.0,"category_revenue":2132382.65625,"share_pct":0.0},{"period":"2024-09","brand_revenue":0.0,"category_revenue":1955407.03125,"share_pct":0.0},{"period":"2024-10","brand_revenue":0.0,"category_revenue":2083993.125,"share_pct":0.0},{"period":"2024-11","brand_revenue":0.0,"category_revenue":2038609.375,"share_pct":0.0},{"period":"2024-12","brand_revenue":0.0,"category_revenue":2003932.03125,"share_pct":0.0},{"period":"2025-01","brand_revenue":0.0,"category_revenue":1921719.21875,"share_pct":0.0},{"period":"2025-02","brand_revenue":0.0,"category_revenue":1668647.5,"share_pct":0.0},{"period":"2025-03","brand_revenue":0.0,"category_revenue":1758711.25,"share_pct":0.0},{"period":"2025-04","brand_revenue":0.0,"category_revenue":1735997.5,"share_pct":0.0},{"period":"2025-05","brand_revenue":0.0,"category_revenue":1688800.46875,"share_pct":0.0},{"period":"2025-06","brand_revenue":0.0,"category_revenue":1594515.0,"share_pct":0.0},{"period":"2025-07","brand_revenue":0.0,"category_revenue":1595739.53125,"share_pct":0.0},{"period":"2025-08","brand_revenue":0.0,"category_revenue":1677489.6875,"share_pct":0.0},{"period":"2025-09","brand_revenue":0.0,"category_revenue":1539547.96875,"share_pct":0.0},{"period":"2025-10","brand_revenue":0.0,"category_revenue":1548909.21875,"share_pct":0.0},{"period":"2025-11","brand_revenue":0.0,"category_revenue":1545430.15625,"share_pct":0.0},{"period":"2025-12","brand_revenue":0.0,"category_revenue":1467828.28125,"share_pct":0.0},{"period":"2026-01","brand_revenue":2386.8499755859375,"category_revenue":1425064.0625,"share_pct":0.20000000298023224}]},"velocity_by_category":[{"category":"PRE ROLL PACK","brand_units_per_day":0.64,"category_avg_units_per_day":11.6,"velocity_index":5.6,"brand_rev_per_unit":8.04,"category_rev_per_unit":25.24,"brands_in_category":14},{"category":"DISPOSABLE VAPE","brand_units_per_day":0.16,"category_avg_units_per_day":28.36,"velocity_index":0.6,"brand_rev_per_unit":37.62,"category_rev_per_unit":32.31,"brands_in_category":35},{"category":"FLOWER","brand_units_per_day":0.16,"category_avg_units_per_day":55.54,"velocity_index":0.3,"brand_rev_per_unit":27.01,"category_rev_per_unit":22.97,"brands_in_category":64},{"category":"CARTRIDGE","brand_units_per_day":0.06,"category_avg_units_per_day":74.5,"velocity_index":0.1,"brand_rev_per_unit":38.19,"category_rev_per_unit":24.09,"brands_in_category":27}],"store_gaps":[{"store":"Elevation Oasis","category":"FLOWER","category_revenue_at_store":18965980.0,"opportunity":"Category not carried at this store"},{"store":"Elevation Parkway","category":"DISPOSABLE VAPE","category_revenue_at_store":4718422.1875,"opportunity":"Brand not carried"},{"store":"Elevation Parkway","category":"FLOWER","category_revenue_at_store":4297298.125,"opportunity":"Brand not carried"},{"store":"Elevation Parkway","category":"CARTRIDGE","category_revenue_at_store":2797507.5,"opportunity":"Brand not carried"},{"store":"Elevation Parkway","category":"PRE ROLL PACK","category_revenue_at_store":729280.703125,"opportunity":"Brand not carried"},{"store":"Elevation Downtown","category":"DISPOSABLE VAPE","category_revenue_at_store":386406.2890625,"opportunity":"Brand not carried"},{"store":"Elevation Downtown","category":"FLOWER","category_revenue_at_store":324929.8828125,"opportunity":"Brand not carried"},{"store":"Elevation Downtown","category":"CARTRIDGE","category_revenue_at_store":190494.43359375,"opportunity":"Brand not carried"},{"store":"Elevation Downtown","category":"PRE ROLL PACK","category_revenue_at_store":74783.623046875,"opportunity":"Brand not carried"}],"product_mix":{"top":[{"product":"CADILLAC RAINBOWS ROSIN DISPOSABLE - RANGE","units":76,"revenue":3504.375,"cost":1377.5,"profit":2126.875,"stores":4,"transactions":76,"margin":60.70000076293945},{"product":"CADILLAC RAINBOWS 2 PK PRE ROLL - RANGE","units":274,"revenue":2814.949951171875,"cost":1027.5,"profit":1787.449951171875,"stores":5,"transactions":224,"margin":63.5},{"product":"SUB ZERO ROSIN DISPOSABLE - RANGE","units":50,"revenue":2420.4249572753906,"cost":906.25,"profit":1514.1749572753906,"stores":5,"transactions":48,"margin":62.599998474121094},{"product":"DULCE DE UVA EIGHTH - RANGE","units":60,"revenue":2048.4249877929688,"cost":825.0,"profit":1223.4249877929688,"stores":4,"transactions":54,"margin":59.70000076293945},{"product":"GYPSY ROAD EIGHTH - RANGE","units":40,"revenue":1338.75,"cost":550.0,"profit":788.75,"stores":3,"transactions":30,"margin":58.900001525878906},{"product":"SUB ZERO ROSIN CART - RANGE","units":26,"revenue":1210.2999877929688,"cost":438.75,"profit":771.5499877929688,"stores":5,"transactions":24,"margin":63.70000076293945},{"product":"GARLIC ICING 2 PK PRE ROLL - RANGE","units":130,"revenue":1198.2499694824219,"cost":487.5,"profit":710.7499694824219,"stores":5,"transactions":100,"margin":59.29999923706055},{"product":"GYPSY ROAD ROSIN CART - RANGE","units":24,"revenue":1176.5499877929688,"cost":405.0,"profit":771.5499877929688,"stores":4,"transactions":22,"margin":65.5999984741211},{"product":"GYPSY ROAD 2 PK PRE ROLL - RANGE","units":90,"revenue":949.4999694824219,"cost":337.5,"profit":612.0000076293945,"stores":5,"transactions":80,"margin":64.5},{"product":"JOKER JUICE EIGHTH - RANGE","units":22,"revenue":731.25,"cost":302.5,"profit":428.75,"stores":4,"transactions":22,"margin":58.599998474121094}],"bottom":[],"expansion":[{"product":"CADILLAC RAINBOWS ROSIN DISPOSABLE - RANGE","current_stores":4,"total_stores":5,"missing_stores":["Elevation Oasis"],"revenue":3504.375},{"product":"DULCE DE UVA EIGHTH - RANGE","current_stores":4,"total_stores":5,"missing_stores":["Elevation Oasis"],"revenue":2048.4249877929688},{"product":"GYPSY ROAD EIGHTH - RANGE","current_stores":3,"total_stores":5,"missing_stores":["Elevation Springs","Elevation Oasis"],"revenue":1338.75},{"product":"GYPSY ROAD ROSIN CART - RANGE","current_stores":4,"total_stores":5,"missing_stores":["Elevation Boulevard"],"revenue":1176.5499877929688},{"product":"JOKER JUICE EIGHTH - RANGE","current_stores":4,"total_stores":5,"missing_stores":["Elevation Oasis"],"revenue":731.25}]},"pricing_consistency":[{"product":"GARLIC ICING 2 PK PRE ROLL - RANGE","min_price":17.5,"max_price":25.0,"avg_price":19.850777655707464,"std_dev":1.3247777687099036,"store_count":10,"price_range":7.5,"range_pct":37.8},{"product":"DULCE DE UVA EIGHTH - RANGE","min_price":60.21406173706055,"max_price":87.5,"avg_price":74.82695293426514,"std_dev":4.669210372815339,"store_count":8,"price_range":27.285938262939453,"range_pct":36.5},{"product":"SUB ZERO ROSIN CART - RANGE","min_price":78.75,"max_price":112.5,"avg_price":93.28666585286459,"std_dev":5.264289139093187,"store_count":10,"price_range":33.75,"range_pct":36.2},{"product":"JOKER JUICE EIGHTH - RANGE","min_price":55.0,"max_price":78.75,"avg_price":67.34375,"std_dev":3.8843972076329507,"store_count":8,"price_range":23.75,"range_pct":35.3},{"product":"CADILLAC RAINBOWS 2 PK PRE ROLL - RANGE","min_price":16.975,"max_price":24.21428571428571,"avg_price":21.41969058808826,"std_dev":1.1012261400381411,"store_count":10,"price_range":7.239285714285712,"range_pct":33.8},{"product":"SUB ZERO ROSIN DISPOSABLE - RANGE","min_price":78.75,"max_price":104.0625,"avg_price":94.56699981689454,"std_dev":4.125203411467895,"store_count":10,"price_range":25.3125,"range_pct":26.8},{"product":"GYPSY ROAD ROSIN CART - RANGE","min_price":90.0,"max_price":112.5,"avg_price":102.46041615804037,"std_dev":4.704005856482233,"store_count":8,"price_range":22.5,"range_pct":22.0},{"product":"GYPSY ROAD EIGHTH - RANGE","min_price":63.75,"max_price":78.75,"avg_price":71.5625,"std_dev":3.0078023538789913,"store_count":6,"price_range":15.0,"range_pct":21.0},{"product":"CADILLAC RAINBOWS ROSIN DISPOSABLE - RANGE","min_price":82.5,"max_price":101.25,"avg_price":91.51654411764707,"std_dev":3.782879217343635,"store_count":8,"price_range":18.75,"range_pct":20.5},{"product":"GYPSY ROAD 2 PK PRE ROLL - RANGE","min_price":19.486111534966362,"max_price":23.0,"avg_price":21.60436516413613,"std_dev":0.5845811542944026,"store_count":10,"price_range":3.5138884650336344,"range_pct":16.3}],"promotional_effectiveness":{"lift":{"fp_units_per_day":22.16,"disc_units_per_day":43.84,"lift_pct":97.7,"fp_avg_revenue_per_unit":51.7,"disc_avg_revenue_per_unit":39.975},"by_deal":[{"deal_name":"30% Off Special","uses":64,"revenue":1373.7500071525574,"discounts":588.7500017881393,"units":160.0,"cost":600.0,"margin":56.3,"discount_depth":60.0},{"deal_name":"Industry 30% Off","uses":54,"revenue":3811.962502002716,"discounts":1639.2875003814697,"units":139.0,"cost":1711.25,"margin":55.1,"discount_depth":60.2},{"deal_name":"Employee 30% - NOT FRIDAYS","uses":12,"revenue":433.87500047683716,"discounts":194.8750001192093,"units":33.0,"cost":193.75,"margin":55.3,"discount_depth":62.0},{"deal_name":"Employee - 40% OFF","uses":9,"revenue":435.0,"discounts":290.0,"units":24.0,"cost":225.0,"margin":48.3,"discount_depth":80.0},{"deal_name":"Veterans - 10% Off","uses":9,"revenue":590.6624984741211,"discounts":78.08750003576279,"units":21.0,"cost":210.625,"margin":64.3,"discount_depth":23.4},{"deal_name":"35% Off Special","uses":7,"revenue":162.5,"discounts":87.5,"units":20.0,"cost":75.0,"margin":53.8,"discount_depth":70.0},{"deal_name":"Senior - 10% Off","uses":6,"revenue":360.0,"discounts":40.0,"units":18.0,"cost":125.0,"margin":65.3,"discount_depth":20.0},{"deal_name":"Senior / Veterans - 20% Off","uses":4,"revenue":100.0,"discounts":25.0,"units":10.0,"cost":37.5,"margin":62.5,"discount_depth":40.0},{"deal_name":"Store Credit - $15","uses":2,"revenue":239.97499465942383,"discounts":28.774999976158142,"units":5.0,"cost":81.25,"margin":66.1,"discount_depth":21.4},{"deal_name":"Store Credit - $25","uses":2,"revenue":66.92499876022339,"discounts":33.075000047683716,"units":2.0,"cost":31.875,"margin":52.4,"discount_depth":66.2},{"deal_name":"Jackpot - Locals 30% Off","uses":1,"revenue":35.0,"discounts":15.0,"units":4.0,"cost":15.0,"margin":57.1,"discount_depth":60.0},{"deal_name":"LVAC - 25% Off","uses":1,"revenue":18.75,"discounts":6.25,"units":2.0,"cost":7.5,"margin":60.0,"discount_depth":50.0},{"deal_name":"Medical - 10%","uses":1,"revenue":202.5,"discounts":22.5,"units":4.0,"cost":72.5,"margin":64.2,"discount_depth":20.0}]},"growth_opportunities":[{"type":"distribution","title":"Expand to Elevation Downtown","detail":"Store has $390,646 in CARTRIDGE, DISPOSABLE VAPE, FLOWER, PRE ROLL PACK \u2014 categories where RANGE competes.","priority":"high"},{"type":"distribution","title":"Expand to Elevation Parkway","detail":"Store has $5,017,004 in CARTRIDGE, DISPOSABLE VAPE, FLOWER, PRE ROLL PACK \u2014 categories where RANGE competes.","priority":"high"},{"type":"sku_expansion","title":"Add 'CADILLAC RAINBOWS ROSIN DISPOSABLE - RANGE' to 1 more store(s)","detail":"Carried in 4 stores. Missing from: Elevation Oasis","priority":"medium"},{"type":"sku_expansion","title":"Add 'DULCE DE UVA EIGHTH - RANGE' to 1 more store(s)","detail":"Carried in 4 stores. Missing from: Elevation Oasis","priority":"medium"},{"type":"sku_expansion","title":"Add 'GYPSY ROAD EIGHTH - RANGE' to 2 more store(s)","detail":"Carried in 3 stores. Missing from: Elevation Springs, Elevation Oasis","priority":"medium"},{"type":"sku_expansion","title":"Add 'GYPSY ROAD ROSIN CART - RANGE' to 1 more store(s)","detail":"Carried in 4 stores. Missing from: Elevation Boulevard","priority":"medium"},{"type":"sku_expansion","title":"Add 'JOKER JUICE EIGHTH - RANGE' to 1 more store(s)","detail":"Carried in 4 stores. Missing from: Elevation Oasis","priority":"medium"},{"type":"velocity","title":"Improve velocity in PRE ROLL PACK","detail":"Velocity index 6 (below category average). 0.3 units/day vs 5.8 avg.","priority":"medium"},{"type":"velocity","title":"Improve velocity in DISPOSABLE VAPE","detail":"Velocity index 1 (below category average). 0.1 units/day vs 14.2 avg.","priority":"medium"},{"type":"velocity","title":"Improve velocity in FLOWER","detail":"Velocity index 0 (below category average). 0.1 units/day vs 27.8 avg.","priority":"medium"},{"type":"velocity","title":"Improve velocity in CARTRIDGE","detail":"Velocity index 0 (below category average). 0.0 units/day vs 37.2 avg.","priority":"medium"}],"trend":[{"period":"2026-01","revenue":17392.774658203125,"cost":6657.5,"margin":61.7,"units":792,"transactions":598,"profit":10735.274658203125,"revenue_change_pct":null,"units_change_pct":null,"margin_change_pts":null}]}