{"brand":"RANGE","date_range":"2024-01-01 00:00:00 to 2026-01-31 00:00:00","period_label":"All Time","summary":{"total_units":792,"total_revenue":17392.774658203125,"total_cost":6657.5,"total_discounts":3952.2250366210938,"total_profit":10735.274658203125,"overall_margin":61.70000076293945,"fp_margin":68.9000015258789,"disc_margin":57.0,"pct_full_price":39.5,"avg_discount_rate":18.5,"fp_revenue":6877.5,"disc_revenue":10515.274658203125,"unique_customers":544,"brand":"RANGE","date_range":"2024-01-01 00:00:00 to 2026-01-31 00:00:00","months_count":2,"avg_monthly_cost":6657.5,"cost_per_unit":16.8,"primary_category":"DISPOSABLE VAPE","primary_cat_margin":52.79999923706055,"category_rank":34,"category_total":35,"margin_vs_category":8.899999618530273,"velocity_rank":33},"category_breakdown":[{"category_clean":"DISPOSABLE VAPE","units":126,"revenue":5924.7998046875,"cost":2283.75,"profit":3641.0501098632812,"discounts":1162.699966430664,"margin":61.5,"category_avg_margin":52.79999923706055,"vs_category":8.7,"rank":34.0,"total_brands":35.0},{"category_clean":"PRE ROLL PACK","units":494,"revenue":4962.699890136719,"cost":1852.5,"profit":3110.1998901367188,"discounts":1144.800033569336,"margin":62.70000076293945,"category_avg_margin":54.5,"vs_category":8.2,"rank":13.0,"total_brands":14.0},{"category_clean":"FLOWER","units":122,"revenue":4118.424987792969,"cost":1677.5,"profit":2440.9249877929688,"discounts":1219.0750122070312,"margin":59.29999923706055,"category_avg_margin":54.099998474121094,"vs_category":5.2,"rank":58.0,"total_brands":64.0},{"category_clean":"CARTRIDGE","units":50,"revenue":2386.8499755859375,"cost":843.75,"profit":1543.0999755859375,"discounts":425.64998626708984,"margin":64.69999694824219,"category_avg_margin":50.400001525878906,"vs_category":14.3,"rank":27.0,"total_brands":27.0}],"trend":[{"period":"2026-01","revenue":17392.774658203125,"cost":6657.5,"margin":61.7,"units":792,"transactions":598,"profit":10735.274658203125,"revenue_change_pct":null,"units_change_pct":null,"margin_change_pts":null}],"share_of_category":[{"category":"DISPOSABLE VAPE","brand_revenue":5924.7998046875,"category_revenue":30552405.0,"revenue_share_pct":0.0,"brand_units":126,"category_units":756548,"units_share_pct":0.0},{"category":"PRE ROLL PACK","brand_revenue":4962.699890136719,"category_revenue":3903863.75,"revenue_share_pct":0.10000000149011612,"brand_units":494,"category_units":123714,"units_share_pct":0.4},{"category":"FLOWER","brand_revenue":4118.424987792969,"category_revenue":77755450.0,"revenue_share_pct":0.0,"brand_units":122,"category_units":2708446,"units_share_pct":0.0},{"category":"CARTRIDGE","brand_revenue":2386.8499755859375,"category_revenue":46155130.0,"revenue_share_pct":0.0,"brand_units":50,"category_units":1532896,"units_share_pct":0.0}],"share_of_category_trend":{"DISPOSABLE VAPE":[{"period":"2024-01","brand_revenue":0.0,"category_revenue":933474.921875,"share_pct":0.0},{"period":"2024-02","brand_revenue":0.0,"category_revenue":877782.109375,"share_pct":0.0},{"period":"2024-03","brand_revenue":0.0,"category_revenue":990692.03125,"share_pct":0.0},{"period":"2024-04","brand_revenue":0.0,"category_revenue":971952.1875,"share_pct":0.0},{"period":"2024-05","brand_revenue":0.0,"category_revenue":1035100.46875,"share_pct":0.0},{"period":"2024-06","brand_revenue":0.0,"category_revenue":1039794.21875,"share_pct":0.0},{"period":"2024-07","brand_revenue":0.0,"category_revenue":1081636.5625,"share_pct":0.0},{"period":"2024-08","brand_revenue":0.0,"category_revenue":1098658.125,"share_pct":0.0},{"period":"2024-09","brand_revenue":0.0,"category_revenue":1056394.53125,"share_pct":0.0},{"period":"2024-10","brand_revenue":0.0,"category_revenue":1197041.171875,"share_pct":0.0},{"period":"2024-11","brand_revenue":0.0,"category_revenue":1193980.234375,"share_pct":0.0},{"period":"2024-12","brand_revenue":0.0,"category_revenue":1222008.984375,"share_pct":0.0},{"period":"2025-01","brand_revenue":0.0,"category_revenue":1100552.421875,"share_pct":0.0},{"period":"2025-02","brand_revenue":0.0,"category_revenue":1167271.25,"share_pct":0.0},{"period":"2025-03","brand_revenue":0.0,"category_revenue":1348856.71875,"share_pct":0.0},{"period":"2025-04","brand_revenue":0.0,"category_revenue":1414639.84375,"share_pct":0.0},{"period":"2025-05","brand_revenue":0.0,"category_revenue":1460588.4375,"share_pct":0.0},{"period":"2025-06","brand_revenue":0.0,"category_revenue":1320852.96875,"share_pct":0.0},{"period":"2025-07","brand_revenue":0.0,"category_revenue":1451194.84375,"share_pct":0.0},{"period":"2025-08","brand_revenue":0.0,"category_revenue":1403520.625,"share_pct":0.0},{"period":"2025-09","brand_revenue":0.0,"category_revenue":1317518.125,"share_pct":0.0},{"period":"2025-10","brand_revenue":0.0,"category_revenue":1511693.75,"share_pct":0.0},{"period":"2025-11","brand_revenue":0.0,"category_revenue":1481709.21875,"share_pct":0.0},{"period":"2025-12","brand_revenue":0.0,"category_revenue":1476896.875,"share_pct":0.0},{"period":"2026-01","brand_revenue":5924.7998046875,"category_revenue":1398594.84375,"share_pct":0.4000000059604645}],"PRE ROLL PACK":[{"period":"2024-01","brand_revenue":0.0,"category_revenue":169271.89453125,"share_pct":0.0},{"period":"2024-02","brand_revenue":0.0,"category_revenue":174199.375,"share_pct":0.0},{"period":"2024-03","brand_revenue":0.0,"category_revenue":187083.0078125,"share_pct":0.0},{"period":"2024-04","brand_revenue":0.0,"category_revenue":179617.6171875,"share_pct":0.0},{"period":"2024-05","brand_revenue":0.0,"category_revenue":198875.703125,"share_pct":0.0},{"period":"2024-06","brand_revenue":0.0,"category_revenue":182181.42578125,"share_pct":0.0},{"period":"2024-07","brand_revenue":0.0,"category_revenue":189754.43359375,"share_pct":0.0},{"period":"2024-08","brand_revenue":0.0,"category_revenue":163466.5234375,"share_pct":0.0},{"period":"2024-09","brand_revenue":0.0,"category_revenue":145157.197265625,"share_pct":0.0},{"period":"2024-10","brand_revenue":0.0,"category_revenue":143902.822265625,"share_pct":0.0},{"period":"2024-11","brand_revenue":0.0,"category_revenue":169051.3671875,"share_pct":0.0},{"period":"2024-12","brand_revenue":0.0,"category_revenue":186738.92578125,"share_pct":0.0},{"period":"2025-01","brand_revenue":0.0,"category_revenue":222888.57421875,"share_pct":0.0},{"period":"2025-02","brand_revenue":0.0,"category_revenue":186213.06640625,"share_pct":0.0},{"period":"2025-03","brand_revenue":0.0,"category_revenue":195415.56640625,"share_pct":0.0},{"period":"2025-04","brand_revenue":0.0,"category_revenue":188683.2421875,"share_pct":0.0},{"period":"2025-05","brand_revenue":0.0,"category_revenue":231505.29296875,"share_pct":0.0},{"period":"2025-06","brand_revenue":0.0,"category_revenue":169830.2734375,"share_pct":0.0},{"period":"2025-07","brand_revenue":0.0,"category_revenue":130345.849609375,"share_pct":0.0},{"period":"2025-08","brand_revenue":0.0,"category_revenue":108797.099609375,"share_pct":0.0},{"period":"2025-09","brand_revenue":0.0,"category_revenue":99689.677734375,"share_pct":0.0},{"period":"2025-10","brand_revenue":0.0,"category_revenue":67141.8505859375,"share_pct":0.0},{"period":"2025-11","brand_revenue":0.0,"category_revenue":80167.7978515625,"share_pct":0.0},{"period":"2025-12","brand_revenue":0.0,"category_revenue":71818.3740234375,"share_pct":0.0},{"period":"2026-01","brand_revenue":4962.699890136719,"category_revenue":62066.826171875,"share_pct":8.0}],"FLOWER":[{"period":"2024-01","brand_revenue":0.0,"category_revenue":3552357.8125,"share_pct":0.0},{"period":"2024-02","brand_revenue":0.0,"category_revenue":3535245.625,"share_pct":0.0},{"period":"2024-03","brand_revenue":0.0,"category_revenue":3693805.625,"share_pct":0.0},{"period":"2024-04","brand_revenue":0.0,"category_revenue":3541899.6875,"share_pct":0.0},{"period":"2024-05","brand_revenue":0.0,"category_revenue":3537479.375,"share_pct":0.0},{"period":"2024-06","brand_revenue":0.0,"category_revenue":3403269.6875,"share_pct":0.0},{"period":"2024-07","brand_revenue":0.0,"category_revenue":3457705.9375,"share_pct":0.0},{"period":"2024-08","brand_revenue":0.0,"category_revenue":3453819.375,"share_pct":0.0},{"period":"2024-09","brand_revenue":0.0,"category_revenue":3316441.5625,"share_pct":0.0},{"period":"2024-10","brand_revenue":0.0,"category_revenue":3585775.0,"share_pct":0.0},{"period":"2024-11","brand_revenue":0.0,"category_revenue":3454855.3125,"share_pct":0.0},{"period":"2024-12","brand_revenue":0.0,"category_revenue":3226567.8125,"share_pct":0.0},{"period":"2025-01","brand_revenue":0.0,"category_revenue":2984938.125,"share_pct":0.0},{"period":"2025-02","brand_revenue":0.0,"category_revenue":2816220.0,"share_pct":0.0},{"period":"2025-03","brand_revenue":0.0,"category_revenue":2911379.6875,"share_pct":0.0},{"period":"2025-04","brand_revenue":0.0,"category_revenue":3118895.3125,"share_pct":0.0},{"period":"2025-05","brand_revenue":0.0,"category_revenue":2887345.0,"share_pct":0.0},{"period":"2025-06","brand_revenue":0.0,"category_revenue":2773698.125,"share_pct":0.0},{"period":"2025-07","brand_revenue":0.0,"category_revenue":2782763.125,"share_pct":0.0},{"period":"2025-08","brand_revenue":0.0,"category_revenue":2733122.8125,"share_pct":0.0},{"period":"2025-09","brand_revenue":0.0,"category_revenue":2603501.5625,"share_pct":0.0},{"period":"2025-10","brand_revenue":0.0,"category_revenue":2663705.0,"share_pct":0.0},{"period":"2025-11","brand_revenue":0.0,"category_revenue":2700189.0625,"share_pct":0.0},{"period":"2025-12","brand_revenue":0.0,"category_revenue":2515209.53125,"share_pct":0.0},{"period":"2026-01","brand_revenue":4118.424987792969,"category_revenue":2505261.875,"share_pct":0.20000000298023224}],"CARTRIDGE":[{"period":"2024-01","brand_revenue":0.0,"category_revenue":2057675.625,"share_pct":0.0},{"period":"2024-02","brand_revenue":0.0,"category_revenue":2141777.8125,"share_pct":0.0},{"period":"2024-03","brand_revenue":0.0,"category_revenue":2288552.1875,"share_pct":0.0},{"period":"2024-04","brand_revenue":0.0,"category_revenue":2096820.46875,"share_pct":0.0},{"period":"2024-05","brand_revenue":0.0,"category_revenue":2138038.59375,"share_pct":0.0},{"period":"2024-06","brand_revenue":0.0,"category_revenue":2017623.90625,"share_pct":0.0},{"period":"2024-07","brand_revenue":0.0,"category_revenue":2031918.28125,"share_pct":0.0},{"period":"2024-08","brand_revenue":0.0,"category_revenue":2132382.65625,"share_pct":0.0},{"period":"2024-09","brand_revenue":0.0,"category_revenue":1955407.03125,"share_pct":0.0},{"period":"2024-10","brand_revenue":0.0,"category_revenue":2083993.125,"share_pct":0.0},{"period":"2024-11","brand_revenue":0.0,"category_revenue":2038609.375,"share_pct":0.0},{"period":"2024-12","brand_revenue":0.0,"category_revenue":2003932.03125,"share_pct":0.0},{"period":"2025-01","brand_revenue":0.0,"category_revenue":1921719.21875,"share_pct":0.0},{"period":"2025-02","brand_revenue":0.0,"category_revenue":1668647.5,"share_pct":0.0},{"period":"2025-03","brand_revenue":0.0,"category_revenue":1758711.25,"share_pct":0.0},{"period":"2025-04","brand_revenue":0.0,"category_revenue":1735997.5,"share_pct":0.0},{"period":"2025-05","brand_revenue":0.0,"category_revenue":1688800.46875,"share_pct":0.0},{"period":"2025-06","brand_revenue":0.0,"category_revenue":1594515.0,"share_pct":0.0},{"period":"2025-07","brand_revenue":0.0,"category_revenue":1595739.53125,"share_pct":0.0},{"period":"2025-08","brand_revenue":0.0,"category_revenue":1677489.6875,"share_pct":0.0},{"period":"2025-09","brand_revenue":0.0,"category_revenue":1539547.96875,"share_pct":0.0},{"period":"2025-10","brand_revenue":0.0,"category_revenue":1548909.21875,"share_pct":0.0},{"period":"2025-11","brand_revenue":0.0,"category_revenue":1545430.15625,"share_pct":0.0},{"period":"2025-12","brand_revenue":0.0,"category_revenue":1467828.28125,"share_pct":0.0},{"period":"2026-01","brand_revenue":2386.8499755859375,"category_revenue":1425064.0625,"share_pct":0.20000000298023224}]},"discount_depth":[{"tier":"0% (Full Price)","transactions":242,"pct_of_transactions":35.6,"revenue":6877.5,"avg_discount":0.0},{"tier":"1-10%","transactions":52,"pct_of_transactions":7.6,"revenue":1970.5999755859375,"avg_discount":19.200000762939453},{"tier":"11-20%","transactions":22,"pct_of_transactions":3.2,"revenue":511.6999816894531,"avg_discount":38.79999923706055},{"tier":"21-30%","transactions":8,"pct_of_transactions":1.2,"revenue":202.29999542236328,"avg_discount":51.79999923706055},{"tier":"31%+","transactions":42,"pct_of_transactions":6.2,"revenue":722.1749877929688,"avg_discount":79.80000305175781}],"velocity":{"units_per_day":66.0,"revenue_per_day":1449.4000244140625,"avg_units_per_txn":2.64,"days_of_data":12,"total_units":792,"total_transactions":598},"velocity_by_category":[{"category":"PRE ROLL PACK","brand_units_per_day":0.64,"category_avg_units_per_day":11.6,"velocity_index":5.6,"brand_rev_per_unit":8.04,"category_rev_per_unit":25.24,"brands_in_category":14},{"category":"DISPOSABLE VAPE","brand_units_per_day":0.16,"category_avg_units_per_day":28.36,"velocity_index":0.6,"brand_rev_per_unit":37.62,"category_rev_per_unit":32.31,"brands_in_category":35},{"category":"FLOWER","brand_units_per_day":0.16,"category_avg_units_per_day":55.54,"velocity_index":0.3,"brand_rev_per_unit":27.01,"category_rev_per_unit":22.97,"brands_in_category":64},{"category":"CARTRIDGE","brand_units_per_day":0.06,"category_avg_units_per_day":74.5,"velocity_index":0.1,"brand_rev_per_unit":38.19,"category_rev_per_unit":24.09,"brands_in_category":27}],"deals":[{"deal_name":"30% Off Special","times_used":128,"units":160.0,"revenue":1373.7500071525574,"discounts":588.7500017881393,"cost":600.0,"profit":773.7499982118607,"pre_discount_revenue":1962.5,"margin":56.3,"avg_discount":60.0},{"deal_name":"Industry 30% Off","times_used":108,"units":139.0,"revenue":3811.962502002716,"discounts":1639.2875003814697,"cost":1711.25,"profit":2100.7124996185303,"pre_discount_revenue":5451.25,"margin":55.1,"avg_discount":60.2},{"deal_name":"Employee 30% - NOT FRIDAYS","times_used":24,"units":33.0,"revenue":433.87500047683716,"discounts":194.8750001192093,"cost":193.75,"profit":240.1249998807907,"pre_discount_revenue":628.75,"margin":55.3,"avg_discount":62.0},{"deal_name":"Employee - 40% OFF","times_used":18,"units":24.0,"revenue":435.0,"discounts":290.0,"cost":225.0,"profit":210.0,"pre_discount_revenue":725.0,"margin":48.3,"avg_discount":80.0},{"deal_name":"Veterans - 10% Off","times_used":18,"units":21.0,"revenue":590.6624984741211,"discounts":78.08750003576279,"cost":210.625,"profit":380.037499666214,"pre_discount_revenue":668.75,"margin":64.3,"avg_discount":23.4},{"deal_name":"35% Off Special","times_used":14,"units":20.0,"revenue":162.5,"discounts":87.5,"cost":75.0,"profit":87.5,"pre_discount_revenue":250.0,"margin":53.8,"avg_discount":70.0},{"deal_name":"Senior - 10% Off","times_used":12,"units":18.0,"revenue":360.0,"discounts":40.0,"cost":125.0,"profit":235.0,"pre_discount_revenue":400.0,"margin":65.3,"avg_discount":20.0},{"deal_name":"Senior / Veterans - 20% Off","times_used":8,"units":10.0,"revenue":100.0,"discounts":25.0,"cost":37.5,"profit":62.5,"pre_discount_revenue":125.0,"margin":62.5,"avg_discount":40.0},{"deal_name":"Store Credit - $15","times_used":4,"units":5.0,"revenue":239.97499465942383,"discounts":28.774999976158142,"cost":81.25,"profit":158.725004196167,"pre_discount_revenue":268.75,"margin":66.1,"avg_discount":21.4},{"deal_name":"Store Credit - $25","times_used":4,"units":2.0,"revenue":66.92499876022339,"discounts":33.075000047683716,"cost":31.875,"profit":35.049999952316284,"pre_discount_revenue":100.0,"margin":52.4,"avg_discount":66.2},{"deal_name":"Jackpot - Locals 30% Off","times_used":2,"units":4.0,"revenue":35.0,"discounts":15.0,"cost":15.0,"profit":20.0,"pre_discount_revenue":50.0,"margin":57.1,"avg_discount":60.0},{"deal_name":"LVAC - 25% Off","times_used":2,"units":2.0,"revenue":18.75,"discounts":6.25,"cost":7.5,"profit":11.25,"pre_discount_revenue":25.0,"margin":60.0,"avg_discount":50.0},{"deal_name":"Medical - 10%","times_used":2,"units":4.0,"revenue":202.5,"discounts":22.5,"cost":72.5,"profit":130.0,"pre_discount_revenue":225.0,"margin":64.2,"avg_discount":20.0}],"top_products":[{"product":"CADILLAC RAINBOWS ROSIN DISPOSABLE - RANGE","units":76,"revenue":3504.375,"cost":1377.5,"profit":2126.875,"transactions":76,"margin":60.70000076293945},{"product":"CADILLAC RAINBOWS 2 PK PRE ROLL - RANGE","units":274,"revenue":2814.949951171875,"cost":1027.5,"profit":1787.449951171875,"transactions":224,"margin":63.5},{"product":"SUB ZERO ROSIN DISPOSABLE - RANGE","units":50,"revenue":2420.4249572753906,"cost":906.25,"profit":1514.1749572753906,"transactions":48,"margin":62.599998474121094},{"product":"DULCE DE UVA EIGHTH - RANGE","units":60,"revenue":2048.4249877929688,"cost":825.0,"profit":1223.4249877929688,"transactions":54,"margin":59.70000076293945},{"product":"GYPSY ROAD EIGHTH - RANGE","units":40,"revenue":1338.75,"cost":550.0,"profit":788.75,"transactions":30,"margin":58.900001525878906},{"product":"SUB ZERO ROSIN CART - RANGE","units":26,"revenue":1210.2999877929688,"cost":438.75,"profit":771.5499877929688,"transactions":24,"margin":63.70000076293945},{"product":"GARLIC ICING 2 PK PRE ROLL - RANGE","units":130,"revenue":1198.2499694824219,"cost":487.5,"profit":710.7499694824219,"transactions":100,"margin":59.29999923706055},{"product":"GYPSY ROAD ROSIN CART - RANGE","units":24,"revenue":1176.5499877929688,"cost":405.0,"profit":771.5499877929688,"transactions":22,"margin":65.5999984741211},{"product":"GYPSY ROAD 2 PK PRE ROLL - RANGE","units":90,"revenue":949.4999694824219,"cost":337.5,"profit":612.0000076293945,"transactions":80,"margin":64.5},{"product":"JOKER JUICE EIGHTH - RANGE","units":22,"revenue":731.25,"cost":302.5,"profit":428.75,"transactions":22,"margin":58.599998474121094}],"products_by_store":{"Elevation Springs":[{"product":"CADILLAC RAINBOWS ROSIN DISPOSABLE - RANGE","units":34,"revenue":1665.0,"cost":616.25,"profit":1048.75,"transactions":34,"margin":63.0},{"product":"CADILLAC RAINBOWS 2 PK PRE ROLL - RANGE","units":70,"revenue":847.5,"cost":262.5,"profit":585.0,"transactions":48,"margin":69.0},{"product":"SUB ZERO ROSIN DISPOSABLE - RANGE","units":16,"revenue":832.5,"cost":290.0,"profit":542.5,"transactions":14,"margin":65.19999694824219},{"product":"GYPSY ROAD ROSIN CART - RANGE","units":12,"revenue":569.0499877929688,"cost":202.5,"profit":366.54998779296875,"transactions":10,"margin":64.4000015258789},{"product":"SUB ZERO ROSIN CART - RANGE","units":6,"revenue":299.04998779296875,"cost":101.25,"profit":197.80000686645508,"transactions":6,"margin":66.0999984741211},{"product":"JOKER JUICE EIGHTH - RANGE","units":8,"revenue":271.25,"cost":110.0,"profit":161.25,"transactions":8,"margin":59.400001525878906},{"product":"GYPSY ROAD 2 PK PRE ROLL - RANGE","units":20,"revenue":230.0,"cost":75.0,"profit":155.0,"transactions":18,"margin":67.4000015258789},{"product":"GARLIC ICING 2 PK PRE ROLL - RANGE","units":18,"revenue":192.5,"cost":67.5,"profit":125.0,"transactions":14,"margin":64.9000015258789},{"product":"DULCE DE UVA EIGHTH - RANGE","units":2,"revenue":87.5,"cost":27.5,"profit":60.0,"transactions":2,"margin":68.5999984741211}],"Elevation Mesa":[{"product":"DULCE DE UVA EIGHTH - RANGE","units":32,"revenue":963.4249877929688,"cost":440.0,"profit":523.4249877929688,"transactions":30,"margin":54.29999923706055},{"product":"GYPSY ROAD EIGHTH - RANGE","units":28,"revenue":892.5,"cost":385.0,"profit":507.5,"transactions":20,"margin":56.900001525878906},{"product":"CADILLAC RAINBOWS 2 PK PRE ROLL - RANGE","units":100,"revenue":848.75,"cost":375.0,"profit":473.75,"transactions":84,"margin":55.79999923706055},{"product":"CADILLAC RAINBOWS ROSIN DISPOSABLE - RANGE","units":14,"revenue":590.625,"cost":253.75,"profit":336.875,"transactions":14,"margin":57.0},{"product":"SUB ZERO ROSIN DISPOSABLE - RANGE","units":10,"revenue":450.0,"cost":181.25,"profit":268.75,"transactions":10,"margin":59.70000076293945},{"product":"SUB ZERO ROSIN CART - RANGE","units":10,"revenue":427.5,"cost":168.75,"profit":258.75,"transactions":8,"margin":60.5},{"product":"JOKER JUICE EIGHTH - RANGE","units":8,"revenue":271.25,"cost":110.0,"profit":161.25,"transactions":8,"margin":59.400001525878906},{"product":"GYPSY ROAD ROSIN CART - RANGE","units":6,"revenue":270.0,"cost":101.25,"profit":168.75,"transactions":6,"margin":62.5},{"product":"GYPSY ROAD 2 PK PRE ROLL - RANGE","units":14,"revenue":156.25,"cost":52.5,"profit":103.75,"transactions":14,"margin":66.4000015258789},{"product":"GARLIC ICING 2 PK PRE ROLL - RANGE","units":2,"revenue":25.0,"cost":7.5,"profit":17.5,"transactions":2,"margin":70.0}],"Elevation Oasis":[{"product":"SUB ZERO ROSIN DISPOSABLE - RANGE","units":8,"revenue":393.75,"cost":145.0,"profit":248.75,"transactions":8,"margin":63.20000076293945},{"product":"SUB ZERO ROSIN CART - RANGE","units":4,"revenue":225.0,"cost":67.5,"profit":157.5,"transactions":4,"margin":70.0},{"product":"GYPSY ROAD ROSIN CART - RANGE","units":2,"revenue":112.5,"cost":33.75,"profit":78.75,"transactions":2,"margin":70.0},{"product":"CADILLAC RAINBOWS 2 PK PRE ROLL - RANGE","units":6,"revenue":69.20000076293945,"cost":22.5,"profit":46.70000076293945,"transactions":6,"margin":67.5},{"product":"GYPSY ROAD 2 PK PRE ROLL - RANGE","units":6,"revenue":67.5,"cost":22.5,"profit":45.0,"transactions":6,"margin":66.69999694824219},{"product":"GARLIC ICING 2 PK PRE ROLL - RANGE","units":2,"revenue":17.5,"cost":7.5,"profit":10.0,"transactions":2,"margin":57.099998474121094}],"Elevation Midtown":[{"product":"DULCE DE UVA EIGHTH - RANGE","units":16,"revenue":638.75,"cost":220.0,"profit":418.75,"transactions":12,"margin":65.5999984741211},{"product":"CADILLAC RAINBOWS 2 PK PRE ROLL - RANGE","units":48,"revenue":517.5,"cost":180.0,"profit":337.5,"transactions":42,"margin":65.19999694824219},{"product":"SUB ZERO ROSIN DISPOSABLE - RANGE","units":10,"revenue":507.9249954223633,"cost":181.25,"profit":326.6749954223633,"transactions":10,"margin":64.30000305175781},{"product":"CADILLAC RAINBOWS ROSIN DISPOSABLE - RANGE","units":10,"revenue":506.25,"cost":181.25,"profit":325.0,"transactions":10,"margin":64.19999694824219},{"product":"GYPSY ROAD EIGHTH - RANGE","units":8,"revenue":288.75,"cost":110.0,"profit":178.75,"transactions":8,"margin":61.900001525878906},{"product":"GYPSY ROAD ROSIN CART - RANGE","units":4,"revenue":225.0,"cost":67.5,"profit":157.5,"transactions":4,"margin":70.0},{"product":"SUB ZERO ROSIN CART - RANGE","units":4,"revenue":180.0,"cost":67.5,"profit":112.5,"transactions":4,"margin":62.5},{"product":"GYPSY ROAD 2 PK PRE ROLL - RANGE","units":14,"revenue":145.0,"cost":52.5,"profit":92.5,"transactions":14,"margin":63.79999923706055},{"product":"JOKER JUICE EIGHTH - RANGE","units":2,"revenue":78.75,"cost":27.5,"profit":51.25,"transactions":2,"margin":65.0999984741211},{"product":"GARLIC ICING 2 PK PRE ROLL - RANGE","units":8,"revenue":70.0,"cost":30.0,"profit":40.0,"transactions":4,"margin":57.099998474121094}],"Elevation Boulevard":[{"product":"GARLIC ICING 2 PK PRE ROLL - RANGE","units":100,"revenue":893.2499694824219,"cost":375.0,"profit":518.2500076293945,"transactions":78,"margin":58.0},{"product":"CADILLAC RAINBOWS ROSIN DISPOSABLE - RANGE","units":18,"revenue":742.5,"cost":326.25,"profit":416.25,"transactions":18,"margin":56.099998474121094},{"product":"CADILLAC RAINBOWS 2 PK PRE ROLL - RANGE","units":50,"revenue":532.0000076293945,"cost":187.5,"profit":344.50000762939453,"transactions":44,"margin":64.80000305175781},{"product":"DULCE DE UVA EIGHTH - RANGE","units":10,"revenue":358.75,"cost":137.5,"profit":221.25,"transactions":10,"margin":61.70000076293945},{"product":"GYPSY ROAD 2 PK PRE ROLL - RANGE","units":36,"revenue":350.75000762939453,"cost":135.0,"profit":215.75000762939453,"transactions":28,"margin":61.5},{"product":"SUB ZERO ROSIN DISPOSABLE - RANGE","units":6,"revenue":236.25,"cost":108.75,"profit":127.5,"transactions":6,"margin":54.0},{"product":"GYPSY ROAD EIGHTH - RANGE","units":4,"revenue":157.5,"cost":55.0,"profit":102.5,"transactions":2,"margin":65.0999984741211},{"product":"JOKER JUICE EIGHTH - RANGE","units":4,"revenue":110.0,"cost":55.0,"profit":55.0,"transactions":4,"margin":50.0},{"product":"SUB ZERO ROSIN CART - RANGE","units":2,"revenue":78.75,"cost":33.75,"profit":45.0,"transactions":2,"margin":57.099998474121094}]},"store_summary":[{"store_clean":"Elevation Springs","units":186,"revenue":4994.3499755859375,"cost":1752.5,"profit":3241.8499755859375,"discounts":618.1499862670898,"margin":64.9000015258789,"discount_rate":11.0},{"store_clean":"Elevation Mesa","units":224,"revenue":4895.299987792969,"cost":2075.0,"profit":2820.2999877929688,"discounts":1739.7000122070312,"margin":57.599998474121094,"discount_rate":26.200000762939453},{"store_clean":"Elevation Boulevard","units":230,"revenue":3459.7500610351562,"cost":1413.75,"profit":2046.0000610351562,"discounts":1087.750015258789,"margin":59.099998474121094,"discount_rate":23.899999618530273},{"store_clean":"Elevation Midtown","units":124,"revenue":3157.9251098632812,"cost":1117.5,"profit":2040.4249572753906,"discounts":429.5750045776367,"margin":64.5999984741211,"discount_rate":12.0},{"store_clean":"Elevation Oasis","units":28,"revenue":885.4499816894531,"cost":298.75,"profit":586.6999816894531,"discounts":77.04999923706055,"margin":66.30000305175781,"discount_rate":8.0}],"recommendations":[{"severity":"info","title":"VOLUME LEVERAGE","detail":"$6,957 revenue provides negotiating leverage.","action":"Use volume as leverage in next vendor meeting."}],"comparison":null}