{"brand":"lighter leash","date_range":"2024-01-01 00:00:00 to 2026-01-31 00:00:00","period_label":"All Time","summary":{"total_units":23,"total_revenue":72.61998748779297,"total_cost":30.590002059936523,"total_discounts":7.880000114440918,"total_profit":42.029998779296875,"overall_margin":57.900001525878906,"fp_margin":62.0,"disc_margin":44.0,"pct_full_price":77.0999984741211,"avg_discount_rate":9.800000190734863,"fp_revenue":56.0,"disc_revenue":16.619998931884766,"unique_customers":21,"brand":"lighter leash","date_range":"2024-01-01 00:00:00 to 2026-01-31 00:00:00","months_count":4,"avg_monthly_cost":7.65,"cost_per_unit":1.33,"primary_category":"ACCESSORY","primary_cat_margin":61.099998474121094,"category_rank":103,"category_total":136,"margin_vs_category":-3.200000047683716,"velocity_rank":57},"category_breakdown":[{"category_clean":"ACCESSORY","units":23,"revenue":72.62000274658203,"cost":30.59000015258789,"profit":42.03000259399414,"discounts":7.87999963760376,"margin":57.900001525878906,"category_avg_margin":61.099998474121094,"vs_category":-3.2,"rank":103.0,"total_brands":136.0}],"trend":[{"period":"2025-03","revenue":29.399999618530273,"cost":13.300000190734863,"margin":54.8,"units":10,"transactions":10,"profit":16.100000381469727,"revenue_change_pct":null,"units_change_pct":null,"margin_change_pts":null},{"period":"2025-04","revenue":32.720001220703125,"cost":13.300000190734863,"margin":59.4,"units":10,"transactions":9,"profit":19.420000076293945,"revenue_change_pct":11.3,"units_change_pct":0,"margin_change_pts":4.6},{"period":"2025-05","revenue":7.0,"cost":2.6600000858306885,"margin":62.0,"units":2,"transactions":1,"profit":4.340000152587891,"revenue_change_pct":-78.6,"units_change_pct":-80.0,"margin_change_pts":2.6},{"period":"2025-06","revenue":3.5,"cost":1.3300000429153442,"margin":62.0,"units":1,"transactions":1,"profit":2.1700000762939453,"revenue_change_pct":-50.0,"units_change_pct":-50.0,"margin_change_pts":0.0}],"share_of_category":[{"category":"ACCESSORY","brand_revenue":72.61998748779297,"category_revenue":1651501.625,"revenue_share_pct":0.0,"brand_units":23,"category_units":1065048,"units_share_pct":0.0}],"share_of_category_trend":{"ACCESSORY":[{"period":"2024-01","brand_revenue":0.0,"category_revenue":61417.578125,"share_pct":0.0},{"period":"2024-02","brand_revenue":0.0,"category_revenue":60959.7890625,"share_pct":0.0},{"period":"2024-03","brand_revenue":0.0,"category_revenue":61871.55078125,"share_pct":0.0},{"period":"2024-04","brand_revenue":0.0,"category_revenue":65341.4609375,"share_pct":0.0},{"period":"2024-05","brand_revenue":0.0,"category_revenue":71870.578125,"share_pct":0.0},{"period":"2024-06","brand_revenue":0.0,"category_revenue":74003.53125,"share_pct":0.0},{"period":"2024-07","brand_revenue":0.0,"category_revenue":74670.1875,"share_pct":0.0},{"period":"2024-08","brand_revenue":0.0,"category_revenue":72090.53125,"share_pct":0.0},{"period":"2024-09","brand_revenue":0.0,"category_revenue":64954.51953125,"share_pct":0.0},{"period":"2024-10","brand_revenue":0.0,"category_revenue":66435.4921875,"share_pct":0.0},{"period":"2024-11","brand_revenue":0.0,"category_revenue":68682.4375,"share_pct":0.0},{"period":"2024-12","brand_revenue":0.0,"category_revenue":70600.8125,"share_pct":0.0},{"period":"2025-01","brand_revenue":0.0,"category_revenue":66904.5390625,"share_pct":0.0},{"period":"2025-02","brand_revenue":0.0,"category_revenue":62104.37109375,"share_pct":0.0},{"period":"2025-03","brand_revenue":29.399999618530273,"category_revenue":70568.15625,"share_pct":0.0},{"period":"2025-04","brand_revenue":32.720001220703125,"category_revenue":73077.9296875,"share_pct":0.0},{"period":"2025-05","brand_revenue":7.0,"category_revenue":71961.796875,"share_pct":0.0},{"period":"2025-06","brand_revenue":3.5,"category_revenue":64459.5,"share_pct":0.0},{"period":"2025-07","brand_revenue":0.0,"category_revenue":66219.921875,"share_pct":0.0},{"period":"2025-08","brand_revenue":0.0,"category_revenue":68700.8203125,"share_pct":0.0},{"period":"2025-09","brand_revenue":0.0,"category_revenue":67279.578125,"share_pct":0.0},{"period":"2025-10","brand_revenue":0.0,"category_revenue":68737.8203125,"share_pct":0.0},{"period":"2025-11","brand_revenue":0.0,"category_revenue":69135.8984375,"share_pct":0.0},{"period":"2025-12","brand_revenue":0.0,"category_revenue":56781.94921875,"share_pct":0.0},{"period":"2026-01","brand_revenue":0.0,"category_revenue":32670.859375,"share_pct":0.0}]},"discount_depth":[{"tier":"0% (Full Price)","transactions":14,"pct_of_transactions":66.7,"revenue":56.0,"avg_discount":0.0},{"tier":"1-10%","transactions":0,"pct_of_transactions":0.0,"revenue":0.0,"avg_discount":0},{"tier":"11-20%","transactions":0,"pct_of_transactions":0.0,"revenue":0.0,"avg_discount":0},{"tier":"21-30%","transactions":5,"pct_of_transactions":23.8,"revenue":12.419999122619629,"avg_discount":29.0},{"tier":"31%+","transactions":2,"pct_of_transactions":9.5,"revenue":4.199999809265137,"avg_discount":40.0}],"velocity":{"units_per_day":0.26,"revenue_per_day":0.8299999833106995,"avg_units_per_txn":1.1,"days_of_data":88,"total_units":23,"total_transactions":21},"velocity_by_category":[{"category":"ACCESSORY","brand_units_per_day":0.03,"category_avg_units_per_day":10.28,"velocity_index":0.3,"brand_rev_per_unit":3.16,"category_rev_per_unit":1.55,"brands_in_category":136}],"deals":[{"deal_name":"Employee - 40% OFF","times_used":2,"units":2.0,"revenue":4.199999809265137,"discounts":2.799999952316284,"cost":2.6600000858306885,"profit":1.5399999618530273,"pre_discount_revenue":7.0,"margin":36.7,"avg_discount":40.0},{"deal_name":"Industry - 30% Off","times_used":2,"units":2.0,"revenue":4.900000095367432,"discounts":2.0999999046325684,"cost":2.6600000858306885,"profit":2.240000009536743,"pre_discount_revenue":7.0,"margin":45.7,"avg_discount":30.0},{"deal_name":"Employee 30% - NOT FRIDAYS","times_used":1,"units":1.0,"revenue":2.450000047683716,"discounts":1.0499999523162842,"cost":1.3300000429153442,"profit":1.1200000047683716,"pre_discount_revenue":3.5,"margin":45.7,"avg_discount":30.0}],"top_products":[{"product":"Lighter Leash 3.50","units":23,"revenue":72.62000274658203,"cost":30.59000015258789,"profit":42.03000259399414,"transactions":21,"margin":57.900001525878906}],"products_by_store":{"Thrive Reno":[{"product":"Lighter Leash 3.50","units":23,"revenue":72.62000274658203,"cost":30.59000015258789,"profit":42.03000259399414,"transactions":21,"margin":57.900001525878906}]},"store_summary":[{"store_clean":"Thrive Reno","units":23,"revenue":72.62000274658203,"cost":30.59000015258789,"profit":42.03000259399414,"discounts":7.87999963760376,"margin":57.900001525878906,"discount_rate":9.800000190734863}],"recommendations":[],"comparison":null}