{"brand":"PIPEZONE","date_range":"2024-01-01 00:00:00 to 2026-01-31 00:00:00","period_label":"All Time","summary":{"total_units":160578,"total_revenue":1265005.0,"total_cost":449665.546875,"total_discounts":186809.140625,"total_profit":815339.453125,"overall_margin":64.5,"fp_margin":69.19999694824219,"disc_margin":55.20000076293945,"pct_full_price":66.19999694824219,"avg_discount_rate":12.899999618530273,"fp_revenue":836906.09375,"disc_revenue":428098.828125,"brand":"PIPEZONE","date_range":"2024-01-01 00:00:00 to 2026-01-31 00:00:00","primary_category":"ACCESSORY","store_coverage":"7/7","stores_present":["Elevation Springs","Elevation Mesa","Elevation Oasis","Elevation Downtown","Elevation Midtown","Elevation Boulevard","Elevation Parkway"],"stores_missing":[],"velocity_rank":3,"velocity_total":136},"distribution":[{"store":"Elevation Springs","carries_brand":true,"sku_count":606,"revenue":297565.390625,"units":35202,"store_total_revenue":51138750.0,"brand_share_pct":0.6000000238418579},{"store":"Elevation Mesa","carries_brand":true,"sku_count":434,"revenue":122452.20703125,"units":14370,"store_total_revenue":47532240.0,"brand_share_pct":0.30000001192092896},{"store":"Elevation Oasis","carries_brand":true,"sku_count":470,"revenue":254585.56640625,"units":21392,"store_total_revenue":56050145.0,"brand_share_pct":0.5},{"store":"Elevation Downtown","carries_brand":true,"sku_count":94,"revenue":24970.44921875,"units":5936,"store_total_revenue":1945237.1875,"brand_share_pct":1.2999999523162842},{"store":"Elevation Midtown","carries_brand":true,"sku_count":340,"revenue":205813.3984375,"units":22492,"store_total_revenue":30850185.0,"brand_share_pct":0.699999988079071},{"store":"Elevation Boulevard","carries_brand":true,"sku_count":506,"revenue":173674.4140625,"units":22862,"store_total_revenue":28757865.0,"brand_share_pct":0.6000000238418579},{"store":"Elevation Parkway","carries_brand":true,"sku_count":316,"revenue":185943.515625,"units":38324,"store_total_revenue":21987007.5,"brand_share_pct":0.800000011920929}],"share_of_category":[{"category":"ACCESSORY","brand_revenue":1084655.78125,"category_revenue":4128754.0625,"revenue_share_pct":26.299999237060547,"brand_units":152382,"category_units":2130096,"units_share_pct":7.2},{"category":"BATTERY","brand_revenue":173417.1875,"category_revenue":1041867.1875,"revenue_share_pct":16.600000381469727,"brand_units":7686,"category_units":41118,"units_share_pct":18.7},{"category":0.0,"brand_revenue":0.0,"category_revenue":0.0,"revenue_share_pct":0.0,"brand_units":0,"category_units":0,"units_share_pct":0.0}],"share_of_category_trend":{"ACCESSORY":[{"period":"2024-01","brand_revenue":40989.5263671875,"category_revenue":153543.9453125,"share_pct":26.700000762939453},{"period":"2024-02","brand_revenue":47965.5517578125,"category_revenue":152399.47265625,"share_pct":31.5},{"period":"2024-03","brand_revenue":46175.126953125,"category_revenue":154678.876953125,"share_pct":29.899999618530273},{"period":"2024-04","brand_revenue":58223.6767578125,"category_revenue":163353.65234375,"share_pct":35.599998474121094},{"period":"2024-05","brand_revenue":51475.9228515625,"category_revenue":179676.4453125,"share_pct":28.600000381469727},{"period":"2024-06","brand_revenue":51122.2509765625,"category_revenue":185008.828125,"share_pct":27.600000381469727},{"period":"2024-07","brand_revenue":48222.900390625,"category_revenue":186675.46875,"share_pct":25.799999237060547},{"period":"2024-08","brand_revenue":42346.376953125,"category_revenue":180226.328125,"share_pct":23.5},{"period":"2024-09","brand_revenue":34344.72412109375,"category_revenue":162386.298828125,"share_pct":21.200000762939453},{"period":"2024-10","brand_revenue":35773.02490234375,"category_revenue":166088.73046875,"share_pct":21.5},{"period":"2024-11","brand_revenue":39207.39990234375,"category_revenue":171706.09375,"share_pct":22.799999237060547},{"period":"2024-12","brand_revenue":44446.0986328125,"category_revenue":176502.03125,"share_pct":25.200000762939453},{"period":"2025-01","brand_revenue":41419.6484375,"category_revenue":167261.34765625,"share_pct":24.799999237060547},{"period":"2025-02","brand_revenue":34151.75048828125,"category_revenue":155260.927734375,"share_pct":22.0},{"period":"2025-03","brand_revenue":40819.65087890625,"category_revenue":176420.390625,"share_pct":23.100000381469727},{"period":"2025-04","brand_revenue":38926.875,"category_revenue":182694.82421875,"share_pct":21.299999237060547},{"period":"2025-05","brand_revenue":45026.42578125,"category_revenue":179904.4921875,"share_pct":25.0},{"period":"2025-06","brand_revenue":39806.52587890625,"category_revenue":161148.75,"share_pct":24.700000762939453},{"period":"2025-07","brand_revenue":41155.6982421875,"category_revenue":165549.8046875,"share_pct":24.899999618530273},{"period":"2025-08","brand_revenue":41965.9521484375,"category_revenue":171752.05078125,"share_pct":24.399999618530273},{"period":"2025-09","brand_revenue":44897.0263671875,"category_revenue":168198.9453125,"share_pct":26.700000762939453},{"period":"2025-10","brand_revenue":45782.4755859375,"category_revenue":171844.55078125,"share_pct":26.600000381469727},{"period":"2025-11","brand_revenue":49375.8740234375,"category_revenue":172839.74609375,"share_pct":28.600000381469727},{"period":"2025-12","brand_revenue":42237.7978515625,"category_revenue":141954.873046875,"share_pct":29.799999237060547},{"period":"2026-01","brand_revenue":38797.4755859375,"category_revenue":81677.1484375,"share_pct":47.5}],"BATTERY":[{"period":"2024-01","brand_revenue":0.0,"category_revenue":78523.75,"share_pct":0.0},{"period":"2024-02","brand_revenue":0.0,"category_revenue":79510.9765625,"share_pct":0.0},{"period":"2024-03","brand_revenue":0.0,"category_revenue":80066.9482421875,"share_pct":0.0},{"period":"2024-04","brand_revenue":0.0,"category_revenue":65688.7744140625,"share_pct":0.0},{"period":"2024-05","brand_revenue":0.0,"category_revenue":61493.57421875,"share_pct":0.0},{"period":"2024-06","brand_revenue":0.0,"category_revenue":67340.751953125,"share_pct":0.0},{"period":"2024-07","brand_revenue":1207.5,"category_revenue":70591.1767578125,"share_pct":1.7000000476837158},{"period":"2024-08","brand_revenue":12397.5,"category_revenue":64657.8759765625,"share_pct":19.200000762939453},{"period":"2024-09","brand_revenue":7525.0,"category_revenue":52538.3740234375,"share_pct":14.300000190734863},{"period":"2024-10","brand_revenue":25709.375,"category_revenue":49278.92578125,"share_pct":52.20000076293945},{"period":"2024-11","brand_revenue":26071.875,"category_revenue":39889.69970703125,"share_pct":65.4000015258789},{"period":"2024-12","brand_revenue":15250.625,"category_revenue":38273.87451171875,"share_pct":39.79999923706055},{"period":"2025-01","brand_revenue":4624.375,"category_revenue":24301.0498046875,"share_pct":19.0},{"period":"2025-02","brand_revenue":1993.125,"category_revenue":15730.625,"share_pct":12.699999809265137},{"period":"2025-03","brand_revenue":9517.5,"category_revenue":17904.124755859375,"share_pct":53.20000076293945},{"period":"2025-04","brand_revenue":6087.5,"category_revenue":17018.02490234375,"share_pct":35.79999923706055},{"period":"2025-05","brand_revenue":6674.375,"category_revenue":21588.3740234375,"share_pct":30.899999618530273},{"period":"2025-06","brand_revenue":8234.824829101562,"category_revenue":20285.274658203125,"share_pct":40.599998474121094},{"period":"2025-07","brand_revenue":11068.87451171875,"category_revenue":26462.7490234375,"share_pct":41.79999923706055},{"period":"2025-08","brand_revenue":9252.025146484375,"category_revenue":27441.025390625,"share_pct":33.70000076293945},{"period":"2025-09","brand_revenue":6477.3748779296875,"category_revenue":24531.35009765625,"share_pct":26.399999618530273},{"period":"2025-10","brand_revenue":6174.8248291015625,"category_revenue":27787.275390625,"share_pct":22.200000762939453},{"period":"2025-11","brand_revenue":6575.374755859375,"category_revenue":23690.8251953125,"share_pct":27.799999237060547},{"period":"2025-12","brand_revenue":6343.75,"category_revenue":24923.798828125,"share_pct":25.5},{"period":"2026-01","brand_revenue":2231.374969482422,"category_revenue":22347.9248046875,"share_pct":10.0}]},"velocity_by_category":[{"category":"ACCESSORY","brand_units_per_day":199.98,"category_avg_units_per_day":20.56,"velocity_index":972.9,"brand_rev_per_unit":5.69,"category_rev_per_unit":1.55,"brands_in_category":136},{"category":"BATTERY","brand_units_per_day":10.08,"category_avg_units_per_day":2.84,"velocity_index":355.2,"brand_rev_per_unit":18.05,"category_rev_per_unit":20.27,"brands_in_category":19},{"category":0.0,"brand_units_per_day":0.0,"category_avg_units_per_day":0,"velocity_index":0,"brand_rev_per_unit":0.0,"category_rev_per_unit":0.0,"brands_in_category":0}],"store_gaps":[{"store":"Elevation Midtown","category":"BATTERY","category_revenue_at_store":166242.65625,"opportunity":"Category not carried at this store"},{"store":"Elevation Downtown","category":"BATTERY","category_revenue_at_store":6820.7501220703125,"opportunity":"Category not carried at this store"}],"product_mix":{"top":[{"product":"510 BATTERY - LABTIK","units":5718,"revenue":131664.404296875,"cost":34820.07568359375,"profit":96844.326171875,"stores":5,"transactions":5628,"margin":73.5999984741211},{"product":"$2.50 LARGE BIC LIGHTERS","units":32862,"revenue":98167.2265625,"cost":36838.076171875,"profit":61329.150390625,"stores":6,"transactions":32048,"margin":62.5},{"product":"BIC LIGHTERS","units":9186,"revenue":29150.97412109375,"cost":9667.7001953125,"profit":19483.275146484375,"stores":4,"transactions":8870,"margin":66.80000305175781},{"product":"COSO TWIST SLIM PEN","units":1172,"revenue":24720.0,"cost":5905.0,"profit":18815.0,"stores":3,"transactions":1122,"margin":76.0999984741211},{"product":"$15 PIPE","units":1374,"revenue":22905.72509765625,"cost":7013.599853515625,"profit":15892.125244140625,"stores":7,"transactions":1356,"margin":69.4000015258789},{"product":"$12 PIPES","units":1278,"revenue":17773.24951171875,"cost":6137.4249267578125,"profit":11635.8251953125,"stores":4,"transactions":1230,"margin":65.5},{"product":"$60 BONG","units":288,"revenue":17531.4501953125,"cost":7110.3997802734375,"profit":10421.0498046875,"stores":7,"transactions":288,"margin":59.400001525878906},{"product":"$20 GLASS PIPE","units":770,"revenue":17090.0,"cost":5463.900146484375,"profit":11626.099853515625,"stores":5,"transactions":762,"margin":68.0},{"product":"COSO TWIST SLIM PEN BATTERY","units":746,"revenue":15927.774658203125,"cost":4196.25,"profit":11731.524658203125,"stores":2,"transactions":722,"margin":73.69999694824219},{"product":"LEAF BUDDI BATTERY","units":696,"revenue":15720.0,"cost":5211.300048828125,"profit":10508.699951171875,"stores":1,"transactions":650,"margin":66.80000305175781},{"product":"$50 BONG","units":280,"revenue":14365.975341796875,"cost":5906.2750244140625,"profit":8459.69970703125,"stores":5,"transactions":280,"margin":58.900001525878906},{"product":"$8 GLASS PIPE","units":1496,"revenue":14186.875,"cost":5313.3251953125,"profit":8873.550415039062,"stores":3,"transactions":1404,"margin":62.5},{"product":"COS Twist 510 Thread Battery","units":826,"revenue":14172.62451171875,"cost":4646.25,"profit":9526.375122070312,"stores":2,"transactions":792,"margin":67.19999694824219},{"product":"$120 BONG","units":118,"revenue":13775.0,"cost":5654.749755859375,"profit":8120.250244140625,"stores":6,"transactions":118,"margin":58.900001525878906},{"product":"$40 BONG","units":332,"revenue":13314.324951171875,"cost":5217.5,"profit":8096.824951171875,"stores":7,"transactions":330,"margin":60.79999923706055},{"product":"$100 BONG","units":136,"revenue":12121.500244140625,"cost":4857.5,"profit":7264.000244140625,"stores":5,"transactions":132,"margin":59.900001525878906},{"product":"$80 BONG","units":164,"revenue":11834.89990234375,"cost":5304.849853515625,"profit":6530.050048828125,"stores":7,"transactions":164,"margin":55.20000076293945},{"product":"$1.50 BIC LIGHTER MINI","units":6384,"revenue":11712.650146484375,"cost":6393.0999755859375,"profit":5319.5501708984375,"stores":1,"transactions":6242,"margin":45.400001525878906},{"product":"$8 PIPE","units":1278,"revenue":11573.75,"cost":3088.074951171875,"profit":8485.675048828125,"stores":5,"transactions":1226,"margin":73.30000305175781},{"product":"$20 COS BATTERY","units":572,"revenue":11468.00048828125,"cost":3516.300048828125,"profit":7951.6998291015625,"stores":2,"transactions":562,"margin":69.30000305175781}],"bottom":[{"product":"$5 Accessory","units":2,"revenue":11.25,"cost":3.125,"profit":8.125,"stores":1,"transactions":2,"margin":72.19999694824219},{"product":"$15 MEDIUM TRAY","units":2,"revenue":10.924999713897705,"cost":13.75,"profit":-2.824999988079071,"stores":1,"transactions":2,"margin":-25.899999618530273},{"product":"$6 Metal Ash Tray - Sahara","units":2,"revenue":10.499999523162842,"cost":5.0,"profit":5.5000001192092896,"stores":1,"transactions":2,"margin":52.400001525878906},{"product":"$8 WHITE TRUFFLE PACKWRAPS WRAPS, TRAY & GLASS TIP","units":2,"revenue":10.0,"cost":6.349999904632568,"profit":3.6500000953674316,"stores":1,"transactions":2,"margin":36.5},{"product":"$5 Silicone Hamburger Dab Container","units":2,"revenue":8.75,"cost":3.125,"profit":5.625,"stores":1,"transactions":2,"margin":64.30000305175781},{"product":"$5 Packwraps with Tray and Tip -CACTUS","units":2,"revenue":8.75,"cost":6.25,"profit":2.5,"stores":1,"transactions":2,"margin":28.600000381469727},{"product":"LARGE TERP CLAW","units":2,"revenue":8.75,"cost":3.174999952316284,"profit":5.575000047683716,"stores":1,"transactions":2,"margin":63.70000076293945},{"product":"ZIPPER CASE","units":2,"revenue":8.75,"cost":2.475000023841858,"profit":6.274999976158142,"stores":1,"transactions":2,"margin":71.69999694824219},{"product":"$90 Bong - SAHARA","units":2,"revenue":5.0,"cost":70.625,"profit":-65.625,"stores":1,"transactions":2,"margin":-1312.5},{"product":"AREA 51 GREEN APPLE WRAPS - HIGH HEMP (AUTO)","units":2,"revenue":3.4999999403953552,"cost":1.2999999523162842,"profit":2.199999988079071,"stores":1,"transactions":2,"margin":62.900001525878906}],"expansion":[{"product":"510 BATTERY - LABTIK","current_stores":5,"total_stores":7,"missing_stores":["Elevation Downtown","Elevation Midtown"],"revenue":131664.404296875},{"product":"$2.50 LARGE BIC LIGHTERS","current_stores":6,"total_stores":7,"missing_stores":["Elevation Oasis"],"revenue":98167.2265625},{"product":"BIC LIGHTERS","current_stores":4,"total_stores":7,"missing_stores":["Elevation Mesa","Elevation Downtown","Elevation Parkway"],"revenue":29150.97412109375},{"product":"COSO TWIST SLIM PEN","current_stores":3,"total_stores":7,"missing_stores":["Elevation Springs","Elevation Mesa","Elevation Downtown","Elevation Midtown"],"revenue":24720.0},{"product":"$12 PIPES","current_stores":4,"total_stores":7,"missing_stores":["Elevation Springs","Elevation Downtown","Elevation Boulevard"],"revenue":17773.24951171875},{"product":"$20 GLASS PIPE","current_stores":5,"total_stores":7,"missing_stores":["Elevation Downtown","Elevation Boulevard"],"revenue":17090.0},{"product":"COSO TWIST SLIM PEN BATTERY","current_stores":2,"total_stores":7,"missing_stores":["Elevation Oasis","Elevation Downtown","Elevation Midtown","Elevation Boulevard","Elevation Parkway"],"revenue":15927.774658203125},{"product":"$50 BONG","current_stores":5,"total_stores":7,"missing_stores":["Elevation Oasis","Elevation Downtown"],"revenue":14365.975341796875},{"product":"$8 GLASS PIPE","current_stores":3,"total_stores":7,"missing_stores":["Elevation Mesa","Elevation Downtown","Elevation Boulevard","Elevation Parkway"],"revenue":14186.875},{"product":"COS Twist 510 Thread Battery","current_stores":2,"total_stores":7,"missing_stores":["Elevation Springs","Elevation Mesa","Elevation Oasis","Elevation Downtown","Elevation Midtown"],"revenue":14172.62451171875}]},"pricing_consistency":[{"product":"NECTAR COLLECTOR - PIPEZONE","min_price":11.145833333333332,"max_price":75.28125,"avg_price":39.43402777777778,"std_dev":13.091628430172607,"store_count":6,"price_range":64.13541666666667,"range_pct":162.6},{"product":"PHOENIX FREEZE BONG - PIPEZONE","min_price":45.3125,"max_price":357.0,"avg_price":201.15625,"std_dev":88.15853794443282,"store_count":4,"price_range":311.6875,"range_pct":154.9},{"product":"SPIN GRINDER","min_price":30.3125,"max_price":112.5,"avg_price":71.40625,"std_dev":23.24613543150775,"store_count":4,"price_range":82.1875,"range_pct":115.1},{"product":"MINI HUNI BADGER TIP 2PK - CACTUS","min_price":36.13636363636364,"max_price":110.0,"avg_price":73.06818181818181,"std_dev":20.891791262329814,"store_count":4,"price_range":73.86363636363637,"range_pct":101.1},{"product":"RAW HEMP WICK","min_price":4.571428639548166,"max_price":11.71875,"avg_price":7.096726213182722,"std_dev":1.6034086823852955,"store_count":6,"price_range":7.147321360451835,"range_pct":100.7},{"product":"EAGLE TORCH","min_price":7.743750095367432,"max_price":21.845312118530273,"avg_price":14.794531106948853,"std_dev":3.9885240527604546,"store_count":4,"price_range":14.101562023162842,"range_pct":95.3},{"product":"FORMULA 420 CLEANER","min_price":15.339284624372208,"max_price":40.0,"avg_price":29.163814423576234,"std_dev":4.129837251504662,"store_count":8,"price_range":24.66071537562779,"range_pct":84.6},{"product":"SILICONE CONTAINER","min_price":5.024999618530273,"max_price":14.249999523162842,"avg_price":11.085349323928996,"std_dev":2.100055714789314,"store_count":6,"price_range":9.224999904632568,"range_pct":83.2},{"product":"MICRO NECTOR COLLECTOR","min_price":19.375,"max_price":50.0,"avg_price":37.729166666666664,"std_dev":5.326323518358814,"store_count":8,"price_range":30.625,"range_pct":81.2},{"product":"GLASS MARTINI BOWL - PIPEZONE","min_price":8.75,"max_price":20.227642524533156,"avg_price":14.488821262266578,"std_dev":3.246367544452992,"store_count":4,"price_range":11.477642524533156,"range_pct":79.2},{"product":"ROLLING TRAY","min_price":13.125,"max_price":31.9375,"avg_price":25.081944783528645,"std_dev":4.156838619887199,"store_count":6,"price_range":18.8125,"range_pct":75.0},{"product":"$40 BONG","min_price":38.0,"max_price":88.19672131147541,"avg_price":72.6016423741987,"std_dev":6.760498735503844,"store_count":14,"price_range":50.196721311475414,"range_pct":69.1},{"product":"MINI METAL GRINDER","min_price":13.249999682108562,"max_price":27.000001271565758,"avg_price":20.125000476837158,"std_dev":3.8890877460923954,"store_count":4,"price_range":13.750001589457195,"range_pct":68.3},{"product":"$135 Bong","min_price":168.75,"max_price":337.5,"avg_price":253.125,"std_dev":47.72970773009196,"store_count":4,"price_range":168.75,"range_pct":66.7},{"product":"QUARTZ BANGER","min_price":21.25,"max_price":38.89545787464489,"avg_price":27.54848595821496,"std_dev":3.938648575421515,"store_count":6,"price_range":17.645457874644887,"range_pct":64.1},{"product":"$10 Banger","min_price":12.5,"max_price":25.0,"avg_price":19.776785714285715,"std_dev":2.200320786754934,"store_count":8,"price_range":12.5,"range_pct":63.2},{"product":"$8 Chillum","min_price":10.36503048762222,"max_price":20.0,"avg_price":15.58321558418412,"std_dev":1.9468884575932939,"store_count":6,"price_range":9.63496951237778,"range_pct":61.8},{"product":"LIGHTER LEASH","min_price":6.589285986764091,"max_price":12.5,"avg_price":9.982548769418296,"std_dev":1.0576765386783928,"store_count":8,"price_range":5.910714013235909,"range_pct":59.2},{"product":"$2 Blazy Susan Rose Wraps","min_price":4.000000059604645,"max_price":6.984375317891439,"avg_price":5.096287551598672,"std_dev":0.6568816850974932,"store_count":6,"price_range":2.9843752582867946,"range_pct":58.6},{"product":"$45 MINI HUNI BADGER GREEN","min_price":56.25,"max_price":101.875,"avg_price":79.0625,"std_dev":12.904698756654492,"store_count":4,"price_range":45.625,"range_pct":57.7},{"product":"Nectar Collector","min_price":19.56874966621399,"max_price":35.0,"avg_price":27.284374833106995,"std_dev":4.364616701282905,"store_count":4,"price_range":15.43125033378601,"range_pct":56.6},{"product":"$25 LARGE ROLLING TRAY","min_price":31.25,"max_price":58.03571428571429,"avg_price":47.44047619047619,"std_dev":4.1526976724996105,"store_count":10,"price_range":26.78571428571429,"range_pct":56.5},{"product":"RAW BLACK PAPERS","min_price":6.75,"max_price":11.818181818181818,"avg_price":9.007370984858888,"std_dev":0.934175647040852,"store_count":8,"price_range":5.068181818181818,"range_pct":56.3},{"product":"ZIG ZAG UNBLEACHED 1 1/4 PAPERS (AUTO)","min_price":6.000000238418579,"max_price":10.156689496107505,"avg_price":7.558703624026877,"std_dev":0.735538545802952,"store_count":8,"price_range":4.156689257688926,"range_pct":55.0},{"product":"$10 JOINT/BLUNT BUBBLER","min_price":12.25,"max_price":21.38888888888889,"avg_price":16.819444444444443,"std_dev":2.58486812233749,"store_count":4,"price_range":9.138888888888888,"range_pct":54.3},{"product":"$20 GRINDER","min_price":26.666666666666664,"max_price":50.0,"avg_price":43.25569265957839,"std_dev":3.105730393651665,"store_count":14,"price_range":23.333333333333336,"range_pct":53.9},{"product":"$4 ROSE PALMS CONES","min_price":8.020270064070418,"max_price":13.233333587646484,"avg_price":9.82812424525567,"std_dev":1.1803501486242036,"store_count":6,"price_range":5.213063523576067,"range_pct":53.0},{"product":"CAMO ORGANIC WRAP","min_price":4.450000286102295,"max_price":7.499739329020182,"avg_price":5.974869807561238,"std_dev":0.8625964632386438,"store_count":4,"price_range":3.049739042917887,"range_pct":51.0},{"product":"$12 QUARTZ BANGER","min_price":17.999999523162842,"max_price":29.399998982747398,"avg_price":22.724999388058983,"std_dev":1.930906442973917,"store_count":8,"price_range":11.399999459584556,"range_pct":50.2},{"product":"$150 BONG","min_price":225.0,"max_price":375.0,"avg_price":300.0,"std_dev":30.0,"store_count":6,"price_range":150.0,"range_pct":50.0}],"promotional_effectiveness":{"lift":{"fp_units_per_day":143.98,"disc_units_per_day":67.22,"lift_pct":-53.3,"fp_avg_revenue_per_unit":15.3,"disc_avg_revenue_per_unit":16.75},"by_deal":[{"deal_name":"Industry - 30% Off","uses":5066,"revenue":91004.3246525526,"discounts":40180.64996868372,"units":12358.0,"cost":40757.65004390851,"margin":55.2,"discount_depth":61.2},{"deal_name":"Industry 30% Off","uses":2754,"revenue":51131.57477080822,"discounts":22132.42501527071,"units":6672.0,"cost":23239.125015698373,"margin":54.6,"discount_depth":60.4},{"deal_name":"Senior - 10% Off","uses":1971,"revenue":42115.03757327795,"discounts":4985.962513796985,"units":5011.0,"cost":14070.137487058528,"margin":66.6,"discount_depth":21.2},{"deal_name":"Veterans - 10% Off","uses":958,"revenue":21737.0250120759,"discounts":2495.600008331239,"units":2359.0,"cost":7381.562499748543,"margin":66.0,"discount_depth":20.6},{"deal_name":"Senior / Veterans - 20% Off","uses":639,"revenue":11910.175043940544,"discounts":3028.0250111222267,"units":1750.0,"cost":4583.550005666912,"margin":61.5,"discount_depth":40.6},{"deal_name":"Jackpot - Locals 30% Off","uses":556,"revenue":13238.69999885559,"discounts":5805.849993824959,"units":1430.0,"cost":6077.124997978099,"margin":54.1,"discount_depth":61.0},{"deal_name":"LVAC - 25% Off","uses":213,"revenue":3752.8249940276146,"discounts":1252.1749991178513,"units":496.0,"cost":1543.4750009793788,"margin":58.9,"discount_depth":50.0},{"deal_name":"4/20 - 30% Off","uses":202,"revenue":5735.599970817566,"discounts":2458.1500059366226,"units":578.0,"cost":2642.8249927796423,"margin":53.9,"discount_depth":60.0},{"deal_name":"Employee 30% - NOT FRIDAYS","uses":196,"revenue":3015.5249878764153,"discounts":1663.824997395277,"units":526.0,"cost":1533.0250058695674,"margin":49.2,"discount_depth":71.2},{"deal_name":"Employee - 40% OFF","uses":85,"revenue":1045.2500009536743,"discounts":813.5000036656857,"units":230.0,"cost":588.899999409914,"margin":43.7,"discount_depth":87.6},{"deal_name":"Main St Happy Hour - 25% Off","uses":73,"revenue":479.2500004172325,"discounts":160.74999928474426,"units":158.0,"cost":230.37500649690628,"margin":51.9,"discount_depth":50.2},{"deal_name":"Sammy Davis Early Bird - 15% Off","uses":41,"revenue":286.44999504089355,"discounts":51.04999989271164,"units":92.0,"cost":122.450001090765,"margin":57.3,"discount_depth":30.2},{"deal_name":"Medical - 10%","uses":20,"revenue":372.8750005364418,"discounts":48.375000171363354,"units":44.0,"cost":126.40000060200691,"margin":66.1,"discount_depth":23.0},{"deal_name":"Neighborhood / ShareDowntown - 15%","uses":14,"revenue":187.00000524520874,"discounts":33.000001311302185,"units":44.0,"cost":59.95000183582306,"margin":67.9,"discount_depth":30.0},{"deal_name":"Store Credit - $25","uses":9,"revenue":317.26249873638153,"discounts":167.73750066757202,"units":23.0,"cost":131.9999998807907,"margin":58.4,"discount_depth":69.2},{"deal_name":"Store Credit - $15","uses":9,"revenue":258.62499952316284,"discounts":136.37499898672104,"units":21.0,"cost":107.0125000178814,"margin":58.6,"discount_depth":69.0},{"deal_name":"Reno - Early Bird - Senior / Veterans - 20%","uses":4,"revenue":27.000000476837158,"discounts":6.7500001192092896,"units":10.0,"cost":11.224999725818634,"margin":58.4,"discount_depth":40.0},{"deal_name":"Senior Sunday - RENO ONLY - 20% Off","uses":3,"revenue":42.00000047683716,"discounts":10.50000011920929,"units":8.0,"cost":17.699999809265137,"margin":57.9,"discount_depth":40.0},{"deal_name":"Store Credit - $75","uses":3,"revenue":130.0,"discounts":188.75,"units":18.0,"cost":112.8125,"margin":13.2,"discount_depth":118.4},{"deal_name":"30% Off Special","uses":2,"revenue":10.499999523162842,"discounts":4.4999998807907104,"units":4.0,"cost":4.300000071525574,"margin":59.0,"discount_depth":60.0}]},"growth_opportunities":[{"type":"sku_expansion","title":"Add '$1 PIPE SCREEN' to 5 more store(s)","detail":"Carried in 2 stores. Missing from: Elevation Oasis, Elevation Downtown, Elevation Midtown, Elevation Boulevard, Elevation Parkway","priority":"medium"},{"type":"sku_expansion","title":"Add '$1.50 EZ BLUNT SPLITTER' to 4 more store(s)","detail":"Carried in 3 stores. Missing from: Elevation Mesa, Elevation Oasis, Elevation Downtown, Elevation Parkway","priority":"medium"},{"type":"sku_expansion","title":"Add '$1.50 EZ BLUNT SPLITTER (AUTO)' to 3 more store(s)","detail":"Carried in 4 stores. Missing from: Elevation Mesa, Elevation Oasis, Elevation Downtown","priority":"medium"},{"type":"sku_expansion","title":"Add '$10  PIPE' to 2 more store(s)","detail":"Carried in 5 stores. Missing from: Elevation Downtown, Elevation Midtown","priority":"medium"},{"type":"sku_expansion","title":"Add '$10 BANGER' to 3 more store(s)","detail":"Carried in 4 stores. Missing from: Elevation Mesa, Elevation Oasis, Elevation Boulevard","priority":"medium"},{"type":"velocity","title":"Improve velocity in nan","detail":"Velocity index 0 (below category average). 0.0 units/day vs 0.0 avg.","priority":"medium"}],"trend":[{"period":"2024-01","revenue":41422.0263671875,"cost":14779.87548828125,"margin":64.3,"units":4676,"transactions":3712,"profit":26642.15087890625,"revenue_change_pct":null,"units_change_pct":null,"margin_change_pts":null},{"period":"2024-02","revenue":47965.5517578125,"cost":17908.399658203125,"margin":62.7,"units":4790,"transactions":3676,"profit":30057.15087890625,"revenue_change_pct":15.8,"units_change_pct":2.4,"margin_change_pts":-1.7},{"period":"2024-03","revenue":46175.126953125,"cost":16982.62451171875,"margin":63.2,"units":5224,"transactions":4210,"profit":29192.5,"revenue_change_pct":-3.7,"units_change_pct":9.1,"margin_change_pts":0.6},{"period":"2024-04","revenue":58643.6767578125,"cost":22395.77392578125,"margin":61.8,"units":5596,"transactions":4350,"profit":36247.900390625,"revenue_change_pct":27.0,"units_change_pct":7.1,"margin_change_pts":-1.4},{"period":"2024-05","revenue":51475.9228515625,"cost":17808.3251953125,"margin":65.4,"units":5734,"transactions":4570,"profit":33667.60009765625,"revenue_change_pct":-12.2,"units_change_pct":2.5,"margin_change_pts":3.6},{"period":"2024-06","revenue":51541.0009765625,"cost":18286.600341796875,"margin":64.5,"units":7018,"transactions":5716,"profit":33254.3994140625,"revenue_change_pct":0.1,"units_change_pct":22.4,"margin_change_pts":-0.9},{"period":"2024-07","revenue":49430.400390625,"cost":17810.6005859375,"margin":64.0,"units":6398,"transactions":5072,"profit":31619.7998046875,"revenue_change_pct":-4.1,"units_change_pct":-8.8,"margin_change_pts":-0.6},{"period":"2024-08","revenue":54743.876953125,"cost":18544.124755859375,"margin":66.1,"units":6526,"transactions":5336,"profit":36199.7509765625,"revenue_change_pct":10.7,"units_change_pct":2.0,"margin_change_pts":2.2},{"period":"2024-09","revenue":41869.7265625,"cost":14063.974609375,"margin":66.4,"units":5670,"transactions":4652,"profit":27805.74951171875,"revenue_change_pct":-23.5,"units_change_pct":-13.1,"margin_change_pts":0.3},{"period":"2024-10","revenue":61482.40234375,"cost":19901.650390625,"margin":67.6,"units":6928,"transactions":5926,"profit":41580.751953125,"revenue_change_pct":46.8,"units_change_pct":22.2,"margin_change_pts":1.2},{"period":"2024-11","revenue":65279.27734375,"cost":21980.673828125,"margin":66.3,"units":6604,"transactions":5622,"profit":43298.5986328125,"revenue_change_pct":6.2,"units_change_pct":-4.7,"margin_change_pts":-1.3},{"period":"2024-12","revenue":59920.224609375,"cost":20813.04931640625,"margin":65.3,"units":6820,"transactions":5642,"profit":39107.17529296875,"revenue_change_pct":-8.2,"units_change_pct":3.3,"margin_change_pts":-1.1},{"period":"2025-01","revenue":46044.0234375,"cost":16552.60009765625,"margin":64.1,"units":6182,"transactions":5158,"profit":29491.42578125,"revenue_change_pct":-23.2,"units_change_pct":-9.4,"margin_change_pts":-1.2},{"period":"2025-02","revenue":36182.37548828125,"cost":13395.050048828125,"margin":63.0,"units":5490,"transactions":4594,"profit":22787.32421875,"revenue_change_pct":-21.4,"units_change_pct":-11.2,"margin_change_pts":-1.1},{"period":"2025-03","revenue":50562.1484375,"cost":18296.6748046875,"margin":63.8,"units":7040,"transactions":5830,"profit":32265.47607421875,"revenue_change_pct":39.7,"units_change_pct":28.2,"margin_change_pts":0.8},{"period":"2025-04","revenue":45255.0,"cost":15927.2998046875,"margin":64.8,"units":6714,"transactions":5684,"profit":29327.7001953125,"revenue_change_pct":-10.5,"units_change_pct":-4.6,"margin_change_pts":1.0},{"period":"2025-05","revenue":52529.2236328125,"cost":18358.199462890625,"margin":65.1,"units":7134,"transactions":6152,"profit":34171.025390625,"revenue_change_pct":16.1,"units_change_pct":6.3,"margin_change_pts":0.2},{"period":"2025-06","revenue":49095.849609375,"cost":17346.724853515625,"margin":64.7,"units":6870,"transactions":5776,"profit":31749.1259765625,"revenue_change_pct":-6.5,"units_change_pct":-3.7,"margin_change_pts":-0.4},{"period":"2025-07","revenue":52727.32421875,"cost":18722.900390625,"margin":64.5,"units":7040,"transactions":6062,"profit":34004.423828125,"revenue_change_pct":7.4,"units_change_pct":2.5,"margin_change_pts":-0.2},{"period":"2025-08","revenue":51999.8486328125,"cost":18021.175537109375,"margin":65.3,"units":7508,"transactions":6368,"profit":33978.67431640625,"revenue_change_pct":-1.4,"units_change_pct":6.6,"margin_change_pts":0.9},{"period":"2025-09","revenue":52326.5234375,"cost":18955.10009765625,"margin":63.8,"units":7116,"transactions":6150,"profit":33371.42578125,"revenue_change_pct":0.6,"units_change_pct":-5.2,"margin_change_pts":-1.6},{"period":"2025-10","revenue":52296.8017578125,"cost":19754.25048828125,"margin":62.2,"units":7618,"transactions":6640,"profit":32542.548828125,"revenue_change_pct":-0.1,"units_change_pct":7.1,"margin_change_pts":-1.5},{"period":"2025-11","revenue":55951.25,"cost":21042.42431640625,"margin":62.4,"units":7218,"transactions":6136,"profit":34908.82568359375,"revenue_change_pct":7.0,"units_change_pct":-5.3,"margin_change_pts":0.2},{"period":"2025-12","revenue":48879.0478515625,"cost":17284.725341796875,"margin":64.6,"units":6522,"transactions":5546,"profit":31594.326171875,"revenue_change_pct":-12.6,"units_change_pct":-9.6,"margin_change_pts":2.2},{"period":"2026-01","revenue":41206.34765625,"cost":14732.724609375,"margin":64.2,"units":6142,"transactions":5194,"profit":26473.62548828125,"revenue_change_pct":-15.7,"units_change_pct":-5.8,"margin_change_pts":-0.4}]}