{"brand":"PIPEZONE","date_range":"2024-01-01 00:00:00 to 2026-01-31 00:00:00","period_label":"All Time","summary":{"total_units":160578,"total_revenue":1265005.0,"total_cost":449665.546875,"total_discounts":186809.140625,"total_profit":815339.453125,"overall_margin":64.5,"fp_margin":69.19999694824219,"disc_margin":55.20000076293945,"pct_full_price":66.19999694824219,"avg_discount_rate":12.899999618530273,"fp_revenue":836906.09375,"disc_revenue":428098.828125,"unique_customers":97528,"brand":"PIPEZONE","date_range":"2024-01-01 00:00:00 to 2026-01-31 00:00:00","months_count":50,"avg_monthly_cost":17986.625,"cost_per_unit":5.6000000000000005,"primary_category":"ACCESSORY","primary_cat_margin":61.099998474121094,"category_rank":2,"category_total":136,"margin_vs_category":3.4000000953674316,"velocity_rank":3},"category_breakdown":[{"category_clean":"ACCESSORY","units":152382,"revenue":1084655.78125,"cost":401088.0859375,"profit":683567.65625,"discounts":160729.62890625,"margin":63.0,"category_avg_margin":61.099998474121094,"vs_category":1.9,"rank":2.0,"total_brands":136.0},{"category_clean":"BATTERY","units":7686,"revenue":173417.16796875,"cost":45300.0732421875,"profit":128117.099609375,"discounts":24407.82470703125,"margin":73.9000015258789,"category_avg_margin":62.29999923706055,"vs_category":11.6,"rank":3.0,"total_brands":19.0}],"trend":[{"period":"2024-01","revenue":41422.0263671875,"cost":14779.87548828125,"margin":64.3,"units":4676,"transactions":3712,"profit":26642.15087890625,"revenue_change_pct":null,"units_change_pct":null,"margin_change_pts":null},{"period":"2024-02","revenue":47965.5517578125,"cost":17908.399658203125,"margin":62.7,"units":4790,"transactions":3676,"profit":30057.15087890625,"revenue_change_pct":15.8,"units_change_pct":2.4,"margin_change_pts":-1.7},{"period":"2024-03","revenue":46175.126953125,"cost":16982.62451171875,"margin":63.2,"units":5224,"transactions":4210,"profit":29192.5,"revenue_change_pct":-3.7,"units_change_pct":9.1,"margin_change_pts":0.6},{"period":"2024-04","revenue":58643.6767578125,"cost":22395.77392578125,"margin":61.8,"units":5596,"transactions":4350,"profit":36247.900390625,"revenue_change_pct":27.0,"units_change_pct":7.1,"margin_change_pts":-1.4},{"period":"2024-05","revenue":51475.9228515625,"cost":17808.3251953125,"margin":65.4,"units":5734,"transactions":4570,"profit":33667.60009765625,"revenue_change_pct":-12.2,"units_change_pct":2.5,"margin_change_pts":3.6},{"period":"2024-06","revenue":51541.0009765625,"cost":18286.600341796875,"margin":64.5,"units":7018,"transactions":5716,"profit":33254.3994140625,"revenue_change_pct":0.1,"units_change_pct":22.4,"margin_change_pts":-0.9},{"period":"2024-07","revenue":49430.400390625,"cost":17810.6005859375,"margin":64.0,"units":6398,"transactions":5072,"profit":31619.7998046875,"revenue_change_pct":-4.1,"units_change_pct":-8.8,"margin_change_pts":-0.6},{"period":"2024-08","revenue":54743.876953125,"cost":18544.124755859375,"margin":66.1,"units":6526,"transactions":5336,"profit":36199.7509765625,"revenue_change_pct":10.7,"units_change_pct":2.0,"margin_change_pts":2.2},{"period":"2024-09","revenue":41869.7265625,"cost":14063.974609375,"margin":66.4,"units":5670,"transactions":4652,"profit":27805.74951171875,"revenue_change_pct":-23.5,"units_change_pct":-13.1,"margin_change_pts":0.3},{"period":"2024-10","revenue":61482.40234375,"cost":19901.650390625,"margin":67.6,"units":6928,"transactions":5926,"profit":41580.751953125,"revenue_change_pct":46.8,"units_change_pct":22.2,"margin_change_pts":1.2},{"period":"2024-11","revenue":65279.27734375,"cost":21980.673828125,"margin":66.3,"units":6604,"transactions":5622,"profit":43298.5986328125,"revenue_change_pct":6.2,"units_change_pct":-4.7,"margin_change_pts":-1.3},{"period":"2024-12","revenue":59920.224609375,"cost":20813.04931640625,"margin":65.3,"units":6820,"transactions":5642,"profit":39107.17529296875,"revenue_change_pct":-8.2,"units_change_pct":3.3,"margin_change_pts":-1.1},{"period":"2025-01","revenue":46044.0234375,"cost":16552.60009765625,"margin":64.1,"units":6182,"transactions":5158,"profit":29491.42578125,"revenue_change_pct":-23.2,"units_change_pct":-9.4,"margin_change_pts":-1.2},{"period":"2025-02","revenue":36182.37548828125,"cost":13395.050048828125,"margin":63.0,"units":5490,"transactions":4594,"profit":22787.32421875,"revenue_change_pct":-21.4,"units_change_pct":-11.2,"margin_change_pts":-1.1},{"period":"2025-03","revenue":50562.1484375,"cost":18296.6748046875,"margin":63.8,"units":7040,"transactions":5830,"profit":32265.47607421875,"revenue_change_pct":39.7,"units_change_pct":28.2,"margin_change_pts":0.8},{"period":"2025-04","revenue":45255.0,"cost":15927.2998046875,"margin":64.8,"units":6714,"transactions":5684,"profit":29327.7001953125,"revenue_change_pct":-10.5,"units_change_pct":-4.6,"margin_change_pts":1.0},{"period":"2025-05","revenue":52529.2236328125,"cost":18358.199462890625,"margin":65.1,"units":7134,"transactions":6152,"profit":34171.025390625,"revenue_change_pct":16.1,"units_change_pct":6.3,"margin_change_pts":0.2},{"period":"2025-06","revenue":49095.849609375,"cost":17346.724853515625,"margin":64.7,"units":6870,"transactions":5776,"profit":31749.1259765625,"revenue_change_pct":-6.5,"units_change_pct":-3.7,"margin_change_pts":-0.4},{"period":"2025-07","revenue":52727.32421875,"cost":18722.900390625,"margin":64.5,"units":7040,"transactions":6062,"profit":34004.423828125,"revenue_change_pct":7.4,"units_change_pct":2.5,"margin_change_pts":-0.2},{"period":"2025-08","revenue":51999.8486328125,"cost":18021.175537109375,"margin":65.3,"units":7508,"transactions":6368,"profit":33978.67431640625,"revenue_change_pct":-1.4,"units_change_pct":6.6,"margin_change_pts":0.9},{"period":"2025-09","revenue":52326.5234375,"cost":18955.10009765625,"margin":63.8,"units":7116,"transactions":6150,"profit":33371.42578125,"revenue_change_pct":0.6,"units_change_pct":-5.2,"margin_change_pts":-1.6},{"period":"2025-10","revenue":52296.8017578125,"cost":19754.25048828125,"margin":62.2,"units":7618,"transactions":6640,"profit":32542.548828125,"revenue_change_pct":-0.1,"units_change_pct":7.1,"margin_change_pts":-1.5},{"period":"2025-11","revenue":55951.25,"cost":21042.42431640625,"margin":62.4,"units":7218,"transactions":6136,"profit":34908.82568359375,"revenue_change_pct":7.0,"units_change_pct":-5.3,"margin_change_pts":0.2},{"period":"2025-12","revenue":48879.0478515625,"cost":17284.725341796875,"margin":64.6,"units":6522,"transactions":5546,"profit":31594.326171875,"revenue_change_pct":-12.6,"units_change_pct":-9.6,"margin_change_pts":2.2},{"period":"2026-01","revenue":41206.34765625,"cost":14732.724609375,"margin":64.2,"units":6142,"transactions":5194,"profit":26473.62548828125,"revenue_change_pct":-15.7,"units_change_pct":-5.8,"margin_change_pts":-0.4}],"share_of_category":[{"category":"ACCESSORY","brand_revenue":1084655.78125,"category_revenue":4128754.0625,"revenue_share_pct":26.299999237060547,"brand_units":152382,"category_units":2130096,"units_share_pct":7.2},{"category":"BATTERY","brand_revenue":173417.1875,"category_revenue":1041867.1875,"revenue_share_pct":16.600000381469727,"brand_units":7686,"category_units":41118,"units_share_pct":18.7},{"category":0.0,"brand_revenue":0.0,"category_revenue":0.0,"revenue_share_pct":0.0,"brand_units":0,"category_units":0,"units_share_pct":0.0}],"share_of_category_trend":{"ACCESSORY":[{"period":"2024-01","brand_revenue":40989.5263671875,"category_revenue":153543.9453125,"share_pct":26.700000762939453},{"period":"2024-02","brand_revenue":47965.5517578125,"category_revenue":152399.47265625,"share_pct":31.5},{"period":"2024-03","brand_revenue":46175.126953125,"category_revenue":154678.876953125,"share_pct":29.899999618530273},{"period":"2024-04","brand_revenue":58223.6767578125,"category_revenue":163353.65234375,"share_pct":35.599998474121094},{"period":"2024-05","brand_revenue":51475.9228515625,"category_revenue":179676.4453125,"share_pct":28.600000381469727},{"period":"2024-06","brand_revenue":51122.2509765625,"category_revenue":185008.828125,"share_pct":27.600000381469727},{"period":"2024-07","brand_revenue":48222.900390625,"category_revenue":186675.46875,"share_pct":25.799999237060547},{"period":"2024-08","brand_revenue":42346.376953125,"category_revenue":180226.328125,"share_pct":23.5},{"period":"2024-09","brand_revenue":34344.72412109375,"category_revenue":162386.298828125,"share_pct":21.200000762939453},{"period":"2024-10","brand_revenue":35773.02490234375,"category_revenue":166088.73046875,"share_pct":21.5},{"period":"2024-11","brand_revenue":39207.39990234375,"category_revenue":171706.09375,"share_pct":22.799999237060547},{"period":"2024-12","brand_revenue":44446.0986328125,"category_revenue":176502.03125,"share_pct":25.200000762939453},{"period":"2025-01","brand_revenue":41419.6484375,"category_revenue":167261.34765625,"share_pct":24.799999237060547},{"period":"2025-02","brand_revenue":34151.75048828125,"category_revenue":155260.927734375,"share_pct":22.0},{"period":"2025-03","brand_revenue":40819.65087890625,"category_revenue":176420.390625,"share_pct":23.100000381469727},{"period":"2025-04","brand_revenue":38926.875,"category_revenue":182694.82421875,"share_pct":21.299999237060547},{"period":"2025-05","brand_revenue":45026.42578125,"category_revenue":179904.4921875,"share_pct":25.0},{"period":"2025-06","brand_revenue":39806.52587890625,"category_revenue":161148.75,"share_pct":24.700000762939453},{"period":"2025-07","brand_revenue":41155.6982421875,"category_revenue":165549.8046875,"share_pct":24.899999618530273},{"period":"2025-08","brand_revenue":41965.9521484375,"category_revenue":171752.05078125,"share_pct":24.399999618530273},{"period":"2025-09","brand_revenue":44897.0263671875,"category_revenue":168198.9453125,"share_pct":26.700000762939453},{"period":"2025-10","brand_revenue":45782.4755859375,"category_revenue":171844.55078125,"share_pct":26.600000381469727},{"period":"2025-11","brand_revenue":49375.8740234375,"category_revenue":172839.74609375,"share_pct":28.600000381469727},{"period":"2025-12","brand_revenue":42237.7978515625,"category_revenue":141954.873046875,"share_pct":29.799999237060547},{"period":"2026-01","brand_revenue":38797.4755859375,"category_revenue":81677.1484375,"share_pct":47.5}],"BATTERY":[{"period":"2024-01","brand_revenue":0.0,"category_revenue":78523.75,"share_pct":0.0},{"period":"2024-02","brand_revenue":0.0,"category_revenue":79510.9765625,"share_pct":0.0},{"period":"2024-03","brand_revenue":0.0,"category_revenue":80066.9482421875,"share_pct":0.0},{"period":"2024-04","brand_revenue":0.0,"category_revenue":65688.7744140625,"share_pct":0.0},{"period":"2024-05","brand_revenue":0.0,"category_revenue":61493.57421875,"share_pct":0.0},{"period":"2024-06","brand_revenue":0.0,"category_revenue":67340.751953125,"share_pct":0.0},{"period":"2024-07","brand_revenue":1207.5,"category_revenue":70591.1767578125,"share_pct":1.7000000476837158},{"period":"2024-08","brand_revenue":12397.5,"category_revenue":64657.8759765625,"share_pct":19.200000762939453},{"period":"2024-09","brand_revenue":7525.0,"category_revenue":52538.3740234375,"share_pct":14.300000190734863},{"period":"2024-10","brand_revenue":25709.375,"category_revenue":49278.92578125,"share_pct":52.20000076293945},{"period":"2024-11","brand_revenue":26071.875,"category_revenue":39889.69970703125,"share_pct":65.4000015258789},{"period":"2024-12","brand_revenue":15250.625,"category_revenue":38273.87451171875,"share_pct":39.79999923706055},{"period":"2025-01","brand_revenue":4624.375,"category_revenue":24301.0498046875,"share_pct":19.0},{"period":"2025-02","brand_revenue":1993.125,"category_revenue":15730.625,"share_pct":12.699999809265137},{"period":"2025-03","brand_revenue":9517.5,"category_revenue":17904.124755859375,"share_pct":53.20000076293945},{"period":"2025-04","brand_revenue":6087.5,"category_revenue":17018.02490234375,"share_pct":35.79999923706055},{"period":"2025-05","brand_revenue":6674.375,"category_revenue":21588.3740234375,"share_pct":30.899999618530273},{"period":"2025-06","brand_revenue":8234.824829101562,"category_revenue":20285.274658203125,"share_pct":40.599998474121094},{"period":"2025-07","brand_revenue":11068.87451171875,"category_revenue":26462.7490234375,"share_pct":41.79999923706055},{"period":"2025-08","brand_revenue":9252.025146484375,"category_revenue":27441.025390625,"share_pct":33.70000076293945},{"period":"2025-09","brand_revenue":6477.3748779296875,"category_revenue":24531.35009765625,"share_pct":26.399999618530273},{"period":"2025-10","brand_revenue":6174.8248291015625,"category_revenue":27787.275390625,"share_pct":22.200000762939453},{"period":"2025-11","brand_revenue":6575.374755859375,"category_revenue":23690.8251953125,"share_pct":27.799999237060547},{"period":"2025-12","brand_revenue":6343.75,"category_revenue":24923.798828125,"share_pct":25.5},{"period":"2026-01","brand_revenue":2231.374969482422,"category_revenue":22347.9248046875,"share_pct":10.0}]},"discount_depth":[{"tier":"0% (Full Price)","transactions":103282,"pct_of_transactions":69.5,"revenue":836906.09375,"avg_discount":0.0},{"tier":"1-10%","transactions":9508,"pct_of_transactions":6.4,"revenue":91883.349609375,"avg_discount":20.0},{"tier":"11-20%","transactions":3332,"pct_of_transactions":2.2,"revenue":36008.82568359375,"avg_discount":38.400001525878906},{"tier":"21-30%","transactions":9494,"pct_of_transactions":6.4,"revenue":47394.7509765625,"avg_discount":57.79999923706055},{"tier":"31%+","transactions":5072,"pct_of_transactions":3.4,"revenue":56612.548828125,"avg_discount":102.5999984741211}],"velocity":{"units_per_day":210.74,"revenue_per_day":1660.0999450683594,"avg_units_per_txn":2.4,"days_of_data":762,"total_units":160578,"total_transactions":133774},"velocity_by_category":[{"category":"ACCESSORY","brand_units_per_day":199.98,"category_avg_units_per_day":20.56,"velocity_index":972.9,"brand_rev_per_unit":5.69,"category_rev_per_unit":1.55,"brands_in_category":136},{"category":"BATTERY","brand_units_per_day":10.08,"category_avg_units_per_day":2.84,"velocity_index":355.2,"brand_rev_per_unit":18.05,"category_rev_per_unit":20.27,"brands_in_category":19},{"category":0.0,"brand_units_per_day":0.0,"category_avg_units_per_day":0,"velocity_index":0,"brand_rev_per_unit":0.0,"category_rev_per_unit":0.0,"brands_in_category":0}],"deals":[{"deal_name":"Industry - 30% Off","times_used":10132,"units":12358.0,"revenue":91004.3246525526,"discounts":40180.64996868372,"cost":40757.65004390851,"profit":50246.6750296019,"pre_discount_revenue":131184.97499644756,"margin":55.2,"avg_discount":61.2},{"deal_name":"Industry 30% Off","times_used":5508,"units":6672.0,"revenue":51131.57477080822,"discounts":22132.42501527071,"cost":23239.125015698373,"profit":27892.450037673116,"pre_discount_revenue":73264.00000095367,"margin":54.6,"avg_discount":60.4},{"deal_name":"Senior - 10% Off","times_used":3942,"units":5011.0,"revenue":42115.03757327795,"discounts":4985.962513796985,"cost":14070.137487058528,"profit":28044.89996433258,"pre_discount_revenue":47100.999999046326,"margin":66.6,"avg_discount":21.2},{"deal_name":"Veterans - 10% Off","times_used":1916,"units":2359.0,"revenue":21737.0250120759,"discounts":2495.600008331239,"cost":7381.562499748543,"profit":14355.462473891675,"pre_discount_revenue":24232.62499988079,"margin":66.0,"avg_discount":20.6},{"deal_name":"Senior / Veterans - 20% Off","times_used":1278,"units":1750.0,"revenue":11910.175043940544,"discounts":3028.0250111222267,"cost":4583.550005666912,"profit":7326.625001467764,"pre_discount_revenue":14938.199999928474,"margin":61.5,"avg_discount":40.6},{"deal_name":"Jackpot - Locals 30% Off","times_used":1112,"units":1430.0,"revenue":13238.69999885559,"discounts":5805.849993824959,"cost":6077.124997978099,"profit":7161.574995806441,"pre_discount_revenue":19044.549999833107,"margin":54.1,"avg_discount":61.0},{"deal_name":"LVAC - 25% Off","times_used":426,"units":496.0,"revenue":3752.8249940276146,"discounts":1252.1749991178513,"cost":1543.4750009793788,"profit":2209.3500034324825,"pre_discount_revenue":5005.0,"margin":58.9,"avg_discount":50.0},{"deal_name":"4/20 - 30% Off","times_used":404,"units":578.0,"revenue":5735.599970817566,"discounts":2458.1500059366226,"cost":2642.8249927796423,"profit":3092.7749977167696,"pre_discount_revenue":8193.75,"margin":53.9,"avg_discount":60.0},{"deal_name":"Employee 30% - NOT FRIDAYS","times_used":392,"units":526.0,"revenue":3015.5249878764153,"discounts":1663.824997395277,"cost":1533.0250058695674,"profit":1482.5000035297126,"pre_discount_revenue":4679.350000023842,"margin":49.2,"avg_discount":71.2},{"deal_name":"Employee - 40% OFF","times_used":170,"units":230.0,"revenue":1045.2500009536743,"discounts":813.5000036656857,"cost":588.899999409914,"profit":456.34999968111515,"pre_discount_revenue":1858.75,"margin":43.7,"avg_discount":87.6},{"deal_name":"Main St Happy Hour - 25% Off","times_used":146,"units":158.0,"revenue":479.2500004172325,"discounts":160.74999928474426,"cost":230.37500649690628,"profit":248.8750022649765,"pre_discount_revenue":640.0,"margin":51.9,"avg_discount":50.2},{"deal_name":"Sammy Davis Early Bird - 15% Off","times_used":82,"units":92.0,"revenue":286.44999504089355,"discounts":51.04999989271164,"cost":122.450001090765,"profit":163.99999901652336,"pre_discount_revenue":337.5,"margin":57.3,"avg_discount":30.2},{"deal_name":"Medical - 10%","times_used":40,"units":44.0,"revenue":372.8750005364418,"discounts":48.375000171363354,"cost":126.40000060200691,"profit":246.47500067949295,"pre_discount_revenue":421.25,"margin":66.1,"avg_discount":23.0},{"deal_name":"Neighborhood / ShareDowntown - 15%","times_used":28,"units":44.0,"revenue":187.00000524520874,"discounts":33.000001311302185,"cost":59.95000183582306,"profit":127.04999685287476,"pre_discount_revenue":220.0,"margin":67.9,"avg_discount":30.0},{"deal_name":"Store Credit - $25","times_used":18,"units":23.0,"revenue":317.26249873638153,"discounts":167.73750066757202,"cost":131.9999998807907,"profit":185.26249941438437,"pre_discount_revenue":485.0,"margin":58.4,"avg_discount":69.2},{"deal_name":"Store Credit - $15","times_used":18,"units":21.0,"revenue":258.62499952316284,"discounts":136.37499898672104,"cost":107.0125000178814,"profit":151.61249965429306,"pre_discount_revenue":395.0,"margin":58.6,"avg_discount":69.0},{"deal_name":"Reno - Early Bird - Senior / Veterans - 20%","times_used":8,"units":10.0,"revenue":27.000000476837158,"discounts":6.7500001192092896,"cost":11.224999725818634,"profit":15.774999856948853,"pre_discount_revenue":33.75,"margin":58.4,"avg_discount":40.0},{"deal_name":"Senior Sunday - RENO ONLY - 20% Off","times_used":6,"units":8.0,"revenue":42.00000047683716,"discounts":10.50000011920929,"cost":17.699999809265137,"profit":24.300000369548798,"pre_discount_revenue":52.5,"margin":57.9,"avg_discount":40.0},{"deal_name":"Store Credit - $75","times_used":6,"units":18.0,"revenue":130.0,"discounts":188.75,"cost":112.8125,"profit":17.1875,"pre_discount_revenue":318.75,"margin":13.2,"avg_discount":118.4},{"deal_name":"30% Off Special","times_used":4,"units":4.0,"revenue":10.499999523162842,"discounts":4.4999998807907104,"cost":4.300000071525574,"profit":6.200000047683716,"pre_discount_revenue":15.0,"margin":59.0,"avg_discount":60.0},{"deal_name":"Voucher - 35% Off One Item","times_used":4,"units":4.0,"revenue":34.12499964237213,"discounts":18.37500035762787,"cost":16.274999976158142,"profit":17.84999966621399,"pre_discount_revenue":52.5,"margin":52.3,"avg_discount":70.0},{"deal_name":"Store Credit - $50","times_used":2,"units":2.0,"revenue":224.12500381469727,"discounts":125.87499618530273,"cost":95.0,"profit":129.12500381469727,"pre_discount_revenue":350.0,"margin":57.6,"avg_discount":72.0},{"deal_name":"Store Credit - $100","times_used":2,"units":2.0,"revenue":187.5,"discounts":62.5,"cost":70.0,"profit":117.5,"pre_discount_revenue":250.0,"margin":62.7,"avg_discount":50.0},{"deal_name":"Senior Sunday - SAHARA ONLY - 20% Off","times_used":2,"units":4.0,"revenue":20.0,"discounts":5.0,"cost":7.400000095367432,"profit":12.599999904632568,"pre_discount_revenue":25.0,"margin":63.0,"avg_discount":40.0},{"deal_name":"Veterans Day - 30% Off For Veterans!","times_used":2,"units":2.0,"revenue":5.249999761581421,"discounts":2.2499999403953552,"cost":2.5,"profit":2.7500000596046448,"pre_discount_revenue":7.5,"margin":52.4,"avg_discount":60.0}],"top_products":[{"product":"510 BATTERY - LABTIK","units":5718,"revenue":131664.404296875,"cost":34820.07568359375,"profit":96844.326171875,"transactions":5628,"margin":73.5999984741211},{"product":"$2.50 LARGE BIC LIGHTERS","units":32862,"revenue":98167.2265625,"cost":36838.076171875,"profit":61329.150390625,"transactions":32048,"margin":62.5},{"product":"BIC LIGHTERS","units":9186,"revenue":29150.97412109375,"cost":9667.7001953125,"profit":19483.275146484375,"transactions":8870,"margin":66.80000305175781},{"product":"COSO TWIST SLIM PEN","units":1172,"revenue":24720.0,"cost":5905.0,"profit":18815.0,"transactions":1122,"margin":76.0999984741211},{"product":"$15 PIPE","units":1374,"revenue":22905.72509765625,"cost":7013.599853515625,"profit":15892.125244140625,"transactions":1356,"margin":69.4000015258789},{"product":"$12 PIPES","units":1278,"revenue":17773.24951171875,"cost":6137.4249267578125,"profit":11635.8251953125,"transactions":1230,"margin":65.5},{"product":"$60 BONG","units":288,"revenue":17531.4501953125,"cost":7110.3997802734375,"profit":10421.0498046875,"transactions":288,"margin":59.400001525878906},{"product":"$20 GLASS PIPE","units":770,"revenue":17090.0,"cost":5463.900146484375,"profit":11626.099853515625,"transactions":762,"margin":68.0},{"product":"COSO TWIST SLIM PEN BATTERY","units":746,"revenue":15927.774658203125,"cost":4196.25,"profit":11731.524658203125,"transactions":722,"margin":73.69999694824219},{"product":"LEAF BUDDI BATTERY","units":696,"revenue":15720.0,"cost":5211.300048828125,"profit":10508.699951171875,"transactions":650,"margin":66.80000305175781},{"product":"$50 BONG","units":280,"revenue":14365.975341796875,"cost":5906.2750244140625,"profit":8459.69970703125,"transactions":280,"margin":58.900001525878906},{"product":"$8 GLASS PIPE","units":1496,"revenue":14186.875,"cost":5313.3251953125,"profit":8873.550415039062,"transactions":1404,"margin":62.5},{"product":"COS Twist 510 Thread Battery","units":826,"revenue":14172.62451171875,"cost":4646.25,"profit":9526.375122070312,"transactions":792,"margin":67.19999694824219},{"product":"$120 BONG","units":118,"revenue":13775.0,"cost":5654.749755859375,"profit":8120.250244140625,"transactions":118,"margin":58.900001525878906},{"product":"$40 BONG","units":332,"revenue":13314.324951171875,"cost":5217.5,"profit":8096.824951171875,"transactions":330,"margin":60.79999923706055},{"product":"$100 BONG","units":136,"revenue":12121.500244140625,"cost":4857.5,"profit":7264.000244140625,"transactions":132,"margin":59.900001525878906},{"product":"$80 BONG","units":164,"revenue":11834.89990234375,"cost":5304.849853515625,"profit":6530.050048828125,"transactions":164,"margin":55.20000076293945},{"product":"$1.50 BIC LIGHTER MINI","units":6384,"revenue":11712.650146484375,"cost":6393.0999755859375,"profit":5319.5501708984375,"transactions":6242,"margin":45.400001525878906},{"product":"$8 PIPE","units":1278,"revenue":11573.75,"cost":3088.074951171875,"profit":8485.675048828125,"transactions":1226,"margin":73.30000305175781},{"product":"$20 COS BATTERY","units":572,"revenue":11468.00048828125,"cost":3516.300048828125,"profit":7951.6998291015625,"transactions":562,"margin":69.30000305175781},{"product":"$10  PIPE","units":958,"revenue":11401.25,"cost":2863.6251831054688,"profit":8537.625122070312,"transactions":924,"margin":74.9000015258789},{"product":"$2.50 RAW 1 1/4 CLASSIC (AUTO)","units":3536,"revenue":10315.050048828125,"cost":2548.4750366210938,"profit":7766.57470703125,"transactions":3302,"margin":75.30000305175781},{"product":"$3.50 RAW CONES CLASSIC 6PK (AUTO)","units":2348,"revenue":9482.449951171875,"cost":2664.1000366210938,"profit":6818.3502197265625,"transactions":1858,"margin":71.9000015258789},{"product":"$3.50 RAW CONES CLASSIC 6PK","units":2432,"revenue":9337.999877929688,"cost":2318.300018310547,"profit":7019.7003173828125,"transactions":1828,"margin":75.19999694824219},{"product":"$25 BONG","units":342,"revenue":9154.375,"cost":3355.5999755859375,"profit":5798.7750244140625,"transactions":338,"margin":63.29999923706055}],"products_by_store":{"Elevation Springs":[{"product":"510 BATTERY - LABTIK","units":3424,"revenue":79890.6494140625,"cost":21198.75,"profit":58691.8994140625,"transactions":3384,"margin":73.5},{"product":"$2.50 LARGE BIC LIGHTERS","units":7374,"revenue":21490.52490234375,"cost":7834.87548828125,"profit":13655.6494140625,"transactions":7068,"margin":63.5},{"product":"$20 GLASS PIPE","units":434,"revenue":9542.5,"cost":2441.25,"profit":7101.25,"transactions":430,"margin":74.4000015258789},{"product":"COSO TWIST SLIM PEN BATTERY","units":382,"revenue":8487.5,"cost":2148.75,"profit":6338.75,"transactions":372,"margin":74.69999694824219},{"product":"$10 PIPE - CACTUS","units":560,"revenue":6436.2750244140625,"cost":927.8250122070312,"profit":5508.4503173828125,"transactions":550,"margin":85.5999984741211},{"product":"BIC LIGHTERS","units":2186,"revenue":6372.1502685546875,"cost":1830.7749938964844,"profit":4541.3751220703125,"transactions":2124,"margin":71.30000305175781},{"product":"$80 BONG - CACTUS","units":58,"revenue":4690.0,"cost":2682.5,"profit":2007.5,"transactions":58,"margin":42.79999923706055},{"product":"$3.50 RAW CONES CLASSIC 6PK","units":1186,"revenue":4540.849914550781,"cost":741.25,"profit":3799.5999145507812,"transactions":968,"margin":83.69999694824219},{"product":"$10 CHILLUM - CACTUS","units":338,"revenue":3952.5,"cost":1056.25,"profit":2896.25,"transactions":324,"margin":73.30000305175781},{"product":"Clipper Lighter","units":986,"revenue":3673.0999755859375,"cost":1848.75,"profit":1824.3499755859375,"transactions":960,"margin":49.70000076293945},{"product":"$90 BONG","units":38,"revenue":3622.5,"cost":1302.5,"profit":2320.0,"transactions":38,"margin":64.0},{"product":"$120 BONG","units":30,"revenue":3510.0,"cost":1582.5,"profit":1927.5,"transactions":30,"margin":54.900001525878906},{"product":"$3 Clipper Lighter","units":1004,"revenue":3508.5000610351562,"cost":1882.5,"profit":1626.0000610351562,"transactions":966,"margin":46.29999923706055},{"product":"$3 RAW ORGANIC KING SIZE SLIM","units":950,"revenue":3327.0001220703125,"cost":902.5,"profit":2424.499969482422,"transactions":812,"margin":72.9000015258789},{"product":"$60 BONG","units":52,"revenue":3270.0,"cost":1392.2749328613281,"profit":1877.7249145507812,"transactions":52,"margin":57.400001525878906}],"Elevation Mesa":[{"product":"510 BATTERY - LABTIK","units":454,"revenue":8417.5,"cost":2695.625,"profit":5721.875,"transactions":450,"margin":68.0},{"product":"COSO TWIST SLIM PEN BATTERY","units":364,"revenue":7440.2752685546875,"cost":2047.5,"profit":5392.7752685546875,"transactions":350,"margin":72.5},{"product":"$100 BONG","units":54,"revenue":5063.999938964844,"cost":1962.5,"profit":3101.4999389648438,"transactions":54,"margin":61.20000076293945},{"product":"$2.50 LARGE BIC LIGHTERS","units":1438,"revenue":4056.35009765625,"cost":1839.2001342773438,"profit":2217.1499633789062,"transactions":1392,"margin":54.70000076293945},{"product":"$15 PIPE","units":236,"revenue":3893.75,"cost":1218.75,"profit":2675.0,"transactions":234,"margin":68.69999694824219},{"product":"$6 PIPE","units":454,"revenue":3014.2498779296875,"cost":1123.6499786376953,"profit":1890.5999755859375,"transactions":436,"margin":62.70000076293945},{"product":"$120 BONG","units":26,"revenue":2850.0,"cost":1220.0,"profit":1630.0,"transactions":26,"margin":57.20000076293945},{"product":"$12 PIPES","units":224,"revenue":2843.3248901367188,"cost":940.0,"profit":1903.3250427246094,"transactions":212,"margin":66.9000015258789},{"product":"$60 BONG","units":50,"revenue":2697.5,"cost":1264.9749755859375,"profit":1432.5250244140625,"transactions":50,"margin":53.099998474121094},{"product":"$85 Bong","units":32,"revenue":2653.125,"cost":1092.5,"profit":1560.625,"transactions":32,"margin":58.79999923706055},{"product":"$8 PIPE","units":252,"revenue":2248.000030517578,"cost":453.75,"profit":1794.2500305175781,"transactions":246,"margin":79.80000305175781},{"product":"$30 BONGS","units":70,"revenue":2160.0,"cost":710.4999542236328,"profit":1449.4999694824219,"transactions":66,"margin":67.0999984741211},{"product":"$3 RAW CONES KING SIZE","units":556,"revenue":1845.7499694824219,"cost":695.0,"profit":1150.7499694824219,"transactions":454,"margin":62.29999923706055},{"product":"$110 BONG","units":20,"revenue":1732.5,"cost":877.5,"profit":855.0,"transactions":20,"margin":49.400001525878906},{"product":"$12 BUBBLER","units":122,"revenue":1601.9999694824219,"cost":610.0,"profit":991.9999694824219,"transactions":122,"margin":61.900001525878906}],"Elevation Oasis":[{"product":"510 BATTERY - LABTIK","units":882,"revenue":20873.75,"cost":5236.875,"profit":15636.875,"transactions":862,"margin":74.9000015258789},{"product":"COSO TWIST SLIM PEN","units":588,"revenue":13682.5,"cost":2940.0,"profit":10742.5,"transactions":560,"margin":78.5},{"product":"BIC LIGHTERS","units":3360,"revenue":10450.6005859375,"cost":3661.3250732421875,"profit":6789.27490234375,"transactions":3230,"margin":65.0},{"product":"$18 PIPES","units":292,"revenue":5884.5001220703125,"cost":2220.625,"profit":3663.8751220703125,"transactions":284,"margin":62.29999923706055},{"product":"$5 PIPES","units":936,"revenue":5501.875,"cost":1351.9749450683594,"profit":4149.900207519531,"transactions":878,"margin":75.4000015258789},{"product":"$15 PIPE","units":300,"revenue":5220.72509765625,"cost":1419.8750305175781,"profit":3800.8499145507812,"transactions":298,"margin":72.80000305175781},{"product":"$8 GLASS PIPE","units":498,"revenue":4685.0,"cost":1806.25,"profit":2878.75,"transactions":438,"margin":61.400001525878906},{"product":"$5 CHILLUM","units":736,"revenue":4320.625,"cost":1264.9000549316406,"profit":3055.72509765625,"transactions":690,"margin":70.69999694824219},{"product":"$12 PIPES","units":300,"revenue":4213.500061035156,"cost":1866.25,"profit":2347.2500610351562,"transactions":284,"margin":55.70000076293945},{"product":"$20 GLASS PIPE","units":194,"revenue":4205.0,"cost":2083.699951171875,"profit":2121.300048828125,"transactions":190,"margin":50.400001525878906},{"product":"DUG OUT  - PIPEZONE","units":270,"revenue":4138.75,"cost":1344.8750305175781,"profit":2793.8751220703125,"transactions":256,"margin":67.5},{"product":"$45 MINI HUNI BADGER ORANGE","units":76,"revenue":4016.25,"cost":2137.5,"profit":1878.75,"transactions":76,"margin":46.79999923706055},{"product":"CHILLUM - PIPEZONE","units":520,"revenue":3819.6749877929688,"cost":1148.4750366210938,"profit":2671.199951171875,"transactions":496,"margin":69.9000015258789},{"product":"$45 PIPE","units":80,"revenue":3802.5,"cost":1700.0,"profit":2102.5,"transactions":80,"margin":55.29999923706055},{"product":"BONG - PIPEZONE","units":38,"revenue":3781.0000610351562,"cost":1815.0,"profit":1966.0000610351562,"transactions":38,"margin":52.0}],"Elevation Downtown":[{"product":"$2.50 LARGE BIC LIGHTERS","units":4284,"revenue":12834.425048828125,"cost":5783.4002685546875,"profit":7051.0247802734375,"transactions":4256,"margin":54.900001525878906},{"product":"$20 PIPE","units":74,"revenue":1707.5,"cost":462.5,"profit":1245.0,"transactions":68,"margin":72.9000015258789},{"product":"$4 RAW ORGANIC CONES 6PK (AUTO)","units":374,"revenue":1642.5,"cost":509.5750045776367,"profit":1132.925033569336,"transactions":310,"margin":69.0},{"product":"$80 BONG","units":10,"revenue":800.0,"cost":287.5,"profit":512.5,"transactions":10,"margin":64.0999984741211},{"product":"$10 Pipe","units":66,"revenue":737.5,"cost":185.625,"profit":551.875,"transactions":66,"margin":74.80000305175781},{"product":"$30 BONG","units":14,"revenue":480.0,"cost":175.0,"profit":305.0,"transactions":12,"margin":63.5},{"product":"$3.50 RAW KING SIZE ORGANIC","units":114,"revenue":476.4250183105469,"cost":99.7499942779541,"profit":376.6749954223633,"transactions":110,"margin":79.0999984741211},{"product":"$20 GRINDER","units":20,"revenue":475.0,"cost":112.5,"profit":362.5,"transactions":20,"margin":76.30000305175781},{"product":"$5 Plastic Grinder","units":68,"revenue":413.125,"cost":127.5,"profit":285.625,"transactions":68,"margin":69.0999984741211},{"product":"$30 BONGS","units":12,"revenue":405.0,"cost":142.5,"profit":262.5,"transactions":12,"margin":64.80000305175781},{"product":"CLIPPER LIGHTER (AUTO)","units":120,"revenue":361.25,"cost":105.0,"profit":256.25,"transactions":120,"margin":70.9000015258789},{"product":"STRAWBERRY SHORTCAKE MINI KING PALMS 2 PK - KING PALM","units":76,"revenue":328.49998474121094,"cost":137.7500057220459,"profit":190.75000762939453,"transactions":72,"margin":58.099998474121094},{"product":"$25 METAL GRINDER","units":14,"revenue":310.0,"cost":105.0,"profit":205.0,"transactions":14,"margin":66.0999984741211},{"product":"$2.50 1 1/4 RAW ORGANIC PAPERS (AUTO)","units":94,"revenue":277.4749946594238,"cost":68.14999580383301,"profit":209.32498931884766,"transactions":92,"margin":75.4000015258789},{"product":"$2.00 1 1/4 RAW PAPERS","units":116,"revenue":276.00000381469727,"cost":84.0999984741211,"profit":191.89998626708984,"transactions":116,"margin":69.5}],"Elevation Midtown":[{"product":"LEAF BUDDI BATTERY","units":696,"revenue":15720.0,"cost":5211.300048828125,"profit":10508.699951171875,"transactions":650,"margin":66.80000305175781},{"product":"$12 PIPES","units":718,"revenue":10211.425170898438,"cost":3181.1749267578125,"profit":7030.250244140625,"transactions":698,"margin":68.80000305175781},{"product":"$50 BONG","units":180,"revenue":9642.449951171875,"cost":3472.2000122070312,"profit":6170.250244140625,"transactions":180,"margin":64.0},{"product":"$8 GLASS PIPE","units":990,"revenue":9425.875244140625,"cost":3482.0748901367188,"profit":5943.800048828125,"transactions":958,"margin":63.099998474121094},{"product":"$8 PIPE OR CHILLUM","units":874,"revenue":8182.2247314453125,"cost":1638.75,"profit":6543.4747314453125,"transactions":844,"margin":80.0},{"product":"CLIPPER LIGHTER (AUTO)","units":1986,"revenue":5571.1749267578125,"cost":1740.1750183105469,"profit":3831.0000610351562,"transactions":1712,"margin":68.80000305175781},{"product":"$40 BONG","units":122,"revenue":5380.0,"cost":1830.0,"profit":3550.0,"transactions":120,"margin":66.0},{"product":"$60 BONG","units":84,"revenue":5241.4501953125,"cost":2059.6249389648438,"profit":3181.824951171875,"transactions":84,"margin":60.70000076293945},{"product":"$60 SEAHORSE PRO KIT","units":74,"revenue":5225.0,"cost":2220.0,"profit":3005.0,"transactions":72,"margin":57.5},{"product":"$15 PIPE","units":296,"revenue":5205.625,"cost":1202.5,"profit":4003.125,"transactions":290,"margin":76.9000015258789},{"product":"$2.50 LARGE BIC LIGHTERS","units":1600,"revenue":4764.324951171875,"cost":2024.1749572753906,"profit":2740.150146484375,"transactions":1530,"margin":57.5},{"product":"$20 GRINDERS","units":200,"revenue":4600.0,"cost":2000.0,"profit":2600.0,"transactions":196,"margin":56.5},{"product":"LOOKAH SEAHORSE","units":44,"revenue":4273.75,"cost":1269.4499969482422,"profit":3004.2999267578125,"transactions":44,"margin":70.30000305175781},{"product":"$8 PIPE","units":376,"revenue":3511.1749267578125,"cost":587.5,"profit":2923.6749267578125,"transactions":362,"margin":83.30000305175781},{"product":"$75 BONG","units":44,"revenue":3368.75,"cost":1519.8750305175781,"profit":1848.8749694824219,"transactions":44,"margin":54.900001525878906}],"Elevation Boulevard":[{"product":"510 BATTERY - LABTIK","units":536,"revenue":11668.125,"cost":3183.2000732421875,"profit":8484.924926757812,"transactions":524,"margin":72.69999694824219},{"product":"BIC LIGHTERS","units":3340,"revenue":11432.62451171875,"cost":3808.0999755859375,"profit":7624.5245361328125,"transactions":3220,"margin":66.69999694824219},{"product":"$20 COS BATTERY","units":476,"revenue":9195.499877929688,"cost":2677.5,"profit":6517.9998779296875,"transactions":468,"margin":70.9000015258789},{"product":"$15 PIPE","units":426,"revenue":6623.75,"cost":2631.2249755859375,"profit":3992.5250244140625,"transactions":420,"margin":60.29999923706055},{"product":"$8 PIPE","units":590,"revenue":5256.57470703125,"cost":1906.4250183105469,"profit":3350.150146484375,"transactions":558,"margin":63.70000076293945},{"product":"$40 BONG","units":114,"revenue":4205.574951171875,"cost":1745.0,"profit":2460.574951171875,"transactions":114,"margin":58.5},{"product":"METAL GRINDER","units":232,"revenue":4000.625,"cost":1436.25,"profit":2564.375,"transactions":230,"margin":64.0999984741211},{"product":"$2.50 LARGE BIC LIGHTERS","units":1048,"revenue":2979.2999267578125,"cost":1113.5000610351562,"profit":1865.8000183105469,"transactions":1012,"margin":62.599998474121094},{"product":"$3 CLIPPER MIX STYLE - SAHARA","units":852,"revenue":2917.39990234375,"cost":1597.5,"profit":1319.9000549316406,"transactions":838,"margin":45.20000076293945},{"product":"$25 BONG","units":114,"revenue":2885.625,"cost":1140.875015258789,"profit":1744.7500610351562,"transactions":112,"margin":60.5},{"product":"$45 BONG","units":58,"revenue":2598.75,"cost":1002.8250122070312,"profit":1595.9249877929688,"transactions":58,"margin":61.400001525878906},{"product":"CLASSIC RAW PAPERS","units":754,"revenue":2546.77490234375,"cost":590.2499771118164,"profit":1956.5249633789062,"transactions":694,"margin":76.80000305175781},{"product":"$80 BONG","units":38,"revenue":2485.0,"cost":1192.5,"profit":1292.5,"transactions":38,"margin":52.0},{"product":"$60 BONG - SAHARA","units":46,"revenue":2485.0,"cost":1178.75,"profit":1306.25,"transactions":46,"margin":52.599998474121094},{"product":"COSO TWIST SLIM PEN","units":154,"revenue":2385.0,"cost":770.0,"profit":1615.0,"transactions":146,"margin":67.69999694824219}],"Elevation Parkway":[{"product":"$2.50 LARGE BIC LIGHTERS","units":17118,"revenue":52042.2998046875,"cost":18242.926025390625,"profit":33799.375,"transactions":16790,"margin":64.9000015258789},{"product":"COS Twist 510 Thread Battery","units":794,"revenue":13704.49951171875,"cost":4466.25,"profit":9238.250122070312,"transactions":762,"margin":67.4000015258789},{"product":"$1.50 BIC LIGHTER MINI","units":6384,"revenue":11712.650146484375,"cost":6393.0999755859375,"profit":5319.5501708984375,"transactions":6242,"margin":45.400001525878906},{"product":"510 BATTERY - LABTIK","units":422,"revenue":10814.375,"cost":2505.625,"profit":8308.75,"transactions":408,"margin":76.80000305175781},{"product":"$10  PIPE","units":794,"revenue":9503.75,"cost":2323.000030517578,"profit":7180.7501220703125,"transactions":760,"margin":75.5999984741211},{"product":"COSO TWIST SLIM PEN","units":430,"revenue":8652.5,"cost":2195.0,"profit":6457.5,"transactions":416,"margin":74.5999984741211},{"product":"$3.50 RAW CONES CLASSIC 6PK (AUTO)","units":1716,"revenue":6910.3997802734375,"cost":2016.300048828125,"profit":4894.100036621094,"transactions":1440,"margin":70.80000305175781},{"product":"$2.50 RAW 1 1/4 CLASSIC (AUTO)","units":1838,"revenue":5511.3751220703125,"cost":1200.7250213623047,"profit":4310.6500244140625,"transactions":1784,"margin":78.19999694824219},{"product":"$5 Plastic Grinder","units":716,"revenue":4350.625,"cost":1226.25,"profit":3124.375,"transactions":716,"margin":71.80000305175781},{"product":"$80 BONG","units":40,"revenue":2970.0,"cost":1405.0,"profit":1565.0,"transactions":40,"margin":52.70000076293945},{"product":"$10 Zengaz tourch","units":230,"revenue":2427.5,"cost":658.3750152587891,"profit":1769.1250610351562,"transactions":216,"margin":72.9000015258789},{"product":"$20 BONG","units":102,"revenue":2365.0,"cost":751.1750030517578,"profit":1613.8250732421875,"transactions":102,"margin":68.19999694824219},{"product":"RAW TIPS (AUTO)","units":754,"revenue":2271.750030517578,"cost":640.9000396728516,"profit":1630.8500671386719,"transactions":744,"margin":71.80000305175781},{"product":"Plastic Grinder w/ Magnet","units":254,"revenue":2271.4999389648438,"cost":317.5,"profit":1953.9999389648438,"transactions":252,"margin":86.0},{"product":"$25 BONG","units":66,"revenue":1828.125,"cost":676.25,"profit":1151.875,"transactions":64,"margin":63.0}]},"store_summary":[{"store_clean":"Elevation Springs","units":35202,"revenue":297565.390625,"cost":102061.875,"profit":195503.515625,"discounts":42627.724609375,"margin":65.69999694824219,"discount_rate":12.5},{"store_clean":"Elevation Oasis","units":21392,"revenue":254585.56640625,"cost":89895.8984375,"profit":164689.66796875,"discounts":31804.85107421875,"margin":64.69999694824219,"discount_rate":11.100000381469727},{"store_clean":"Elevation Midtown","units":22492,"revenue":205813.3984375,"cost":68713.7744140625,"profit":137099.62890625,"discounts":21097.84912109375,"margin":66.5999984741211,"discount_rate":9.300000190734863},{"store_clean":"Elevation Parkway","units":38324,"revenue":185943.515625,"cost":63625.576171875,"profit":122317.94921875,"discounts":17155.474853515625,"margin":65.80000305175781,"discount_rate":8.399999618530273},{"store_clean":"Elevation Boulevard","units":22862,"revenue":173674.43359375,"cost":67522.6025390625,"profit":106151.826171875,"discounts":40319.02587890625,"margin":61.099998474121094,"discount_rate":18.799999237060547},{"store_clean":"Elevation Mesa","units":14370,"revenue":122452.197265625,"cost":48194.0234375,"profit":74258.173828125,"discounts":31723.42529296875,"margin":60.599998474121094,"discount_rate":20.600000381469727},{"store_clean":"Elevation Downtown","units":5936,"revenue":24970.44921875,"cost":9651.775512695312,"profit":15318.67431640625,"discounts":2080.800018310547,"margin":61.29999923706055,"discount_rate":7.699999809265137}],"recommendations":[{"severity":"info","title":"VOLUME LEVERAGE","detail":"$506,002 revenue provides negotiating leverage.","action":"Use volume as leverage in next vendor meeting."}],"comparison":null}