{"brand":"HUSTLERS AMBITION","date_range":"2024-01-01 00:00:00 to 2026-01-31 00:00:00","period_label":"All Time","summary":{"total_units":352996,"total_revenue":8406076.25,"total_cost":3802351.25,"total_discounts":3421049.375,"total_profit":4603724.375,"overall_margin":54.79999923706055,"fp_margin":65.5999984741211,"disc_margin":52.20000076293945,"pct_full_price":18.899999618530273,"avg_discount_rate":28.899999618530273,"fp_revenue":1586877.5,"disc_revenue":6819198.125,"unique_customers":83208,"brand":"HUSTLERS AMBITION","date_range":"2024-01-01 00:00:00 to 2026-01-31 00:00:00","months_count":48,"avg_monthly_cost":158431.3,"cost_per_unit":21.549999999999997,"primary_category":"FLOWER","primary_cat_margin":54.099998474121094,"category_rank":2,"category_total":64,"margin_vs_category":0.699999988079071,"velocity_rank":3},"category_breakdown":[{"category_clean":"FLOWER","units":262748,"revenue":7643460.625,"cost":3530893.75,"profit":4112566.5625,"discounts":3031377.1875,"margin":53.79999923706055,"category_avg_margin":54.099998474121094,"vs_category":-0.3,"rank":2.0,"total_brands":64.0},{"category_clean":"PRE ROLL","units":85484,"revenue":670541.484375,"cost":236567.51953125,"profit":433973.90625,"discounts":372371.0546875,"margin":64.69999694824219,"category_avg_margin":48.29999923706055,"vs_category":16.4,"rank":5.0,"total_brands":46.0},{"category_clean":"PRE ROLL PACK","units":4500,"revenue":75371.376953125,"cost":26745.0,"profit":48626.376953125,"discounts":14758.624267578125,"margin":64.5,"category_avg_margin":54.5,"vs_category":10.0,"rank":10.0,"total_brands":14.0}],"trend":[{"period":"2024-02","revenue":111386.25,"cost":51835.0,"margin":53.5,"units":4182,"transactions":2118,"profit":59551.25,"revenue_change_pct":null,"units_change_pct":null,"margin_change_pts":null},{"period":"2024-03","revenue":248832.109375,"cost":106050.0,"margin":57.4,"units":8146,"transactions":4864,"profit":142782.099609375,"revenue_change_pct":123.4,"units_change_pct":94.8,"margin_change_pts":3.9},{"period":"2024-04","revenue":293790.859375,"cost":143194.375,"margin":51.3,"units":10964,"transactions":6638,"profit":150596.474609375,"revenue_change_pct":18.1,"units_change_pct":34.6,"margin_change_pts":-6.1},{"period":"2024-05","revenue":350925.9765625,"cost":157050.625,"margin":55.2,"units":12554,"transactions":8028,"profit":193875.3515625,"revenue_change_pct":19.4,"units_change_pct":14.5,"margin_change_pts":4.0},{"period":"2024-06","revenue":364735.1953125,"cost":164449.375,"margin":54.9,"units":11994,"transactions":7846,"profit":200285.8203125,"revenue_change_pct":3.9,"units_change_pct":-4.5,"margin_change_pts":-0.3},{"period":"2024-07","revenue":314218.8671875,"cost":138456.25,"margin":55.9,"units":11932,"transactions":8372,"profit":175762.6171875,"revenue_change_pct":-13.9,"units_change_pct":-0.5,"margin_change_pts":1.0},{"period":"2024-08","revenue":453638.4375,"cost":212900.625,"margin":53.1,"units":19548,"transactions":12122,"profit":240737.79296875,"revenue_change_pct":44.4,"units_change_pct":63.8,"margin_change_pts":-2.9},{"period":"2024-09","revenue":622027.5390625,"cost":283397.5,"margin":54.4,"units":25974,"transactions":15406,"profit":338630.0390625,"revenue_change_pct":37.1,"units_change_pct":32.9,"margin_change_pts":1.4},{"period":"2024-10","revenue":766054.609375,"cost":349777.5,"margin":54.3,"units":33276,"transactions":18528,"profit":416277.0703125,"revenue_change_pct":23.2,"units_change_pct":28.1,"margin_change_pts":-0.1},{"period":"2024-11","revenue":588092.734375,"cost":284482.5,"margin":51.6,"units":23798,"transactions":14512,"profit":303610.25390625,"revenue_change_pct":-23.2,"units_change_pct":-28.5,"margin_change_pts":-2.7},{"period":"2024-12","revenue":528025.15625,"cost":239355.625,"margin":54.7,"units":21002,"transactions":13886,"profit":288669.53125,"revenue_change_pct":-10.2,"units_change_pct":-11.7,"margin_change_pts":3.0},{"period":"2025-01","revenue":465837.0703125,"cost":212891.25,"margin":54.3,"units":19520,"transactions":12342,"profit":252945.8203125,"revenue_change_pct":-11.8,"units_change_pct":-7.1,"margin_change_pts":-0.4},{"period":"2025-02","revenue":468020.9375,"cost":212160.0,"margin":54.7,"units":19046,"transactions":11748,"profit":255860.95703125,"revenue_change_pct":0.5,"units_change_pct":-2.4,"margin_change_pts":0.4},{"period":"2025-03","revenue":524960.6640625,"cost":243856.25,"margin":53.5,"units":20198,"transactions":12680,"profit":281104.43359375,"revenue_change_pct":12.2,"units_change_pct":6.0,"margin_change_pts":-1.1},{"period":"2025-04","revenue":392291.171875,"cost":198039.375,"margin":49.5,"units":18864,"transactions":11392,"profit":194251.796875,"revenue_change_pct":-25.3,"units_change_pct":-6.6,"margin_change_pts":-4.0},{"period":"2025-05","revenue":354346.7578125,"cost":168245.0,"margin":52.5,"units":16814,"transactions":9822,"profit":186101.77734375,"revenue_change_pct":-9.7,"units_change_pct":-10.9,"margin_change_pts":3.0},{"period":"2025-06","revenue":332032.265625,"cost":156860.625,"margin":52.8,"units":15278,"transactions":9042,"profit":175171.640625,"revenue_change_pct":-6.3,"units_change_pct":-9.1,"margin_change_pts":0.2},{"period":"2025-07","revenue":69336.1767578125,"cost":31891.875,"margin":54.0,"units":3990,"transactions":3042,"profit":37444.29931640625,"revenue_change_pct":-79.1,"units_change_pct":-73.9,"margin_change_pts":1.2},{"period":"2025-08","revenue":116510.99609375,"cost":44845.625,"margin":61.5,"units":6154,"transactions":3680,"profit":71665.3759765625,"revenue_change_pct":68.0,"units_change_pct":54.2,"margin_change_pts":7.5},{"period":"2025-09","revenue":212958.84765625,"cost":83439.375,"margin":60.8,"units":10142,"transactions":6278,"profit":129519.47265625,"revenue_change_pct":82.8,"units_change_pct":64.8,"margin_change_pts":-0.7},{"period":"2025-10","revenue":238612.421875,"cost":90147.529296875,"margin":62.2,"units":10914,"transactions":6642,"profit":148464.90234375,"revenue_change_pct":12.0,"units_change_pct":7.6,"margin_change_pts":1.4},{"period":"2025-11","revenue":203930.46875,"cost":80785.0,"margin":60.4,"units":9904,"transactions":6116,"profit":123145.478515625,"revenue_change_pct":-14.5,"units_change_pct":-9.3,"margin_change_pts":-1.8},{"period":"2025-12","revenue":242395.8984375,"cost":91450.0,"margin":62.3,"units":12354,"transactions":7468,"profit":150945.8984375,"revenue_change_pct":18.9,"units_change_pct":24.7,"margin_change_pts":1.9},{"period":"2026-01","revenue":143114.1796875,"cost":56790.0,"margin":60.3,"units":6448,"transactions":4236,"profit":86324.1796875,"revenue_change_pct":-41.0,"units_change_pct":-47.8,"margin_change_pts":-2.0}],"share_of_category":[{"category":"FLOWER","brand_revenue":7643460.625,"category_revenue":77755450.0,"revenue_share_pct":9.800000190734863,"brand_units":262748,"category_units":2708446,"units_share_pct":9.7},{"category":"PRE ROLL","brand_revenue":670541.40625,"category_revenue":14009791.25,"revenue_share_pct":4.800000190734863,"brand_units":85484,"category_units":1485736,"units_share_pct":5.8},{"category":"PRE ROLL PACK","brand_revenue":75371.3720703125,"category_revenue":3903863.75,"revenue_share_pct":1.899999976158142,"brand_units":4500,"category_units":123714,"units_share_pct":3.6},{"category":0.0,"brand_revenue":0.0,"category_revenue":0.0,"revenue_share_pct":0.0,"brand_units":0,"category_units":0,"units_share_pct":0.0}],"share_of_category_trend":{"FLOWER":[{"period":"2024-01","brand_revenue":0.0,"category_revenue":3552357.8125,"share_pct":0.0},{"period":"2024-02","brand_revenue":110883.75,"category_revenue":3535245.625,"share_pct":3.0999999046325684},{"period":"2024-03","brand_revenue":227422.265625,"category_revenue":3693805.625,"share_pct":6.199999809265137},{"period":"2024-04","brand_revenue":265973.22265625,"category_revenue":3541899.6875,"share_pct":7.5},{"period":"2024-05","brand_revenue":326075.09765625,"category_revenue":3537479.375,"share_pct":9.199999809265137},{"period":"2024-06","brand_revenue":346055.1171875,"category_revenue":3403269.6875,"share_pct":10.199999809265137},{"period":"2024-07","brand_revenue":292260.7421875,"category_revenue":3457705.9375,"share_pct":8.5},{"period":"2024-08","brand_revenue":416909.0234375,"category_revenue":3453819.375,"share_pct":12.100000381469727},{"period":"2024-09","brand_revenue":567562.03125,"category_revenue":3316441.5625,"share_pct":17.100000381469727},{"period":"2024-10","brand_revenue":688002.8125,"category_revenue":3585775.0,"share_pct":19.200000762939453},{"period":"2024-11","brand_revenue":542777.65625,"category_revenue":3454855.3125,"share_pct":15.699999809265137},{"period":"2024-12","brand_revenue":488856.25,"category_revenue":3226567.8125,"share_pct":15.199999809265137},{"period":"2025-01","brand_revenue":425171.71875,"category_revenue":2984938.125,"share_pct":14.199999809265137},{"period":"2025-02","brand_revenue":426644.84375,"category_revenue":2816220.0,"share_pct":15.100000381469727},{"period":"2025-03","brand_revenue":494096.484375,"category_revenue":2911379.6875,"share_pct":17.0},{"period":"2025-04","brand_revenue":354998.984375,"category_revenue":3118895.3125,"share_pct":11.399999618530273},{"period":"2025-05","brand_revenue":314644.62890625,"category_revenue":2887345.0,"share_pct":10.899999618530273},{"period":"2025-06","brand_revenue":295614.765625,"category_revenue":2773698.125,"share_pct":10.699999809265137},{"period":"2025-07","brand_revenue":51715.0,"category_revenue":2782763.125,"share_pct":1.899999976158142},{"period":"2025-08","brand_revenue":95103.75,"category_revenue":2733122.8125,"share_pct":3.5},{"period":"2025-09","brand_revenue":185535.33203125,"category_revenue":2603501.5625,"share_pct":7.099999904632568},{"period":"2025-10","brand_revenue":214025.05859375,"category_revenue":2663705.0,"share_pct":8.0},{"period":"2025-11","brand_revenue":180941.171875,"category_revenue":2700189.0625,"share_pct":6.699999809265137},{"period":"2025-12","brand_revenue":203148.59375,"category_revenue":2515209.53125,"share_pct":8.100000381469727},{"period":"2026-01","brand_revenue":129042.1484375,"category_revenue":2505261.875,"share_pct":5.199999809265137}],"PRE ROLL":[{"period":"2024-01","brand_revenue":0.0,"category_revenue":508338.515625,"share_pct":0.0},{"period":"2024-02","brand_revenue":502.5,"category_revenue":489393.671875,"share_pct":0.10000000149011612},{"period":"2024-03","brand_revenue":21409.82421875,"category_revenue":520052.3828125,"share_pct":4.099999904632568},{"period":"2024-04","brand_revenue":18355.50048828125,"category_revenue":491300.6640625,"share_pct":3.700000047683716},{"period":"2024-05","brand_revenue":21420.625,"category_revenue":542202.890625,"share_pct":4.0},{"period":"2024-06","brand_revenue":14929.599609375,"category_revenue":507288.8671875,"share_pct":2.9000000953674316},{"period":"2024-07","brand_revenue":21958.125,"category_revenue":524250.9765625,"share_pct":4.199999809265137},{"period":"2024-08","brand_revenue":36729.3994140625,"category_revenue":612518.7109375,"share_pct":6.0},{"period":"2024-09","brand_revenue":54465.52734375,"category_revenue":586543.0078125,"share_pct":9.300000190734863},{"period":"2024-10","brand_revenue":78051.77734375,"category_revenue":641449.1796875,"share_pct":12.199999809265137},{"period":"2024-11","brand_revenue":45315.0732421875,"category_revenue":579866.71875,"share_pct":7.800000190734863},{"period":"2024-12","brand_revenue":39168.89892578125,"category_revenue":582999.5703125,"share_pct":6.699999809265137},{"period":"2025-01","brand_revenue":40665.3759765625,"category_revenue":544095.3125,"share_pct":7.5},{"period":"2025-02","brand_revenue":41376.0986328125,"category_revenue":500875.5859375,"share_pct":8.300000190734863},{"period":"2025-03","brand_revenue":28445.44921875,"category_revenue":551422.0703125,"share_pct":5.199999809265137},{"period":"2025-04","brand_revenue":29377.19970703125,"category_revenue":568189.375,"share_pct":5.199999809265137},{"period":"2025-05","brand_revenue":28758.974609375,"category_revenue":565516.875,"share_pct":5.099999904632568},{"period":"2025-06","brand_revenue":23265.2490234375,"category_revenue":560506.71875,"share_pct":4.199999809265137},{"period":"2025-07","brand_revenue":10362.9248046875,"category_revenue":600916.09375,"share_pct":1.7000000476837158},{"period":"2025-08","brand_revenue":18635.250244140625,"category_revenue":620247.5,"share_pct":3.0},{"period":"2025-09","brand_revenue":21520.0244140625,"category_revenue":608971.09375,"share_pct":3.5},{"period":"2025-10","brand_revenue":18219.47509765625,"category_revenue":645293.1640625,"share_pct":2.799999952316284},{"period":"2025-11","brand_revenue":17585.30029296875,"category_revenue":581113.4765625,"share_pct":3.0},{"period":"2025-12","brand_revenue":31706.75048828125,"category_revenue":553088.5546875,"share_pct":5.699999809265137},{"period":"2026-01","brand_revenue":8316.525268554688,"category_revenue":523350.9375,"share_pct":1.600000023841858}],"PRE ROLL PACK":[{"period":"2024-01","brand_revenue":0.0,"category_revenue":169271.89453125,"share_pct":0.0},{"period":"2024-02","brand_revenue":0.0,"category_revenue":174199.375,"share_pct":0.0},{"period":"2024-03","brand_revenue":0.0,"category_revenue":187083.0078125,"share_pct":0.0},{"period":"2024-04","brand_revenue":0.0,"category_revenue":179617.6171875,"share_pct":0.0},{"period":"2024-05","brand_revenue":0.0,"category_revenue":198875.703125,"share_pct":0.0},{"period":"2024-06","brand_revenue":0.0,"category_revenue":182181.42578125,"share_pct":0.0},{"period":"2024-07","brand_revenue":0.0,"category_revenue":189754.43359375,"share_pct":0.0},{"period":"2024-08","brand_revenue":0.0,"category_revenue":163466.5234375,"share_pct":0.0},{"period":"2024-09","brand_revenue":0.0,"category_revenue":145157.197265625,"share_pct":0.0},{"period":"2024-10","brand_revenue":0.0,"category_revenue":143902.822265625,"share_pct":0.0},{"period":"2024-11","brand_revenue":0.0,"category_revenue":169051.3671875,"share_pct":0.0},{"period":"2024-12","brand_revenue":0.0,"category_revenue":186738.92578125,"share_pct":0.0},{"period":"2025-01","brand_revenue":0.0,"category_revenue":222888.57421875,"share_pct":0.0},{"period":"2025-02","brand_revenue":0.0,"category_revenue":186213.06640625,"share_pct":0.0},{"period":"2025-03","brand_revenue":2418.75,"category_revenue":195415.56640625,"share_pct":1.2000000476837158},{"period":"2025-04","brand_revenue":7915.0,"category_revenue":188683.2421875,"share_pct":4.199999809265137},{"period":"2025-05","brand_revenue":10943.175048828125,"category_revenue":231505.29296875,"share_pct":4.699999809265137},{"period":"2025-06","brand_revenue":13152.249755859375,"category_revenue":169830.2734375,"share_pct":7.699999809265137},{"period":"2025-07","brand_revenue":7258.2501220703125,"category_revenue":130345.849609375,"share_pct":5.599999904632568},{"period":"2025-08","brand_revenue":2772.0001220703125,"category_revenue":108797.099609375,"share_pct":2.5},{"period":"2025-09","brand_revenue":5844.000244140625,"category_revenue":99689.677734375,"share_pct":5.900000095367432},{"period":"2025-10","brand_revenue":6367.8997802734375,"category_revenue":67141.8505859375,"share_pct":9.5},{"period":"2025-11","brand_revenue":5404.000244140625,"category_revenue":80167.7978515625,"share_pct":6.699999809265137},{"period":"2025-12","brand_revenue":7540.5499267578125,"category_revenue":71818.3740234375,"share_pct":10.5},{"period":"2026-01","brand_revenue":5755.4998779296875,"category_revenue":62066.826171875,"share_pct":9.300000190734863}]},"discount_depth":[{"tier":"0% (Full Price)","transactions":35428,"pct_of_transactions":12.7,"revenue":1586877.5,"avg_discount":0.0},{"tier":"1-10%","transactions":4922,"pct_of_transactions":1.8,"revenue":264393.0859375,"avg_discount":19.799999237060547},{"tier":"11-20%","transactions":3080,"pct_of_transactions":1.1,"revenue":159890.078125,"avg_discount":38.400001525878906},{"tier":"21-30%","transactions":4264,"pct_of_transactions":1.5,"revenue":88033.017578125,"avg_discount":52.0},{"tier":"31%+","transactions":192242,"pct_of_transactions":68.9,"revenue":5248668.75,"avg_discount":73.19999694824219}],"velocity":{"units_per_day":488.24,"revenue_per_day":11626.650390625,"avg_units_per_txn":3.26,"days_of_data":723,"total_units":352996,"total_transactions":216808},"velocity_by_category":[{"category":"FLOWER","brand_units_per_day":344.82,"category_avg_units_per_day":55.54,"velocity_index":620.9,"brand_rev_per_unit":23.27,"category_rev_per_unit":22.97,"brands_in_category":64},{"category":"PRE ROLL","brand_units_per_day":112.18,"category_avg_units_per_day":42.38,"velocity_index":264.7,"brand_rev_per_unit":6.28,"category_rev_per_unit":7.54,"brands_in_category":46},{"category":"PRE ROLL PACK","brand_units_per_day":5.9,"category_avg_units_per_day":11.6,"velocity_index":50.9,"brand_rev_per_unit":13.4,"category_rev_per_unit":25.24,"brands_in_category":14},{"category":0.0,"brand_units_per_day":0.0,"category_avg_units_per_day":0,"velocity_index":0,"brand_rev_per_unit":0.0,"category_rev_per_unit":0.0,"brands_in_category":0}],"deals":[{"deal_name":"Stock & Save - 1/4 for $40","times_used":68576,"units":128944.0,"revenue":3222375.349972248,"discounts":1613024.6499967575,"cost":1611800.0,"profit":1610575.3499989212,"pre_discount_revenue":4835400.0,"margin":50.0,"avg_discount":66.8},{"deal_name":"Industry - 30% Off","times_used":24936,"units":28019.0,"revenue":676640.2997207642,"discounts":292822.20027565956,"cost":320872.5,"profit":355767.7997279167,"pre_discount_revenue":969462.5,"margin":52.6,"avg_discount":60.4},{"deal_name":"Lit4Less - 1/4 for $40","times_used":19722,"units":35050.666666666664,"revenue":875047.341676553,"discounts":439302.65832940734,"cost":358424.1666666666,"profit":516623.1750042853,"pre_discount_revenue":1314350.0,"margin":59.0,"avg_discount":66.8},{"deal_name":"Stock & Save - PR - 5 for $30","times_used":10640,"units":26197.0,"revenue":196545.3999978304,"discounts":124787.10000514984,"cost":73510.9375,"profit":123034.46249768138,"pre_discount_revenue":321332.5,"margin":62.6,"avg_discount":77.6},{"deal_name":"Hustlers Ambition 1/4 for $40","times_used":7308,"units":16728.0,"revenue":418248.32500457764,"discounts":209051.67499542236,"cost":209100.0,"profit":209148.32499980927,"pre_discount_revenue":627300.0,"margin":50.0,"avg_discount":66.6},{"deal_name":"Lit4Less - PR - 5 for $30","times_used":6050,"units":10854.0,"revenue":81262.7625001967,"discounts":48744.7375023365,"cost":27812.52499999944,"profit":53450.23749733344,"pre_discount_revenue":130007.5,"margin":65.8,"avg_discount":75.0},{"deal_name":"30% Off Special","times_used":3372,"units":3747.0,"revenue":79330.0000178814,"discounts":34144.999948740005,"cost":37456.25,"profit":41873.750051259995,"pre_discount_revenue":113475.0,"margin":52.8,"avg_discount":60.2},{"deal_name":"Senior - 10% Off","times_used":2212,"units":3336.0,"revenue":159295.74954509735,"discounts":18144.250030517578,"cost":63058.75,"profit":96237.00016498566,"pre_discount_revenue":177440.0,"margin":60.4,"avg_discount":20.4},{"deal_name":"Industry 30% Off","times_used":2120,"units":2534.0,"revenue":47472.86253660917,"discounts":20632.137504816055,"cost":19588.75,"profit":27884.112547524273,"pre_discount_revenue":68105.0,"margin":58.7,"avg_discount":60.6},{"deal_name":"GW - 50% Off Flower","times_used":1966,"units":3428.0,"revenue":82649.14999961853,"discounts":82900.85000038147,"cost":56725.0,"profit":25924.150000214577,"pre_discount_revenue":165550.0,"margin":31.4,"avg_discount":100.2},{"deal_name":"4/20 2025 - Flower / Infused","times_used":1962,"units":3440.0,"revenue":60723.07500034571,"discounts":60851.9250023365,"cost":39981.25,"profit":20741.825000047684,"pre_discount_revenue":121575.0,"margin":34.2,"avg_discount":100.2},{"deal_name":"Jackpot - Locals 30% Off","times_used":1514,"units":2029.0,"revenue":101025.74978768826,"discounts":43326.750212311745,"cost":52795.3125,"profit":48230.437287688255,"pre_discount_revenue":144352.5,"margin":47.7,"avg_discount":60.0},{"deal_name":"4/20 50% Off!!!!","times_used":1368,"units":2544.0,"revenue":45643.75,"discounts":45643.75,"cost":31285.0,"profit":14358.75,"pre_discount_revenue":91287.5,"margin":31.5,"avg_discount":100.0},{"deal_name":"Veterans - 10% Off","times_used":1242,"units":1515.0,"revenue":61959.53738570213,"discounts":7122.962509095669,"cost":24146.875,"profit":37812.6625585556,"pre_discount_revenue":69082.5,"margin":61.0,"avg_discount":20.6},{"deal_name":"Senior / Veterans - 20% Off","times_used":1220,"units":1717.0,"revenue":72097.50010967255,"discounts":18172.50003039837,"cost":31966.25,"profit":40131.25010550022,"pre_discount_revenue":90270.0,"margin":55.7,"avg_discount":40.2},{"deal_name":"50% Off - G2B","times_used":746,"units":1310.0,"revenue":22649.787496328354,"discounts":22757.712502479553,"cost":12070.0,"profit":10579.787499904633,"pre_discount_revenue":45407.5,"margin":46.7,"avg_discount":100.2},{"deal_name":"Employee 30% - NOT FRIDAYS","times_used":564,"units":615.0,"revenue":14081.750025749207,"discounts":6083.249980807304,"cost":6280.625,"profit":7801.1250257492065,"pre_discount_revenue":20165.0,"margin":55.4,"avg_discount":60.4},{"deal_name":"Employee - 40% OFF","times_used":376,"units":540.0,"revenue":12241.57500743866,"discounts":8190.9250020980835,"cost":6563.125,"profit":5678.4499990567565,"pre_discount_revenue":20432.5,"margin":46.4,"avg_discount":80.2},{"deal_name":"LVAC - 25% Off","times_used":282,"units":303.0,"revenue":6279.375,"discounts":2190.625,"cost":2608.75,"profit":3670.625,"pre_discount_revenue":8470.0,"margin":58.5,"avg_discount":51.8},{"deal_name":"5 for $30 Hustlers Ambition PRs","times_used":262,"units":1448.0,"revenue":10900.0,"discounts":7200.0,"cost":3691.875,"profit":7208.125,"pre_discount_revenue":18100.0,"margin":66.1,"avg_discount":79.6},{"deal_name":"Hustlers Ambition 1/2 for $80","times_used":218,"units":1096.0,"revenue":27400.0,"discounts":13700.0,"cost":13700.0,"profit":13700.0,"pre_discount_revenue":41100.0,"margin":50.0,"avg_discount":66.6},{"deal_name":"Jasper","times_used":112,"units":38.666666666666664,"revenue":912.3333350817363,"discounts":390.99999825159705,"cost":428.33333333333337,"profit":484.00000174840284,"pre_discount_revenue":1303.3333333333335,"margin":53.1,"avg_discount":60.0},{"deal_name":"Hustlers Ambition","times_used":112,"units":38.666666666666664,"revenue":912.3333350817363,"discounts":390.99999825159705,"cost":428.33333333333337,"profit":484.00000174840284,"pre_discount_revenue":1303.3333333333335,"margin":53.1,"avg_discount":60.0},{"deal_name":"Big Chief - 30% Off","times_used":112,"units":38.666666666666664,"revenue":912.3333350817363,"discounts":390.99999825159705,"cost":428.33333333333337,"profit":484.00000174840284,"pre_discount_revenue":1303.3333333333335,"margin":53.1,"avg_discount":60.0},{"deal_name":"Hustlers Ambition 1oz - $100","times_used":104,"units":246.0,"revenue":15400.0,"discounts":3050.0,"cost":7687.5,"profit":7712.5,"pre_discount_revenue":18450.0,"margin":50.1,"avg_discount":33.0},{"deal_name":"Hustlers Ambition 2oz - $200","times_used":100,"units":400.0,"revenue":25000.0,"discounts":5000.0,"cost":12500.0,"profit":12500.0,"pre_discount_revenue":30000.0,"margin":50.0,"avg_discount":33.4},{"deal_name":"Store Credit - $25","times_used":70,"units":103.0,"revenue":1815.8875013887882,"discounts":1545.3625017404556,"cost":885.0,"profit":930.8874996565282,"pre_discount_revenue":3361.25,"margin":51.3,"avg_discount":92.0},{"deal_name":"Store Credit - $15","times_used":42,"units":49.666666666666664,"revenue":908.429166873296,"discounts":800.320833126704,"cost":456.66666666666663,"profit":451.76250010728836,"pre_discount_revenue":1708.75,"margin":49.7,"avg_discount":93.6},{"deal_name":"$130 - HUSTLERS AMBITION PRE-PACKED OUNCES","times_used":40,"units":46.0,"revenue":7475.0,"discounts":2875.0,"cost":3450.0,"profit":4025.0,"pre_discount_revenue":10350.0,"margin":53.8,"avg_discount":55.6},{"deal_name":"40% Off Special","times_used":34,"units":36.0,"revenue":593.9999914169312,"discounts":395.9999978542328,"cost":315.0,"profit":279.0000021457672,"pre_discount_revenue":990.0,"margin":47.0,"avg_discount":80.0},{"deal_name":"Store Credit - $50","times_used":14,"units":16.666666666666668,"revenue":282.5916664799054,"discounts":292.40833322207135,"cost":154.16666666666666,"profit":128.42500009806827,"pre_discount_revenue":575.0,"margin":45.4,"avg_discount":101.8},{"deal_name":"Main St Happy Hour - 25% Off","times_used":10,"units":12.0,"revenue":277.5,"discounts":92.5,"cost":100.0,"profit":177.5,"pre_discount_revenue":370.0,"margin":64.0,"avg_discount":50.0},{"deal_name":"Veterans Day - 30% Off For Veterans!","times_used":10,"units":22.0,"revenue":816.25,"discounts":358.75,"cost":404.375,"profit":411.875,"pre_discount_revenue":1175.0,"margin":50.5,"avg_discount":61.0},{"deal_name":"Store Credit - $75","times_used":8,"units":11.0,"revenue":140.02499848604202,"discounts":219.9750030040741,"cost":95.0,"profit":45.02499971538782,"pre_discount_revenue":360.0,"margin":32.2,"avg_discount":122.2},{"deal_name":"Reno - Early Bird - Senior / Veterans - 20%","times_used":6,"units":6.0,"revenue":147.99999952316284,"discounts":36.99999988079071,"cost":50.0,"profit":97.99999952316284,"pre_discount_revenue":185.0,"margin":66.2,"avg_discount":40.0},{"deal_name":"Store Credit - $100","times_used":4,"units":4.0,"revenue":30.0,"discounts":70.0,"cost":25.0,"profit":5.0,"pre_discount_revenue":100.0,"margin":16.7,"avg_discount":140.0},{"deal_name":"Medical - 10%","times_used":4,"units":4.0,"revenue":42.750000953674316,"discounts":4.749999940395355,"cost":10.625,"profit":32.12499976158142,"pre_discount_revenue":47.5,"margin":75.1,"avg_discount":20.0},{"deal_name":"Senior Sunday - RENO ONLY - 20% Off","times_used":2,"units":4.0,"revenue":32.00000047683716,"discounts":8.00000011920929,"cost":11.25,"profit":20.750000476837158,"pre_discount_revenue":40.0,"margin":64.8,"avg_discount":40.0},{"deal_name":"Senior Sunday - SAHARA ONLY - 20% Off","times_used":2,"units":2.0,"revenue":60.0,"discounts":15.0,"cost":25.0,"profit":35.0,"pre_discount_revenue":75.0,"margin":58.3,"avg_discount":40.0},{"deal_name":"Sammy Davis Early Bird - 15% Off","times_used":2,"units":2.0,"revenue":63.75,"discounts":11.25,"cost":20.0,"profit":43.75,"pre_discount_revenue":75.0,"margin":68.6,"avg_discount":30.0},{"deal_name":"Store Credit - $150","times_used":2,"units":9.0,"revenue":112.5,"discounts":225.0,"cost":90.0,"profit":22.5,"pre_discount_revenue":337.5,"margin":20.0,"avg_discount":133.4}],"top_products":[{"product":"STICKY FINGERS EIGHTH - HUSTLERS AMBITION","units":32318,"revenue":827520.234375,"cost":381855.0,"profit":445665.234375,"transactions":24070,"margin":53.900001525878906},{"product":"MOCHI GELATO EIGHTH - HUSTLERS AMBITION","units":20488,"revenue":518936.71875,"cost":256100.0,"profit":262836.69921875,"transactions":16316,"margin":50.599998474121094},{"product":"PAPAYA MASTER EIGHTH - HUSTLERS AMBITION","units":17772,"revenue":449872.6953125,"cost":217430.0,"profit":232442.6953125,"transactions":14174,"margin":51.70000076293945},{"product":"CANOLI KUSH EIGHTH - HUSTLERS AMBITION","units":13598,"revenue":354312.65625,"cost":167615.0,"profit":186697.65625,"transactions":10658,"margin":52.70000076293945},{"product":"MAC N CHEESE EIGHTH - HUSTLERS AMBITION","units":13120,"revenue":335178.6328125,"cost":164000.0,"profit":171178.65234375,"transactions":10704,"margin":51.099998474121094},{"product":"ARM CANDY EIGHTH - HUSTLERS AMBITION","units":12836,"revenue":333892.6171875,"cost":157325.0,"profit":176567.6171875,"transactions":9834,"margin":52.900001525878906},{"product":"ZOOTIEZ EIGHTH - HUSTLERS AMBITION","units":11598,"revenue":301050.5078125,"cost":144975.0,"profit":156075.498046875,"transactions":9116,"margin":51.79999923706055},{"product":"RAINBOW RUNTZ EIGHTH - HUSTLERS AMBITION","units":8496,"revenue":221115.99609375,"cost":106200.0,"profit":114915.99609375,"transactions":6936,"margin":52.0},{"product":"ANIMAL FACE EIGHTH - HUSTLERS AMBITION","units":6292,"revenue":159579.072265625,"cost":62970.0,"profit":96609.072265625,"transactions":4702,"margin":60.5},{"product":"RAINBOW RUNTZ HALF OUNCE - HUSTLERS AMBITION","units":2186,"revenue":156137.24609375,"cost":68312.5,"profit":87824.74609375,"transactions":1802,"margin":56.20000076293945},{"product":"TRAINWRECK EIGHTH - HUSTLERS AMBITION","units":5970,"revenue":151589.375,"cost":69275.0,"profit":82314.375,"transactions":4636,"margin":54.29999923706055},{"product":"APPLE TARTZ EIGHTH - HUSTLERS AMBITION","units":5084,"revenue":145758.57421875,"cost":63550.0,"profit":82208.57421875,"transactions":4316,"margin":56.400001525878906},{"product":"BANANA SPLIT EIGHTH - HUSTLERS AMBITION","units":5074,"revenue":131495.0,"cost":63425.0,"profit":68070.0,"transactions":4210,"margin":51.79999923706055},{"product":"GRAPE PIE EIGHTH - HUSTLERS AMBITION","units":4818,"revenue":126797.12890625,"cost":60225.0,"profit":66572.1240234375,"transactions":4088,"margin":52.5},{"product":"DONNY BURGER EIGHTH - HUSTLERS AMBITION","units":5100,"revenue":124769.921875,"cost":63750.0,"profit":61019.9267578125,"transactions":3450,"margin":48.900001525878906},{"product":"JACKPOT OG EIGHTH - HUSTLERS AMBITION","units":4674,"revenue":124433.30078125,"cost":58425.0,"profit":66008.30078125,"transactions":3874,"margin":53.0},{"product":"ZOOTIES EIGHTH - HUSTLERS AMBITION","units":4654,"revenue":121171.25,"cost":58175.0,"profit":62996.25,"transactions":3614,"margin":52.0},{"product":"CANDY RAIN EIGHTH - HUSTLERS AMBITION","units":3832,"revenue":102506.25,"cost":47900.0,"profit":54606.25,"transactions":3248,"margin":53.29999923706055},{"product":"PURPLE CADILLAC EIGHTH - HUSTLERS AMBITION","units":3870,"revenue":98859.052734375,"cost":48375.0,"profit":50484.0478515625,"transactions":3208,"margin":51.099998474121094},{"product":"STICKY FINGERS HALF OUNCE - HUSTLERS AMBITION","units":1334,"revenue":97882.998046875,"cost":41687.5,"profit":56195.498046875,"transactions":1118,"margin":57.400001525878906},{"product":"MANGO HAZE EIGHTH - HUSTLERS AMBITION","units":3444,"revenue":88752.5,"cost":43050.0,"profit":45702.5,"transactions":2840,"margin":51.5},{"product":"INNOVATION HALF OUNCE - HUSTLERS AMBITION","units":1292,"revenue":82249.12109375,"cost":40375.0,"profit":41874.1259765625,"transactions":1002,"margin":50.900001525878906},{"product":"MOCHI GELATO HALF OUNCE - HUSTLERS AMBITION","units":1054,"revenue":80494.248046875,"cost":32937.5,"profit":47556.748046875,"transactions":876,"margin":59.099998474121094},{"product":"BLACK CHERRY GELATO EIGHTH - HUSTLERS AMBITION","units":2782,"revenue":71616.25,"cost":32270.0,"profit":39346.25,"transactions":2362,"margin":54.900001525878906},{"product":"CANOLI KUSH HALF OUNCE - HUSTLERS AMBITION","units":846,"revenue":62400.625,"cost":26437.5,"profit":35963.125,"transactions":726,"margin":57.599998474121094}],"products_by_store":{"Elevation Springs":[{"product":"STICKY FINGERS EIGHTH - HUSTLERS AMBITION","units":5640,"revenue":144514.5703125,"cost":68925.0,"profit":75589.5751953125,"transactions":4306,"margin":52.29999923706055},{"product":"MOCHI GELATO EIGHTH - HUSTLERS AMBITION","units":4546,"revenue":114346.25,"cost":56825.0,"profit":57521.25,"transactions":3606,"margin":50.29999923706055},{"product":"PAPAYA MASTER EIGHTH - HUSTLERS AMBITION","units":4056,"revenue":103301.103515625,"cost":50200.0,"profit":53101.0986328125,"transactions":3386,"margin":51.400001525878906},{"product":"ARM CANDY EIGHTH - HUSTLERS AMBITION","units":3452,"revenue":90915.0,"cost":42400.0,"profit":48515.0,"transactions":2670,"margin":53.400001525878906},{"product":"MAC N CHEESE EIGHTH - HUSTLERS AMBITION","units":3222,"revenue":82251.77734375,"cost":40275.0,"profit":41976.77734375,"transactions":2688,"margin":51.0},{"product":"ZOOTIEZ EIGHTH - HUSTLERS AMBITION","units":2818,"revenue":75179.248046875,"cost":35225.0,"profit":39954.25048828125,"transactions":2162,"margin":53.099998474121094},{"product":"CANOLI KUSH EIGHTH - HUSTLERS AMBITION","units":2618,"revenue":68462.5,"cost":32225.0,"profit":36237.5,"transactions":2006,"margin":52.900001525878906},{"product":"JACKPOT OG EIGHTH - HUSTLERS AMBITION","units":2076,"revenue":53382.5,"cost":25950.0,"profit":27432.5,"transactions":1662,"margin":51.400001525878906},{"product":"APPLE TARTZ EIGHTH - HUSTLERS AMBITION","units":1544,"revenue":43930.0,"cost":19300.0,"profit":24630.0,"transactions":1296,"margin":56.099998474121094},{"product":"RAINBOW RUNTZ EIGHTH - HUSTLERS AMBITION","units":1676,"revenue":43706.25,"cost":20950.0,"profit":22756.25,"transactions":1408,"margin":52.099998474121094},{"product":"PURPLE CADILLAC EIGHTH - HUSTLERS AMBITION","units":1512,"revenue":38491.25,"cost":18900.0,"profit":19591.25,"transactions":1304,"margin":50.900001525878906},{"product":"GRAPE PIE EIGHTH - HUSTLERS AMBITION","units":1358,"revenue":35441.25,"cost":16975.0,"profit":18466.25,"transactions":1178,"margin":52.099998474121094},{"product":"ZOOTIES EIGHTH - HUSTLERS AMBITION","units":1318,"revenue":34748.75,"cost":16475.0,"profit":18273.75,"transactions":1064,"margin":52.599998474121094},{"product":"CANDY RAIN EIGHTH - HUSTLERS AMBITION","units":1164,"revenue":30760.0,"cost":14550.0,"profit":16210.0,"transactions":1018,"margin":52.70000076293945},{"product":"DONNY BURGER EIGHTH - HUSTLERS AMBITION","units":1284,"revenue":30660.0,"cost":16050.0,"profit":14610.0,"transactions":876,"margin":47.70000076293945}],"Elevation Mesa":[{"product":"STICKY FINGERS EIGHTH - HUSTLERS AMBITION","units":11416,"revenue":294148.37890625,"cost":135710.0,"profit":158438.37890625,"transactions":8728,"margin":53.900001525878906},{"product":"MOCHI GELATO EIGHTH - HUSTLERS AMBITION","units":7624,"revenue":193647.6171875,"cost":95300.0,"profit":98347.626953125,"transactions":6138,"margin":50.79999923706055},{"product":"PAPAYA MASTER EIGHTH - HUSTLERS AMBITION","units":5700,"revenue":143717.5,"cost":71250.0,"profit":72467.5,"transactions":4608,"margin":50.400001525878906},{"product":"CANOLI KUSH EIGHTH - HUSTLERS AMBITION","units":5254,"revenue":137346.279296875,"cost":64555.0,"profit":72791.2744140625,"transactions":4012,"margin":53.0},{"product":"ZOOTIEZ EIGHTH - HUSTLERS AMBITION","units":4912,"revenue":127285.0,"cost":61400.0,"profit":65885.0,"transactions":3794,"margin":51.79999923706055},{"product":"MAC N CHEESE EIGHTH - HUSTLERS AMBITION","units":4760,"revenue":122009.27734375,"cost":59500.0,"profit":62509.27734375,"transactions":3904,"margin":51.20000076293945},{"product":"ARM CANDY EIGHTH - HUSTLERS AMBITION","units":3684,"revenue":95560.751953125,"cost":45800.0,"profit":49760.751953125,"transactions":2854,"margin":52.099998474121094},{"product":"RAINBOW RUNTZ EIGHTH - HUSTLERS AMBITION","units":3010,"revenue":77726.748046875,"cost":37625.0,"profit":40101.75048828125,"transactions":2422,"margin":51.599998474121094},{"product":"BANANA SPLIT EIGHTH - HUSTLERS AMBITION","units":2666,"revenue":67856.748046875,"cost":33325.0,"profit":34531.75048828125,"transactions":2248,"margin":50.900001525878906},{"product":"APPLE TARTZ EIGHTH - HUSTLERS AMBITION","units":2334,"revenue":67455.8251953125,"cost":29175.0,"profit":38280.8251953125,"transactions":1984,"margin":56.70000076293945},{"product":"MANGO HAZE EIGHTH - HUSTLERS AMBITION","units":2314,"revenue":59829.375,"cost":28925.0,"profit":30904.375,"transactions":1892,"margin":51.70000076293945},{"product":"GRAPE PIE EIGHTH - HUSTLERS AMBITION","units":2132,"revenue":56430.2490234375,"cost":26650.0,"profit":29780.2490234375,"transactions":1768,"margin":52.79999923706055},{"product":"LAVA PIE EIGHTH - HUSTLERS AMBITION","units":1742,"revenue":44996.875,"cost":21775.0,"profit":23221.875,"transactions":1296,"margin":51.599998474121094},{"product":"CANDY RAIN EIGHTH - HUSTLERS AMBITION","units":1618,"revenue":43064.1748046875,"cost":20225.0,"profit":22839.1748046875,"transactions":1354,"margin":53.0},{"product":"CANDY SHOP EIGHTH - HUSTLERS AMBITION","units":1590,"revenue":41647.5,"cost":19875.0,"profit":21772.5,"transactions":1294,"margin":52.29999923706055}],"Elevation Oasis":[{"product":"RAINBOW RUNTZ HALF OUNCE - HUSTLERS AMBITION","units":2186,"revenue":156137.24609375,"cost":68312.5,"profit":87824.74609375,"transactions":1802,"margin":56.20000076293945},{"product":"STICKY FINGERS HALF OUNCE - HUSTLERS AMBITION","units":1334,"revenue":97882.998046875,"cost":41687.5,"profit":56195.498046875,"transactions":1118,"margin":57.400001525878906},{"product":"STICKY FINGERS EIGHTH - HUSTLERS AMBITION","units":3730,"revenue":93842.75390625,"cost":40310.0,"profit":53532.7490234375,"transactions":1938,"margin":57.0},{"product":"INNOVATION HALF OUNCE - HUSTLERS AMBITION","units":1292,"revenue":82249.12109375,"cost":40375.0,"profit":41874.1259765625,"transactions":1002,"margin":50.900001525878906},{"product":"MOCHI GELATO HALF OUNCE - HUSTLERS AMBITION","units":1054,"revenue":80494.248046875,"cost":32937.5,"profit":47556.748046875,"transactions":876,"margin":59.099998474121094},{"product":"CANOLI KUSH HALF OUNCE - HUSTLERS AMBITION","units":846,"revenue":62400.625,"cost":26437.5,"profit":35963.125,"transactions":726,"margin":57.599998474121094},{"product":"MAC N CHEESE HALF OUNCE - HUSTLERS AMBITION","units":644,"revenue":42070.0,"cost":20125.0,"profit":21945.0,"transactions":542,"margin":52.20000076293945},{"product":"LIME GLOW HALF OUNCE - HUSTLERS AMBITION","units":616,"revenue":41787.001953125,"cost":19250.0,"profit":22536.99951171875,"transactions":508,"margin":53.900001525878906},{"product":"ANIMAL FACE EIGHTH - HUSTLERS AMBITION","units":1698,"revenue":41447.7734375,"cost":16980.0,"profit":24467.77587890625,"transactions":938,"margin":59.0},{"product":"ZOOTIEZ HALF OUNCE - HUSTLERS AMBITION","units":518,"revenue":40310.2490234375,"cost":16187.5,"profit":24122.7490234375,"transactions":430,"margin":59.79999923706055},{"product":"ARM CANDY HALF OUNCE - HUSTLERS AMBITION","units":576,"revenue":38680.8740234375,"cost":18000.0,"profit":20680.8740234375,"transactions":508,"margin":53.5},{"product":"BACHELOR PARTY HALF OUNCE - HUSTLERS AMBITION","units":512,"revenue":38678.92578125,"cost":16000.0,"profit":22678.92578125,"transactions":448,"margin":58.599998474121094},{"product":"TRAINWRECK EIGHTH - HUSTLERS AMBITION","units":1510,"revenue":38276.99951171875,"cost":17625.0,"profit":20651.99951171875,"transactions":878,"margin":54.0},{"product":"PAPAYA MASTER HALF OUNCE - HUSTLERS AMBITIONS","units":464,"revenue":37470.34912109375,"cost":14500.0,"profit":22970.34912109375,"transactions":420,"margin":61.29999923706055},{"product":"JACKPOT OG HALF OUNCE - HUSTLERS AMBITION","units":470,"revenue":37045.0,"cost":14687.5,"profit":22357.5,"transactions":420,"margin":60.400001525878906}],"Elevation Downtown":[{"product":"STICKY FINGERS EIGHTH - HUSTLERS AMBITION","units":348,"revenue":8456.25,"cost":4225.0,"profit":4231.25,"transactions":270,"margin":50.0},{"product":"ARM CANDY EIGHTH - HUSTLERS AMBITION","units":328,"revenue":8212.5,"cost":3975.0,"profit":4237.5,"transactions":260,"margin":51.599998474121094},{"product":"ZOOTIEZ EIGHTH - HUSTLERS AMBITION","units":300,"revenue":6832.5,"cost":3750.0,"profit":3082.5,"transactions":222,"margin":45.099998474121094},{"product":"PAPAYA MASTER EIGHTH - HUSTLERS AMBITION","units":226,"revenue":5743.7750244140625,"cost":2575.0,"profit":3168.7750244140625,"transactions":192,"margin":55.20000076293945},{"product":"ANIMAL FACE EIGHTH - HUSTLERS AMBITION","units":172,"revenue":4397.5,"cost":1720.0,"profit":2677.5,"transactions":142,"margin":60.900001525878906},{"product":"TROPICAL COOKIES EIGHTH - HUSTLERS AMBITION","units":126,"revenue":3310.0,"cost":1450.0,"profit":1860.0,"transactions":106,"margin":56.20000076293945},{"product":"DONNY BURGER EIGHTH - HUSTLERS AMBITION","units":98,"revenue":2585.0,"cost":1225.0,"profit":1360.0,"transactions":78,"margin":52.599998474121094},{"product":"LARRY CHERRY 14 PK PRE ROLL - HUSTLERS AMBITION","units":42,"revenue":2572.5,"cost":1181.25,"profit":1391.25,"transactions":36,"margin":54.099998474121094},{"product":"POWER MOVES 7 PK PRE ROLL - HUSTLERS AMBITION","units":100,"revenue":2468.75,"cost":812.5,"profit":1656.25,"transactions":98,"margin":67.0999984741211},{"product":"GHOST TRAIN HAZE EIGHTH - HUSTLERS AMBITION","units":96,"revenue":2457.5,"cost":1200.0,"profit":1257.5,"transactions":86,"margin":51.20000076293945},{"product":"MELONADE 7 PK PRE ROLL - HUSTLERS AMBITION","units":100,"revenue":2425.0,"cost":812.5,"profit":1612.5,"transactions":92,"margin":66.5},{"product":"CARBON FIBER 7 PK PRE ROLL - HUSTLERS AMBITION","units":100,"revenue":2181.25,"cost":812.5,"profit":1368.75,"transactions":82,"margin":62.79999923706055},{"product":"MOCHI GELATO EIGHTH - HUSTLERS AMBITION","units":80,"revenue":2052.5,"cost":1000.0,"profit":1052.5,"transactions":66,"margin":51.29999923706055},{"product":"MOCHI GELATO 2 PK PRE ROLL - HUSTLERS AMBITION","units":150,"revenue":1999.7500610351562,"cost":750.0,"profit":1249.749984741211,"transactions":130,"margin":62.5},{"product":"MAC N CHEESE EIGHTH - HUSTLERS AMBITION","units":76,"revenue":1962.5,"cost":950.0,"profit":1012.5,"transactions":70,"margin":51.599998474121094}],"Elevation Midtown":[{"product":"MOCHI GELATO EIGHTH - HUSTLERS AMBITION","units":1782,"revenue":45130.0,"cost":22275.0,"profit":22855.0,"transactions":1324,"margin":50.599998474121094},{"product":"STICKY FINGERS EIGHTH - HUSTLERS AMBITION","units":1586,"revenue":40645.400390625,"cost":19075.0,"profit":21570.400390625,"transactions":1250,"margin":53.099998474121094},{"product":"PAPAYA MASTER EIGHTH - HUSTLERS AMBITION","units":1446,"revenue":36800.625,"cost":17450.0,"profit":19350.625,"transactions":1172,"margin":52.599998474121094},{"product":"CANOLI KUSH EIGHTH - HUSTLERS AMBITION","units":1236,"revenue":31077.5,"cost":15200.0,"profit":15877.5,"transactions":970,"margin":51.099998474121094},{"product":"ZOOTIEZ EIGHTH - HUSTLERS AMBITION","units":1158,"revenue":30137.5,"cost":14475.0,"profit":15662.5,"transactions":890,"margin":52.0},{"product":"ANIMAL FACE EIGHTH - HUSTLERS AMBITION","units":912,"revenue":23644.375,"cost":9120.0,"profit":14524.375,"transactions":712,"margin":61.400001525878906},{"product":"ARM CANDY EIGHTH - HUSTLERS AMBITION","units":864,"revenue":23170.0,"cost":10550.0,"profit":12620.0,"transactions":684,"margin":54.5},{"product":"RAINBOW RUNTZ EIGHTH - HUSTLERS AMBITION","units":752,"revenue":19772.249755859375,"cost":9400.0,"profit":10372.249755859375,"transactions":604,"margin":52.5},{"product":"BISCOTTI PIE EIGHTH - HUSTLERS AMBITION","units":656,"revenue":17369.749755859375,"cost":8200.0,"profit":9169.749755859375,"transactions":470,"margin":52.79999923706055},{"product":"PURPLE CADILLAC EIGHTH - HUSTLERS AMBITION","units":554,"revenue":13982.5,"cost":6925.0,"profit":7057.5,"transactions":414,"margin":50.5},{"product":"BLACK CHERRY GELATO EIGHTH - HUSTLERS AMBITION","units":538,"revenue":13587.5,"cost":6475.0,"profit":7112.5,"transactions":422,"margin":52.29999923706055},{"product":"MAC N CHEESE EIGHTH - HUSTLERS AMBITION","units":494,"revenue":12602.750244140625,"cost":6175.0,"profit":6427.750244140625,"transactions":418,"margin":51.0},{"product":"GRAPE PIE EIGHTH - HUSTLERS AMBITION","units":384,"revenue":9905.0,"cost":4800.0,"profit":5105.0,"transactions":296,"margin":51.5},{"product":"PINK ROZAY EIGHTH - HUSTLERS AMBITION","units":350,"revenue":8381.57470703125,"cost":4375.0,"profit":4006.5750122070312,"transactions":244,"margin":47.79999923706055},{"product":"TRAINWRECK EIGHTH - HUSTLERS AMBITION","units":298,"revenue":8068.75,"cost":2980.0,"profit":5088.75,"transactions":230,"margin":63.099998474121094}],"Elevation Boulevard":[{"product":"STICKY FINGERS EIGHTH - HUSTLERS AMBITION","units":8910,"revenue":228222.265625,"cost":105385.0,"profit":122837.275390625,"transactions":7042,"margin":53.79999923706055},{"product":"PAPAYA MASTER EIGHTH - HUSTLERS AMBITION","units":4516,"revenue":114054.697265625,"cost":54710.0,"profit":59344.7021484375,"transactions":3582,"margin":52.0},{"product":"MOCHI GELATO EIGHTH - HUSTLERS AMBITION","units":4502,"revenue":113743.076171875,"cost":56275.0,"profit":57468.076171875,"transactions":3786,"margin":50.5},{"product":"MAC N CHEESE EIGHTH - HUSTLERS AMBITION","units":3568,"revenue":90599.853515625,"cost":44600.0,"profit":45999.8486328125,"transactions":2878,"margin":50.79999923706055},{"product":"CANOLI KUSH EIGHTH - HUSTLERS AMBITION","units":3034,"revenue":78750.751953125,"cost":37925.0,"profit":40825.74951171875,"transactions":2500,"margin":51.79999923706055},{"product":"ARM CANDY EIGHTH - HUSTLERS AMBITION","units":2710,"revenue":69557.5,"cost":33500.0,"profit":36057.5,"transactions":2178,"margin":51.79999923706055},{"product":"RAINBOW RUNTZ EIGHTH - HUSTLERS AMBITION","units":2438,"revenue":63664.501953125,"cost":30475.0,"profit":33189.49951171875,"transactions":2092,"margin":52.099998474121094},{"product":"TRAINWRECK EIGHTH - HUSTLERS AMBITION","units":2174,"revenue":55271.123046875,"cost":25935.0,"profit":29336.12548828125,"transactions":1876,"margin":53.099998474121094},{"product":"ZOOTIEZ EIGHTH - HUSTLERS AMBITION","units":2154,"revenue":54557.5,"cost":26925.0,"profit":27632.5,"transactions":1836,"margin":50.599998474121094},{"product":"ANIMAL FACE EIGHTH - HUSTLERS AMBITION","units":1620,"revenue":41148.173828125,"cost":16200.0,"profit":24948.173828125,"transactions":1390,"margin":60.599998474121094},{"product":"DONNY BURGER EIGHTH - HUSTLERS AMBITION","units":1380,"revenue":35033.974609375,"cost":17250.0,"profit":17783.974609375,"transactions":1116,"margin":50.79999923706055},{"product":"GIGGLE GAS EIGHTH - HUSTLERS AMBITION","units":1212,"revenue":30316.14990234375,"cost":13650.0,"profit":16666.14990234375,"transactions":1048,"margin":55.0},{"product":"BANANA SPLIT EIGHTH - HUSTLERS AMBITION","units":1066,"revenue":27163.24951171875,"cost":13325.0,"profit":13838.24951171875,"transactions":914,"margin":50.900001525878906},{"product":"JACKPOT OG EIGHTH - HUSTLERS AMBITION","units":1042,"revenue":26865.0,"cost":13025.0,"profit":13840.0,"transactions":906,"margin":51.5},{"product":"GARLIC BREAD EIGHTH - HUSTLERS AMBITION","units":1000,"revenue":26152.5,"cost":10735.0,"profit":15417.5,"transactions":776,"margin":59.0}],"Elevation Parkway":[{"product":"MOCHI GELATO EIGHTH - HUSTLERS AMBITION","units":1292,"revenue":33684.7509765625,"cost":16150.0,"profit":17534.749755859375,"transactions":1052,"margin":52.099998474121094},{"product":"ZOOTIES EIGHTH - HUSTLERS AMBITION","units":1296,"revenue":33276.875,"cost":16200.0,"profit":17076.875,"transactions":1024,"margin":51.29999923706055},{"product":"CANOLI KUSH EIGHTH - HUSTLERS AMBITION","units":960,"revenue":26168.125,"cost":12000.0,"profit":14168.125,"transactions":826,"margin":54.099998474121094},{"product":"PAPAYA MASTER EIGHTH - HUSTLERS AMBITION","units":716,"revenue":18167.5,"cost":8575.0,"profit":9592.5,"transactions":592,"margin":52.79999923706055},{"product":"STICKY FINGERS EIGHTH - HUSTLERS AMBITION","units":688,"revenue":17690.625,"cost":8225.0,"profit":9465.625,"transactions":536,"margin":53.5},{"product":"APPLE TARTZ EIGHTH - HUSTLERS AMBITION","units":560,"revenue":15883.75,"cost":7000.0,"profit":8883.75,"transactions":476,"margin":55.900001525878906},{"product":"ARM CANDY EIGHTH - HUSTLERS AMBITION","units":468,"revenue":12405.0,"cost":5725.0,"profit":6680.0,"transactions":354,"margin":53.79999923706055},{"product":"GRAPE PIE EIGHTH - HUSTLERS AMBITION","units":414,"revenue":11551.25,"cost":5175.0,"profit":6376.25,"transactions":364,"margin":55.20000076293945},{"product":"MAC N CHEESE EIGHTH - HUSTLERS AMBITION","units":424,"revenue":11155.0,"cost":5300.0,"profit":5855.0,"transactions":366,"margin":52.5},{"product":"CANDY RAIN EIGHTH - HUSTLERS AMBITION","units":376,"revenue":10689.5751953125,"cost":4700.0,"profit":5989.5751953125,"transactions":308,"margin":56.0},{"product":"MANGO HAZE EIGHTH - HUSTLERS AMBITION","units":384,"revenue":9913.75,"cost":4800.0,"profit":5113.75,"transactions":320,"margin":51.599998474121094},{"product":"PEANUT BUTTER RUNTZ EIGHTH - HUSTLERS AMBITION","units":350,"revenue":9442.5,"cost":4375.0,"profit":5067.5,"transactions":250,"margin":53.70000076293945},{"product":"BANANA SPLIT EIGHTH - HUSTLERS AMBITION","units":292,"revenue":7950.0,"cost":3650.0,"profit":4300.0,"transactions":258,"margin":54.099998474121094},{"product":"ZOOTIEZ EIGHTH - HUSTLERS AMBITION","units":256,"revenue":7058.75,"cost":3200.0,"profit":3858.75,"transactions":212,"margin":54.70000076293945},{"product":"RAINBOW RUNTZ EIGHTH - HUSTLERS AMBITION","units":272,"revenue":7056.25,"cost":3400.0,"profit":3656.25,"transactions":236,"margin":51.79999923706055}]},"store_summary":[{"store_clean":"Elevation Mesa","units":100608,"revenue":2308173.125,"cost":1067442.5,"profit":1240730.546875,"discounts":1025849.453125,"margin":53.79999923706055,"discount_rate":30.799999237060547},{"store_clean":"Elevation Oasis","units":45468,"revenue":1875136.09375,"cost":800589.375,"profit":1074546.640625,"discounts":436861.484375,"margin":57.29999923706055,"discount_rate":18.899999618530273},{"store_clean":"Elevation Boulevard","units":89808,"revenue":1696909.6875,"cost":780930.0,"profit":915979.6875,"discounts":838575.3125,"margin":54.0,"discount_rate":33.099998474121094},{"store_clean":"Elevation Springs","units":71178,"revenue":1572828.28125,"cost":728043.75,"profit":844784.53125,"discounts":705189.21875,"margin":53.70000076293945,"discount_rate":31.0},{"store_clean":"Elevation Midtown","units":24582,"revenue":504702.5390625,"cost":227354.375,"profit":277348.14453125,"discounts":229219.98046875,"margin":55.0,"discount_rate":31.200000762939453},{"store_clean":"Elevation Parkway","units":17618,"revenue":368745.3515625,"cost":163426.25,"profit":205319.1015625,"discounts":151204.6484375,"margin":55.70000076293945,"discount_rate":29.100000381469727},{"store_clean":"Elevation Downtown","units":3734,"revenue":79580.6494140625,"cost":34565.0,"profit":45015.6494140625,"discounts":34149.3505859375,"margin":56.599998474121094,"discount_rate":30.0}],"recommendations":[{"severity":"red","title":"HIGH PROMOTION DEPENDENCY","detail":"Only 19% sells at full price. Heavy discounting required.","action":"Test reducing deal frequency \u2014 track velocity without promos."},{"severity":"info","title":"VOLUME LEVERAGE","detail":"$3,362,430 revenue provides negotiating leverage.","action":"Use volume as leverage in next vendor meeting."}],"comparison":null}