{"brand":"GREEN LIFE PRODUCTIONS","date_range":"2024-01-01 00:00:00 to 2026-01-31 00:00:00","period_label":"All Time","summary":{"total_units":40234,"total_revenue":1735752.1875,"total_cost":892022.734375,"total_discounts":432464.0625,"total_profit":843729.453125,"overall_margin":48.599998474121094,"fp_margin":58.400001525878906,"disc_margin":40.400001525878906,"pct_full_price":45.70000076293945,"avg_discount_rate":19.899999618530273,"fp_revenue":792666.25,"disc_revenue":943085.9375,"brand":"GREEN LIFE PRODUCTIONS","date_range":"2024-01-01 00:00:00 to 2026-01-31 00:00:00","primary_category":"FLOWER","store_coverage":"7/7","stores_present":["Elevation Springs","Elevation Mesa","Elevation Oasis","Elevation Downtown","Elevation Midtown","Elevation Boulevard","Elevation Parkway"],"stores_missing":[],"velocity_rank":22,"velocity_total":64},"distribution":[{"store":"Elevation Springs","carries_brand":true,"sku_count":104,"revenue":580696.328125,"units":13122,"store_total_revenue":51138750.0,"brand_share_pct":1.100000023841858},{"store":"Elevation Mesa","carries_brand":true,"sku_count":76,"revenue":245793.65234375,"units":5978,"store_total_revenue":47532240.0,"brand_share_pct":0.5},{"store":"Elevation Oasis","carries_brand":true,"sku_count":78,"revenue":240580.44921875,"units":5334,"store_total_revenue":56050145.0,"brand_share_pct":0.4000000059604645},{"store":"Elevation Downtown","carries_brand":true,"sku_count":46,"revenue":42873.173828125,"units":1152,"store_total_revenue":1945237.1875,"brand_share_pct":2.200000047683716},{"store":"Elevation Midtown","carries_brand":true,"sku_count":86,"revenue":241074.55078125,"units":5384,"store_total_revenue":30850185.0,"brand_share_pct":0.800000011920929},{"store":"Elevation Boulevard","carries_brand":true,"sku_count":86,"revenue":160904.326171875,"units":4140,"store_total_revenue":28757865.0,"brand_share_pct":0.6000000238418579},{"store":"Elevation Parkway","carries_brand":true,"sku_count":88,"revenue":223829.7265625,"units":5124,"store_total_revenue":21987007.5,"brand_share_pct":1.0}],"share_of_category":[{"category":"FLOWER","brand_revenue":1208928.59375,"category_revenue":77755450.0,"revenue_share_pct":1.600000023841858,"brand_units":25220,"category_units":2708446,"units_share_pct":0.9},{"category":"PRE ROLL PACK","brand_revenue":501563.671875,"category_revenue":3903863.75,"revenue_share_pct":12.800000190734863,"brand_units":13366,"category_units":123714,"units_share_pct":10.8},{"category":"PRE ROLL","brand_revenue":25259.89990234375,"category_revenue":14009791.25,"revenue_share_pct":0.20000000298023224,"brand_units":1648,"category_units":1485736,"units_share_pct":0.1}],"share_of_category_trend":{"FLOWER":[{"period":"2024-01","brand_revenue":2903.75,"category_revenue":3552357.8125,"share_pct":0.10000000149011612},{"period":"2024-02","brand_revenue":0.0,"category_revenue":3535245.625,"share_pct":0.0},{"period":"2024-03","brand_revenue":0.0,"category_revenue":3693805.625,"share_pct":0.0},{"period":"2024-04","brand_revenue":0.0,"category_revenue":3541899.6875,"share_pct":0.0},{"period":"2024-05","brand_revenue":0.0,"category_revenue":3537479.375,"share_pct":0.0},{"period":"2024-06","brand_revenue":0.0,"category_revenue":3403269.6875,"share_pct":0.0},{"period":"2024-07","brand_revenue":150312.529296875,"category_revenue":3457705.9375,"share_pct":4.300000190734863},{"period":"2024-08","brand_revenue":122797.353515625,"category_revenue":3453819.375,"share_pct":3.5999999046325684},{"period":"2024-09","brand_revenue":98608.525390625,"category_revenue":3316441.5625,"share_pct":3.0},{"period":"2024-10","brand_revenue":86814.501953125,"category_revenue":3585775.0,"share_pct":2.4000000953674316},{"period":"2024-11","brand_revenue":116125.654296875,"category_revenue":3454855.3125,"share_pct":3.4000000953674316},{"period":"2024-12","brand_revenue":58534.9267578125,"category_revenue":3226567.8125,"share_pct":1.7999999523162842},{"period":"2025-01","brand_revenue":51905.0,"category_revenue":2984938.125,"share_pct":1.7000000476837158},{"period":"2025-02","brand_revenue":32155.2490234375,"category_revenue":2816220.0,"share_pct":1.100000023841858},{"period":"2025-03","brand_revenue":40716.52587890625,"category_revenue":2911379.6875,"share_pct":1.399999976158142},{"period":"2025-04","brand_revenue":90844.599609375,"category_revenue":3118895.3125,"share_pct":2.9000000953674316},{"period":"2025-05","brand_revenue":61759.5263671875,"category_revenue":2887345.0,"share_pct":2.0999999046325684},{"period":"2025-06","brand_revenue":80190.126953125,"category_revenue":2773698.125,"share_pct":2.9000000953674316},{"period":"2025-07","brand_revenue":80507.5244140625,"category_revenue":2782763.125,"share_pct":2.9000000953674316},{"period":"2025-08","brand_revenue":65510.4736328125,"category_revenue":2733122.8125,"share_pct":2.4000000953674316},{"period":"2025-09","brand_revenue":46333.84765625,"category_revenue":2603501.5625,"share_pct":1.7999999523162842},{"period":"2025-10","brand_revenue":5658.75,"category_revenue":2663705.0,"share_pct":0.20000000298023224},{"period":"2025-11","brand_revenue":938.4999847412109,"category_revenue":2700189.0625,"share_pct":0.0},{"period":"2025-12","brand_revenue":247.87500381469727,"category_revenue":2515209.53125,"share_pct":0.0},{"period":"2026-01","brand_revenue":16063.375244140625,"category_revenue":2505261.875,"share_pct":0.6000000238418579}],"PRE ROLL PACK":[{"period":"2024-01","brand_revenue":11381.25,"category_revenue":169271.89453125,"share_pct":6.699999809265137},{"period":"2024-02","brand_revenue":8831.425170898438,"category_revenue":174199.375,"share_pct":5.099999904632568},{"period":"2024-03","brand_revenue":23170.0,"category_revenue":187083.0078125,"share_pct":12.399999618530273},{"period":"2024-04","brand_revenue":24275.625,"category_revenue":179617.6171875,"share_pct":13.5},{"period":"2024-05","brand_revenue":21427.15087890625,"category_revenue":198875.703125,"share_pct":10.800000190734863},{"period":"2024-06","brand_revenue":24685.12451171875,"category_revenue":182181.42578125,"share_pct":13.5},{"period":"2024-07","brand_revenue":20360.625,"category_revenue":189754.43359375,"share_pct":10.699999809265137},{"period":"2024-08","brand_revenue":20168.125,"category_revenue":163466.5234375,"share_pct":12.300000190734863},{"period":"2024-09","brand_revenue":13601.400146484375,"category_revenue":145157.197265625,"share_pct":9.399999618530273},{"period":"2024-10","brand_revenue":21669.375,"category_revenue":143902.822265625,"share_pct":15.100000381469727},{"period":"2024-11","brand_revenue":30005.0,"category_revenue":169051.3671875,"share_pct":17.700000762939453},{"period":"2024-12","brand_revenue":32211.55029296875,"category_revenue":186738.92578125,"share_pct":17.200000762939453},{"period":"2025-01","brand_revenue":19512.5,"category_revenue":222888.57421875,"share_pct":8.800000190734863},{"period":"2025-02","brand_revenue":18997.249755859375,"category_revenue":186213.06640625,"share_pct":10.199999809265137},{"period":"2025-03","brand_revenue":30791.0498046875,"category_revenue":195415.56640625,"share_pct":15.800000190734863},{"period":"2025-04","brand_revenue":38343.04931640625,"category_revenue":188683.2421875,"share_pct":20.299999237060547},{"period":"2025-05","brand_revenue":31556.25,"category_revenue":231505.29296875,"share_pct":13.600000381469727},{"period":"2025-06","brand_revenue":28001.25,"category_revenue":169830.2734375,"share_pct":16.5},{"period":"2025-07","brand_revenue":32102.099609375,"category_revenue":130345.849609375,"share_pct":24.600000381469727},{"period":"2025-08","brand_revenue":28843.44970703125,"category_revenue":108797.099609375,"share_pct":26.5},{"period":"2025-09","brand_revenue":14340.374755859375,"category_revenue":99689.677734375,"share_pct":14.399999618530273},{"period":"2025-10","brand_revenue":2945.4000854492188,"category_revenue":67141.8505859375,"share_pct":4.400000095367432},{"period":"2025-11","brand_revenue":0.0,"category_revenue":80167.7978515625,"share_pct":0.0},{"period":"2025-12","brand_revenue":0.0,"category_revenue":71818.3740234375,"share_pct":0.0},{"period":"2026-01","brand_revenue":4344.375,"category_revenue":62066.826171875,"share_pct":7.0}],"PRE ROLL":[{"period":"2024-01","brand_revenue":0.0,"category_revenue":508338.515625,"share_pct":0.0},{"period":"2024-02","brand_revenue":0.0,"category_revenue":489393.671875,"share_pct":0.0},{"period":"2024-03","brand_revenue":0.0,"category_revenue":520052.3828125,"share_pct":0.0},{"period":"2024-04","brand_revenue":0.0,"category_revenue":491300.6640625,"share_pct":0.0},{"period":"2024-05","brand_revenue":0.0,"category_revenue":542202.890625,"share_pct":0.0},{"period":"2024-06","brand_revenue":0.0,"category_revenue":507288.8671875,"share_pct":0.0},{"period":"2024-07","brand_revenue":0.0,"category_revenue":524250.9765625,"share_pct":0.0},{"period":"2024-08","brand_revenue":0.0,"category_revenue":612518.7109375,"share_pct":0.0},{"period":"2024-09","brand_revenue":0.0,"category_revenue":586543.0078125,"share_pct":0.0},{"period":"2024-10","brand_revenue":0.0,"category_revenue":641449.1796875,"share_pct":0.0},{"period":"2024-11","brand_revenue":0.0,"category_revenue":579866.71875,"share_pct":0.0},{"period":"2024-12","brand_revenue":0.0,"category_revenue":582999.5703125,"share_pct":0.0},{"period":"2025-01","brand_revenue":0.0,"category_revenue":544095.3125,"share_pct":0.0},{"period":"2025-02","brand_revenue":0.0,"category_revenue":500875.5859375,"share_pct":0.0},{"period":"2025-03","brand_revenue":0.0,"category_revenue":551422.0703125,"share_pct":0.0},{"period":"2025-04","brand_revenue":0.0,"category_revenue":568189.375,"share_pct":0.0},{"period":"2025-05","brand_revenue":0.0,"category_revenue":565516.875,"share_pct":0.0},{"period":"2025-06","brand_revenue":0.0,"category_revenue":560506.71875,"share_pct":0.0},{"period":"2025-07","brand_revenue":10850.250244140625,"category_revenue":600916.09375,"share_pct":1.7999999523162842},{"period":"2025-08","brand_revenue":10758.64990234375,"category_revenue":620247.5,"share_pct":1.7000000476837158},{"period":"2025-09","brand_revenue":3651.0000610351562,"category_revenue":608971.09375,"share_pct":0.6000000238418579},{"period":"2025-10","brand_revenue":0.0,"category_revenue":645293.1640625,"share_pct":0.0},{"period":"2025-11","brand_revenue":0.0,"category_revenue":581113.4765625,"share_pct":0.0},{"period":"2025-12","brand_revenue":0.0,"category_revenue":553088.5546875,"share_pct":0.0},{"period":"2026-01","brand_revenue":0.0,"category_revenue":523350.9375,"share_pct":0.0}]},"velocity_by_category":[{"category":"PRE ROLL PACK","brand_units_per_day":17.54,"category_avg_units_per_day":11.6,"velocity_index":151.3,"brand_rev_per_unit":30.02,"category_rev_per_unit":25.24,"brands_in_category":14},{"category":"FLOWER","brand_units_per_day":33.1,"category_avg_units_per_day":55.54,"velocity_index":59.6,"brand_rev_per_unit":38.35,"category_rev_per_unit":22.97,"brands_in_category":64},{"category":"PRE ROLL","brand_units_per_day":2.16,"category_avg_units_per_day":42.38,"velocity_index":5.1,"brand_rev_per_unit":12.26,"category_rev_per_unit":7.54,"brands_in_category":46}],"store_gaps":[],"product_mix":{"top":[{"product":"GG4 ON FIRE EIGHTH - GLP","units":2816,"revenue":137306.298828125,"cost":66645.0,"profit":70661.298828125,"stores":6,"transactions":2388,"margin":51.5},{"product":"ADIOS MOTHER F**KER EIGHTH - GLP","units":2276,"revenue":118975.2734375,"cost":59385.0,"profit":59590.2734375,"stores":7,"transactions":1958,"margin":50.099998474121094},{"product":"MISS POISON EIGHTH - GLP","units":2352,"revenue":99221.552734375,"cost":58890.0,"profit":40331.55029296875,"stores":7,"transactions":1810,"margin":40.599998474121094},{"product":"MISS X EIGHTH - GLP","units":1834,"revenue":95404.052734375,"cost":46912.5,"profit":48491.5478515625,"stores":6,"transactions":1516,"margin":50.79999923706055},{"product":"GRAPE PIE EIGHTH - GLP","units":1830,"revenue":95326.62109375,"cost":48037.5,"profit":47289.1259765625,"stores":6,"transactions":1534,"margin":49.599998474121094},{"product":"BERNIE HANA BUTTER EIGHTH - GLP","units":1646,"revenue":74020.52734375,"cost":43207.5,"profit":30813.02490234375,"stores":6,"transactions":1396,"margin":41.599998474121094},{"product":"GAZZUNGAZ EIGHTH - GLP","units":1368,"revenue":67426.4990234375,"cost":35910.0,"profit":31516.4990234375,"stores":7,"transactions":1164,"margin":46.70000076293945},{"product":"MISS X BABY J 6 PK - GLP","units":1758,"revenue":66630.0,"cost":32692.5,"profit":33937.5,"stores":6,"transactions":1544,"margin":50.900001525878906},{"product":"GUAVA PUNCH EIGHTH - GLP","units":1262,"revenue":64502.548828125,"cost":33127.5,"profit":31375.048828125,"stores":6,"transactions":1096,"margin":48.599998474121094},{"product":"STICKY RICKY EIGHTH - GLP","units":1292,"revenue":63427.59765625,"cost":33915.0,"profit":29512.60009765625,"stores":6,"transactions":1070,"margin":46.5},{"product":"GRAPE PIE BABY J 6 PK - GLP","units":1634,"revenue":61318.4765625,"cost":30225.0,"profit":31093.47412109375,"stores":7,"transactions":1424,"margin":50.70000076293945},{"product":"LEMON MERINGUE EIGHTH - GLP","units":1018,"revenue":54546.2744140625,"cost":25672.5,"profit":28873.7744140625,"stores":7,"transactions":854,"margin":52.900001525878906},{"product":"BLUE SHOCKTARTZ EIGHTH - GLP","units":1130,"revenue":44304.150390625,"cost":28792.5,"profit":15511.650390625,"stores":7,"transactions":888,"margin":35.0},{"product":"HAZMAT OG BABY J 6 PK - GLP","units":1098,"revenue":43237.2998046875,"cost":20212.5,"profit":23024.7998046875,"stores":6,"transactions":944,"margin":53.29999923706055},{"product":"HONEY BUDDER EIGHTH - GLP","units":998,"revenue":42709.5751953125,"cost":26197.5,"profit":16512.0751953125,"stores":6,"transactions":800,"margin":38.70000076293945},{"product":"SUNSHINE DAYDREAM EIGHTH - GLP","units":808,"revenue":42431.748046875,"cost":21210.0,"profit":21221.75048828125,"stores":5,"transactions":694,"margin":50.0},{"product":"LEMON CHERRY GELATO EIGHTH - GLP","units":650,"revenue":29119.7509765625,"cost":12472.5,"profit":16647.249755859375,"stores":6,"transactions":566,"margin":57.20000076293945},{"product":"NORTHERN LIGHTS OG EIGHTH - GLP","units":592,"revenue":28361.77490234375,"cost":14027.5,"profit":14334.27490234375,"stores":5,"transactions":530,"margin":50.5},{"product":"BLACK TRIANGLE BABY J 6 PK - GLP","units":816,"revenue":28257.2998046875,"cost":15300.0,"profit":12957.2998046875,"stores":5,"transactions":688,"margin":45.900001525878906},{"product":"LEMON MERINGUE #3 BABY J 6 PK - GLP","units":744,"revenue":28131.25,"cost":13950.0,"profit":14181.25,"stores":5,"transactions":672,"margin":50.400001525878906}],"bottom":[{"product":"BBXMX #9 BABY J 6 PK - GLP","units":62,"revenue":2598.75,"cost":1162.5,"profit":1436.25,"stores":1,"transactions":58,"margin":55.29999923706055},{"product":"MISS STRAWBERRY COUGH #6 EIGHTH - GLP","units":44,"revenue":2050.0,"cost":990.0,"profit":1060.0,"stores":1,"transactions":42,"margin":51.70000076293945},{"product":"KASHMIR CUTIES #4 BABY J 6 PK - GLP","units":48,"revenue":1886.6749572753906,"cost":810.0,"profit":1076.675033569336,"stores":1,"transactions":46,"margin":57.099998474121094},{"product":"SDXMX #14 BABY J 6 PK - GLP","units":46,"revenue":1846.25,"cost":862.5,"profit":983.75,"stores":1,"transactions":38,"margin":53.29999923706055},{"product":"CHICKEN N WAFFLEZ #3 EIGHTH - GLP","units":28,"revenue":1350.0,"cost":490.0,"profit":860.0,"stores":5,"transactions":28,"margin":63.70000076293945},{"product":"CHICKEN N WAFFLES EIGHTH - GLP","units":28,"revenue":1238.5000610351562,"cost":490.0,"profit":748.4999847412109,"stores":2,"transactions":26,"margin":60.400001525878906},{"product":"BBXMX #9 BABY J 6PK - GLP","units":40,"revenue":1233.75,"cost":750.0,"profit":483.75,"stores":1,"transactions":38,"margin":39.20000076293945},{"product":"MISS POISON #17 BABY J 6 PK - GLP","units":34,"revenue":945.625,"cost":637.5,"profit":308.125,"stores":1,"transactions":30,"margin":32.599998474121094},{"product":"SDXMX #1 BABY J 6 PK - GLP","units":22,"revenue":927.5,"cost":412.5,"profit":515.0,"stores":1,"transactions":22,"margin":55.5},{"product":"SDXMX #14 BABY J 6PK - GLP","units":10,"revenue":358.75,"cost":187.5,"profit":171.25,"stores":1,"transactions":10,"margin":47.70000076293945}],"expansion":[{"product":"GG4 ON FIRE EIGHTH - GLP","current_stores":6,"total_stores":7,"missing_stores":["Elevation Downtown"],"revenue":137306.298828125},{"product":"MISS X EIGHTH - GLP","current_stores":6,"total_stores":7,"missing_stores":["Elevation Downtown"],"revenue":95404.052734375},{"product":"GRAPE PIE EIGHTH - GLP","current_stores":6,"total_stores":7,"missing_stores":["Elevation Downtown"],"revenue":95326.62109375},{"product":"BERNIE HANA BUTTER EIGHTH - GLP","current_stores":6,"total_stores":7,"missing_stores":["Elevation Downtown"],"revenue":74020.52734375},{"product":"MISS X BABY J 6 PK - GLP","current_stores":6,"total_stores":7,"missing_stores":["Elevation Downtown"],"revenue":66630.0},{"product":"GUAVA PUNCH EIGHTH - GLP","current_stores":6,"total_stores":7,"missing_stores":["Elevation Downtown"],"revenue":64502.548828125},{"product":"STICKY RICKY EIGHTH - GLP","current_stores":6,"total_stores":7,"missing_stores":["Elevation Downtown"],"revenue":63427.59765625},{"product":"HAZMAT OG BABY J 6 PK - GLP","current_stores":6,"total_stores":7,"missing_stores":["Elevation Downtown"],"revenue":43237.2998046875},{"product":"HONEY BUDDER EIGHTH - GLP","current_stores":6,"total_stores":7,"missing_stores":["Elevation Downtown"],"revenue":42709.5751953125},{"product":"SUNSHINE DAYDREAM EIGHTH - GLP","current_stores":5,"total_stores":7,"missing_stores":["Elevation Oasis","Elevation Downtown"],"revenue":42431.748046875}]},"pricing_consistency":[{"product":"BLUE SHOCKTARTZ EIGHTH - GLP","min_price":55.20833333333333,"max_price":99.3906275431315,"avg_price":79.34564470300907,"std_dev":6.220914391339079,"store_count":14,"price_range":44.18229420979817,"range_pct":55.7},{"product":"LEMON CHERRY GELATO EIGHTH - GLP","min_price":59.09090909090909,"max_price":102.41477272727273,"avg_price":86.71488933888182,"std_dev":6.023063997007405,"store_count":12,"price_range":43.32386363636364,"range_pct":50.0},{"product":"GAZZUNGAZ BABY J 6 PK - GLP","min_price":48.41199951171875,"max_price":81.484375,"avg_price":67.30635752360027,"std_dev":5.698178854104241,"store_count":10,"price_range":33.07237548828125,"range_pct":49.1},{"product":"GAZZUNGAZ EIGHTH - GLP","min_price":65.53191489361703,"max_price":108.23151961616847,"avg_price":96.17082866814486,"std_dev":5.72816002028221,"store_count":14,"price_range":42.699604722551456,"range_pct":44.4},{"product":"STICKY RICKY BABY J 6 PK - GLP","min_price":50.53125,"max_price":81.89999999999999,"avg_price":71.340625,"std_dev":4.335875848660798,"store_count":12,"price_range":31.36875,"range_pct":44.0},{"product":"MISS POISON BABY J 6 PK - GLP","min_price":52.92708396911621,"max_price":84.0,"avg_price":73.10535100760782,"std_dev":4.82528154958462,"store_count":14,"price_range":31.072916030883793,"range_pct":42.5},{"product":"BLACK TRIANGLE EIGHTH - GLP","min_price":69.58333333333333,"max_price":109.58695784859034,"avg_price":95.77221817427294,"std_dev":6.730531152737056,"store_count":10,"price_range":40.00362451525702,"range_pct":41.8},{"product":"BERNIE HANA BUTTER BABY J 6 PK - GLP","min_price":55.434782608695656,"max_price":84.83695652173913,"avg_price":72.32097186700767,"std_dev":6.072178836774571,"store_count":6,"price_range":29.40217391304347,"range_pct":40.7},{"product":"HONEY BUDDER BABY J 6 PK - GLP","min_price":56.14583333333333,"max_price":84.38888888888889,"avg_price":71.34707308938441,"std_dev":4.407529920741098,"store_count":10,"price_range":28.24305555555555,"range_pct":39.6},{"product":"ZELLYS GIFT BABY J 6 PK - GLP","min_price":60.083333333333336,"max_price":84.29166666666667,"avg_price":73.23044871794872,"std_dev":3.296683045013092,"store_count":12,"price_range":24.208333333333336,"range_pct":33.1},{"product":"CHASING UNICORNS BABY J 6 PK - GLP","min_price":59.0625,"max_price":81.98750000000001,"avg_price":71.39945213681175,"std_dev":3.1917190166280758,"store_count":14,"price_range":22.925000000000004,"range_pct":32.1},{"product":"MISS X BABY J 6 PK - GLP","min_price":60.099999999999994,"max_price":83.39601769911505,"avg_price":75.35824687698674,"std_dev":3.6103566882791123,"store_count":12,"price_range":23.296017699115055,"range_pct":30.9},{"product":"BERNIE HANA BUTTER EIGHTH - GLP","min_price":73.34375148866235,"max_price":100.21186440677965,"avg_price":88.81461860554415,"std_dev":4.433023307943428,"store_count":12,"price_range":26.86811291811731,"range_pct":30.3},{"product":"MAC BABY J 6 PK - GLP","min_price":60.025000000000006,"max_price":81.61057692307692,"avg_price":72.90497730987329,"std_dev":3.2530454737339225,"store_count":10,"price_range":21.585576923076914,"range_pct":29.6},{"product":"MAC EIGHTH - GLP","min_price":90.76086956521738,"max_price":121.1,"avg_price":103.99318094678263,"std_dev":4.603549051322713,"store_count":14,"price_range":30.33913043478261,"range_pct":29.2},{"product":"CHICKEN N WAFFLEZ #3 EIGHTH - GLP","min_price":82.12499618530273,"max_price":109.58333333333334,"avg_price":94.19499994913737,"std_dev":4.944404907954099,"store_count":10,"price_range":27.458337148030605,"range_pct":29.2},{"product":"LEMON MERINGUE EIGHTH - GLP","min_price":87.10417429606119,"max_price":116.64893617021276,"avg_price":105.0699592929947,"std_dev":4.29254398105493,"store_count":14,"price_range":29.54476187415157,"range_pct":28.1},{"product":"ZELLYS GIFT EIGHTH - GLP","min_price":50.0,"max_price":65.95744680851064,"avg_price":57.47485655918243,"std_dev":2.7261986268414358,"store_count":12,"price_range":15.957446808510642,"range_pct":27.8},{"product":"MISS POISON EIGHTH - GLP","min_price":71.70212765957447,"max_price":94.6332644628099,"avg_price":83.08300747326784,"std_dev":2.848172569343118,"store_count":14,"price_range":22.93113680323544,"range_pct":27.6},{"product":"HONEY BUDDER EIGHTH - GLP","min_price":73.8031914893617,"max_price":97.39583333333334,"avg_price":85.69086897812666,"std_dev":3.5987913861848675,"store_count":12,"price_range":23.592641843971638,"range_pct":27.5},{"product":"SUNSHINE DAYDREAM #4 BABY J 6 PK - GLP","min_price":62.47500251321232,"max_price":82.56410256410257,"avg_price":74.44727626932873,"std_dev":3.4190189279344425,"store_count":8,"price_range":20.089100050890252,"range_pct":27.0},{"product":"GRAPE PIE BABY J 6 PK - GLP","min_price":64.52166748046875,"max_price":84.35787671232876,"avg_price":76.00456947847333,"std_dev":3.085840134073294,"store_count":14,"price_range":19.836209231860018,"range_pct":26.1},{"product":"ADIOS MOTHER F**KER EIGHTH - GLP","min_price":88.90625,"max_price":114.88518081025448,"avg_price":102.8732749895656,"std_dev":3.5910119242266365,"store_count":14,"price_range":25.978930810254486,"range_pct":25.3},{"product":"NORTHERN LIGHTS OG EIGHTH - GLP","min_price":89.55515985903533,"max_price":114.13043478260869,"avg_price":98.5496321349042,"std_dev":3.7145296065978965,"store_count":10,"price_range":24.57527492357336,"range_pct":24.9},{"product":"STICKY RICKY EIGHTH - GLP","min_price":89.53571428571429,"max_price":112.5,"avg_price":99.2766416842583,"std_dev":3.6885425232892524,"store_count":12,"price_range":22.964285714285708,"range_pct":23.1},{"product":"GRAPE OG EIGHTH - GLP","min_price":96.09042553191489,"max_price":119.56521739130436,"avg_price":103.55665524346144,"std_dev":3.399535948433005,"store_count":12,"price_range":23.47479185938946,"range_pct":22.7},{"product":"GUAVA PUNCH EIGHTH - GLP","min_price":93.22048611111111,"max_price":115.66304082455842,"avg_price":103.43854510690092,"std_dev":3.429393037026794,"store_count":12,"price_range":22.44255471344731,"range_pct":21.7},{"product":"BLACK TRIANGLE BABY J 6 PK - GLP","min_price":62.54716981132076,"max_price":76.53333333333333,"avg_price":68.3972931278402,"std_dev":2.213293587405411,"store_count":10,"price_range":13.98616352201258,"range_pct":20.4},{"product":"MISS SUNSHINE EIGHTH - GLP","min_price":84.86499786376953,"max_price":102.64285496303015,"avg_price":92.25743675523354,"std_dev":2.8273828659098115,"store_count":12,"price_range":17.777857099260608,"range_pct":19.3},{"product":"GRAPE PIE PRE ROLL - GLP","min_price":26.992999267578128,"max_price":32.54000244140625,"avg_price":29.427878403733146,"std_dev":0.862080734859833,"store_count":14,"price_range":5.5470031738281245,"range_pct":18.8}],"promotional_effectiveness":{"lift":{"fp_units_per_day":24.46,"disc_units_per_day":36.88,"lift_pct":50.8,"fp_avg_revenue_per_unit":101.625,"disc_avg_revenue_per_unit":76.575},"by_deal":[{"deal_name":"Industry - 30% Off","uses":2305,"revenue":236932.05001354218,"discounts":101879.20000314713,"units":5861.0,"cost":140993.75,"margin":40.5,"discount_depth":60.2},{"deal_name":"Industry 30% Off","uses":927,"revenue":93485.36326885223,"discounts":40412.13764309883,"units":2416.0,"cost":52316.94999999832,"margin":44.0,"discount_depth":60.4},{"deal_name":"420 2025 - 60% Off","uses":835,"revenue":67532.32499331236,"discounts":101780.17502784729,"units":2957.0,"cost":71231.25,"margin":-5.5,"discount_depth":120.2},{"deal_name":"Lit4Less - 1/4 for $75","uses":633,"revenue":100823.42917362848,"discounts":31499.487495422363,"units":2159.6666666666665,"cost":49095.0,"margin":51.3,"discount_depth":47.6},{"deal_name":"Senior - 10% Off","uses":451,"revenue":66847.96251058578,"discounts":7543.287496864796,"units":1353.0,"cost":31001.875,"margin":53.6,"discount_depth":20.2},{"deal_name":"30% Off Special","uses":329,"revenue":29993.249969482422,"discounts":12854.249992370605,"units":776.0,"cost":17992.5,"margin":40.0,"discount_depth":60.0},{"deal_name":"Veterans - 10% Off","uses":246,"revenue":28023.750009536743,"discounts":3113.7499970197678,"units":590.0,"cost":12886.25,"margin":54.0,"discount_depth":20.0},{"deal_name":"GW - 1/4 for $60 - Premium Brands","uses":227,"revenue":29401.25,"discounts":17911.25,"units":784.0,"cost":19125.0,"margin":35.0,"discount_depth":75.8},{"deal_name":"Senior / Veterans - 20% Off","uses":197,"revenue":23170.499980449677,"discounts":5796.999994516373,"units":562.0,"cost":12005.0,"margin":48.2,"discount_depth":40.0},{"deal_name":"50% Off IPR  / PR Packs","uses":168,"revenue":9406.25,"discounts":9406.25,"units":430.0,"cost":8062.5,"margin":14.3,"discount_depth":100.0},{"deal_name":"Employee - 40% OFF","uses":103,"revenue":9510.225024223328,"discounts":6377.274968624115,"units":284.0,"cost":6485.0,"margin":31.8,"discount_depth":80.2},{"deal_name":"Jackpot - Locals 30% Off","uses":101,"revenue":10325.000004768372,"discounts":4424.999995231628,"units":278.0,"cost":6045.0,"margin":41.5,"discount_depth":60.0},{"deal_name":"Lit4Less - Premium PR - 5 for $50","uses":98,"revenue":3354.5250010490417,"discounts":1370.4750001430511,"units":270.0,"cost":1687.5,"margin":49.7,"discount_depth":58.0},{"deal_name":"Employee 30% - NOT FRIDAYS","uses":78,"revenue":7635.45000910759,"discounts":3452.0499992370605,"units":192.0,"cost":4545.625,"margin":40.5,"discount_depth":62.2},{"deal_name":"LVAC - 25% Off","uses":59,"revenue":6860.625,"discounts":2286.875,"units":152.0,"cost":3752.5,"margin":45.3,"discount_depth":50.0},{"deal_name":"4/20 - 30% Off","uses":41,"revenue":3001.25,"discounts":1286.25,"units":98.0,"cost":1837.5,"margin":38.8,"discount_depth":60.0},{"deal_name":"GLP / Natures / TGC / Backpack Boyz","uses":23,"revenue":3093.75,"discounts":993.75,"units":66.0,"cost":1732.5,"margin":44.0,"discount_depth":48.6},{"deal_name":"$50 Quarter Special","uses":17,"revenue":1687.5,"discounts":337.5,"units":54.0,"cost":1012.5,"margin":40.0,"discount_depth":33.4},{"deal_name":"35% OFF - BABY J","uses":11,"revenue":674.375,"discounts":363.125,"units":24.0,"cost":450.0,"margin":33.3,"discount_depth":70.0},{"deal_name":"Store Credit - $25","uses":7,"revenue":482.21666495005286,"discounts":306.9500005245209,"units":14.666666666666666,"cost":286.25,"margin":40.6,"discount_depth":77.8}]},"growth_opportunities":[{"type":"sku_expansion","title":"Add 'ADIOS MOTHER F**KER BABY J 6 PK - GLP' to 4 more store(s)","detail":"Carried in 3 stores. Missing from: Elevation Mesa, Elevation Downtown, Elevation Midtown, Elevation Boulevard","priority":"medium"},{"type":"sku_expansion","title":"Add 'ALL TIME HIGH BABY J 6 PK - GLP' to 2 more store(s)","detail":"Carried in 5 stores. Missing from: Elevation Mesa, Elevation Downtown","priority":"medium"},{"type":"sku_expansion","title":"Add 'BERNIE HANA BUTTER BABY J 6 PK - GLP' to 4 more store(s)","detail":"Carried in 3 stores. Missing from: Elevation Mesa, Elevation Oasis, Elevation Downtown, Elevation Parkway","priority":"medium"},{"type":"sku_expansion","title":"Add 'BERNIE HANA BUTTER EIGHTH - GLP' to 1 more store(s)","detail":"Carried in 6 stores. Missing from: Elevation Downtown","priority":"medium"},{"type":"sku_expansion","title":"Add 'BLACK TRIANGLE BABY J 6 PK - GLP' to 2 more store(s)","detail":"Carried in 5 stores. Missing from: Elevation Mesa, Elevation Downtown","priority":"medium"},{"type":"velocity","title":"Improve velocity in FLOWER","detail":"Velocity index 60 (below category average). 16.6 units/day vs 27.8 avg.","priority":"medium"},{"type":"velocity","title":"Improve velocity in PRE ROLL","detail":"Velocity index 5 (below category average). 1.1 units/day vs 21.2 avg.","priority":"medium"}],"trend":[{"period":"2024-01","revenue":14285.0,"cost":7700.0,"margin":46.1,"units":410,"transactions":364,"profit":6585.0,"revenue_change_pct":null,"units_change_pct":null,"margin_change_pts":null},{"period":"2024-02","revenue":8831.425170898438,"cost":4387.5,"margin":50.3,"units":234,"transactions":206,"profit":4443.924865722656,"revenue_change_pct":-38.2,"units_change_pct":-42.9,"margin_change_pts":4.2},{"period":"2024-03","revenue":23170.0,"cost":11025.0,"margin":52.4,"units":588,"transactions":462,"profit":12145.0,"revenue_change_pct":162.4,"units_change_pct":151.3,"margin_change_pts":2.1},{"period":"2024-04","revenue":24275.625,"cost":11775.0,"margin":51.5,"units":628,"transactions":544,"profit":12500.625,"revenue_change_pct":4.8,"units_change_pct":6.8,"margin_change_pts":-0.9},{"period":"2024-05","revenue":21427.15087890625,"cost":10425.0,"margin":51.3,"units":556,"transactions":494,"profit":11002.149658203125,"revenue_change_pct":-11.7,"units_change_pct":-11.5,"margin_change_pts":-0.1},{"period":"2024-06","revenue":24685.12451171875,"cost":11700.0,"margin":52.6,"units":624,"transactions":520,"profit":12985.12451171875,"revenue_change_pct":15.2,"units_change_pct":12.2,"margin_change_pts":1.3},{"period":"2024-07","revenue":170673.14453125,"cost":83572.5,"margin":51.0,"units":3330,"transactions":2592,"profit":87100.654296875,"revenue_change_pct":591.4,"units_change_pct":433.7,"margin_change_pts":-1.6},{"period":"2024-08","revenue":142965.478515625,"cost":69952.5,"margin":51.1,"units":2810,"transactions":2192,"profit":73012.9736328125,"revenue_change_pct":-16.2,"units_change_pct":-15.6,"margin_change_pts":0.0},{"period":"2024-09","revenue":112209.921875,"cost":55395.0,"margin":50.6,"units":2232,"transactions":1764,"profit":56814.9267578125,"revenue_change_pct":-21.5,"units_change_pct":-20.6,"margin_change_pts":-0.4},{"period":"2024-10","revenue":108483.876953125,"cost":53962.5,"margin":50.3,"units":2222,"transactions":1750,"profit":54521.376953125,"revenue_change_pct":-3.3,"units_change_pct":-0.4,"margin_change_pts":-0.4},{"period":"2024-11","revenue":146130.654296875,"cost":81135.0,"margin":44.5,"units":3468,"transactions":2538,"profit":64995.6494140625,"revenue_change_pct":34.7,"units_change_pct":56.1,"margin_change_pts":-5.8},{"period":"2024-12","revenue":90746.474609375,"cost":43245.0,"margin":52.3,"units":1964,"transactions":1528,"profit":47501.474609375,"revenue_change_pct":-37.9,"units_change_pct":-43.4,"margin_change_pts":7.9},{"period":"2025-01","revenue":71417.5,"cost":34087.5,"margin":52.3,"units":1502,"transactions":1128,"profit":37330.0,"revenue_change_pct":-21.3,"units_change_pct":-23.5,"margin_change_pts":-0.1},{"period":"2025-02","revenue":51152.5,"cost":25567.5,"margin":50.0,"units":1142,"transactions":908,"profit":25585.0,"revenue_change_pct":-28.4,"units_change_pct":-24.0,"margin_change_pts":-2.3},{"period":"2025-03","revenue":71507.5732421875,"cost":35362.5,"margin":50.5,"units":1618,"transactions":1254,"profit":36145.07568359375,"revenue_change_pct":39.8,"units_change_pct":41.7,"margin_change_pts":0.5},{"period":"2025-04","revenue":129187.646484375,"cost":101850.0,"margin":21.2,"units":4328,"transactions":2674,"profit":27337.64892578125,"revenue_change_pct":80.7,"units_change_pct":167.5,"margin_change_pts":-29.4},{"period":"2025-05","revenue":93315.771484375,"cost":45247.5,"margin":51.5,"units":1946,"transactions":1482,"profit":48068.2763671875,"revenue_change_pct":-27.8,"units_change_pct":-55.0,"margin_change_pts":30.4},{"period":"2025-06","revenue":108191.376953125,"cost":53572.7490234375,"margin":50.5,"units":2258,"transactions":1666,"profit":54618.623046875,"revenue_change_pct":15.9,"units_change_pct":16.0,"margin_change_pts":-1.0},{"period":"2025-07","revenue":123459.873046875,"cost":59877.5,"margin":51.5,"units":3230,"transactions":2354,"profit":63582.373046875,"revenue_change_pct":14.1,"units_change_pct":43.0,"margin_change_pts":1.0},{"period":"2025-08","revenue":105112.578125,"cost":49381.25,"margin":53.0,"units":2848,"transactions":2134,"profit":55731.3232421875,"revenue_change_pct":-14.9,"units_change_pct":-11.8,"margin_change_pts":1.5},{"period":"2025-09","revenue":64325.224609375,"cost":30247.5,"margin":53.0,"units":1614,"transactions":1160,"profit":34077.724609375,"revenue_change_pct":-38.8,"units_change_pct":-43.3,"margin_change_pts":-0.0},{"period":"2025-10","revenue":8604.149780273438,"cost":3903.75,"margin":54.6,"units":192,"transactions":154,"profit":4700.400085449219,"revenue_change_pct":-86.6,"units_change_pct":-88.1,"margin_change_pts":1.7},{"period":"2025-11","revenue":938.4999847412109,"cost":495.0,"margin":47.3,"units":22,"transactions":18,"profit":443.49998474121094,"revenue_change_pct":-89.1,"units_change_pct":-88.5,"margin_change_pts":-7.4},{"period":"2025-12","revenue":247.87500381469727,"cost":135.0,"margin":45.5,"units":6,"transactions":6,"profit":112.87500381469727,"revenue_change_pct":-73.6,"units_change_pct":-72.7,"margin_change_pts":-1.7},{"period":"2026-01","revenue":20407.750244140625,"cost":8020.0,"margin":60.7,"units":462,"transactions":330,"profit":12387.750244140625,"revenue_change_pct":8133.1,"units_change_pct":7600.0,"margin_change_pts":15.2}]}