{"brand":"GREEN LIFE PRODUCTIONS","date_range":"2024-01-01 00:00:00 to 2026-01-31 00:00:00","period_label":"All Time","summary":{"total_units":40234,"total_revenue":1735752.1875,"total_cost":892022.734375,"total_discounts":432464.0625,"total_profit":843729.453125,"overall_margin":48.599998474121094,"fp_margin":58.400001525878906,"disc_margin":40.400001525878906,"pct_full_price":45.70000076293945,"avg_discount_rate":19.899999618530273,"fp_revenue":792666.25,"disc_revenue":943085.9375,"unique_customers":19170,"brand":"GREEN LIFE PRODUCTIONS","date_range":"2024-01-01 00:00:00 to 2026-01-31 00:00:00","months_count":50,"avg_monthly_cost":35680.9,"cost_per_unit":44.349999999999994,"primary_category":"FLOWER","primary_cat_margin":54.099998474121094,"category_rank":21,"category_total":64,"margin_vs_category":-5.5,"velocity_rank":22},"category_breakdown":[{"category_clean":"FLOWER","units":25220,"revenue":1208928.59375,"cost":634650.0,"profit":574278.59375,"discounts":345913.90625,"margin":47.5,"category_avg_margin":54.099998474121094,"vs_category":-6.6,"rank":21.0,"total_brands":64.0},{"category_clean":"PRE ROLL PACK","units":13366,"revenue":501563.7109375,"cost":247072.75390625,"profit":254490.95703125,"discounts":82970.048828125,"margin":50.70000076293945,"category_avg_margin":54.5,"vs_category":-3.8,"rank":3.0,"total_brands":14.0},{"category_clean":"PRE ROLL","units":1648,"revenue":25259.89990234375,"cost":10300.0,"profit":14959.89990234375,"discounts":3580.0997924804688,"margin":59.20000076293945,"category_avg_margin":48.29999923706055,"vs_category":10.9,"rank":28.0,"total_brands":46.0}],"trend":[{"period":"2024-01","revenue":14285.0,"cost":7700.0,"margin":46.1,"units":410,"transactions":364,"profit":6585.0,"revenue_change_pct":null,"units_change_pct":null,"margin_change_pts":null},{"period":"2024-02","revenue":8831.425170898438,"cost":4387.5,"margin":50.3,"units":234,"transactions":206,"profit":4443.924865722656,"revenue_change_pct":-38.2,"units_change_pct":-42.9,"margin_change_pts":4.2},{"period":"2024-03","revenue":23170.0,"cost":11025.0,"margin":52.4,"units":588,"transactions":462,"profit":12145.0,"revenue_change_pct":162.4,"units_change_pct":151.3,"margin_change_pts":2.1},{"period":"2024-04","revenue":24275.625,"cost":11775.0,"margin":51.5,"units":628,"transactions":544,"profit":12500.625,"revenue_change_pct":4.8,"units_change_pct":6.8,"margin_change_pts":-0.9},{"period":"2024-05","revenue":21427.15087890625,"cost":10425.0,"margin":51.3,"units":556,"transactions":494,"profit":11002.149658203125,"revenue_change_pct":-11.7,"units_change_pct":-11.5,"margin_change_pts":-0.1},{"period":"2024-06","revenue":24685.12451171875,"cost":11700.0,"margin":52.6,"units":624,"transactions":520,"profit":12985.12451171875,"revenue_change_pct":15.2,"units_change_pct":12.2,"margin_change_pts":1.3},{"period":"2024-07","revenue":170673.14453125,"cost":83572.5,"margin":51.0,"units":3330,"transactions":2592,"profit":87100.654296875,"revenue_change_pct":591.4,"units_change_pct":433.7,"margin_change_pts":-1.6},{"period":"2024-08","revenue":142965.478515625,"cost":69952.5,"margin":51.1,"units":2810,"transactions":2192,"profit":73012.9736328125,"revenue_change_pct":-16.2,"units_change_pct":-15.6,"margin_change_pts":0.0},{"period":"2024-09","revenue":112209.921875,"cost":55395.0,"margin":50.6,"units":2232,"transactions":1764,"profit":56814.9267578125,"revenue_change_pct":-21.5,"units_change_pct":-20.6,"margin_change_pts":-0.4},{"period":"2024-10","revenue":108483.876953125,"cost":53962.5,"margin":50.3,"units":2222,"transactions":1750,"profit":54521.376953125,"revenue_change_pct":-3.3,"units_change_pct":-0.4,"margin_change_pts":-0.4},{"period":"2024-11","revenue":146130.654296875,"cost":81135.0,"margin":44.5,"units":3468,"transactions":2538,"profit":64995.6494140625,"revenue_change_pct":34.7,"units_change_pct":56.1,"margin_change_pts":-5.8},{"period":"2024-12","revenue":90746.474609375,"cost":43245.0,"margin":52.3,"units":1964,"transactions":1528,"profit":47501.474609375,"revenue_change_pct":-37.9,"units_change_pct":-43.4,"margin_change_pts":7.9},{"period":"2025-01","revenue":71417.5,"cost":34087.5,"margin":52.3,"units":1502,"transactions":1128,"profit":37330.0,"revenue_change_pct":-21.3,"units_change_pct":-23.5,"margin_change_pts":-0.1},{"period":"2025-02","revenue":51152.5,"cost":25567.5,"margin":50.0,"units":1142,"transactions":908,"profit":25585.0,"revenue_change_pct":-28.4,"units_change_pct":-24.0,"margin_change_pts":-2.3},{"period":"2025-03","revenue":71507.5732421875,"cost":35362.5,"margin":50.5,"units":1618,"transactions":1254,"profit":36145.07568359375,"revenue_change_pct":39.8,"units_change_pct":41.7,"margin_change_pts":0.5},{"period":"2025-04","revenue":129187.646484375,"cost":101850.0,"margin":21.2,"units":4328,"transactions":2674,"profit":27337.64892578125,"revenue_change_pct":80.7,"units_change_pct":167.5,"margin_change_pts":-29.4},{"period":"2025-05","revenue":93315.771484375,"cost":45247.5,"margin":51.5,"units":1946,"transactions":1482,"profit":48068.2763671875,"revenue_change_pct":-27.8,"units_change_pct":-55.0,"margin_change_pts":30.4},{"period":"2025-06","revenue":108191.376953125,"cost":53572.7490234375,"margin":50.5,"units":2258,"transactions":1666,"profit":54618.623046875,"revenue_change_pct":15.9,"units_change_pct":16.0,"margin_change_pts":-1.0},{"period":"2025-07","revenue":123459.873046875,"cost":59877.5,"margin":51.5,"units":3230,"transactions":2354,"profit":63582.373046875,"revenue_change_pct":14.1,"units_change_pct":43.0,"margin_change_pts":1.0},{"period":"2025-08","revenue":105112.578125,"cost":49381.25,"margin":53.0,"units":2848,"transactions":2134,"profit":55731.3232421875,"revenue_change_pct":-14.9,"units_change_pct":-11.8,"margin_change_pts":1.5},{"period":"2025-09","revenue":64325.224609375,"cost":30247.5,"margin":53.0,"units":1614,"transactions":1160,"profit":34077.724609375,"revenue_change_pct":-38.8,"units_change_pct":-43.3,"margin_change_pts":-0.0},{"period":"2025-10","revenue":8604.149780273438,"cost":3903.75,"margin":54.6,"units":192,"transactions":154,"profit":4700.400085449219,"revenue_change_pct":-86.6,"units_change_pct":-88.1,"margin_change_pts":1.7},{"period":"2025-11","revenue":938.4999847412109,"cost":495.0,"margin":47.3,"units":22,"transactions":18,"profit":443.49998474121094,"revenue_change_pct":-89.1,"units_change_pct":-88.5,"margin_change_pts":-7.4},{"period":"2025-12","revenue":247.87500381469727,"cost":135.0,"margin":45.5,"units":6,"transactions":6,"profit":112.87500381469727,"revenue_change_pct":-73.6,"units_change_pct":-72.7,"margin_change_pts":-1.7},{"period":"2026-01","revenue":20407.750244140625,"cost":8020.0,"margin":60.7,"units":462,"transactions":330,"profit":12387.750244140625,"revenue_change_pct":8133.1,"units_change_pct":7600.0,"margin_change_pts":15.2}],"share_of_category":[{"category":"FLOWER","brand_revenue":1208928.59375,"category_revenue":77755450.0,"revenue_share_pct":1.600000023841858,"brand_units":25220,"category_units":2708446,"units_share_pct":0.9},{"category":"PRE ROLL PACK","brand_revenue":501563.671875,"category_revenue":3903863.75,"revenue_share_pct":12.800000190734863,"brand_units":13366,"category_units":123714,"units_share_pct":10.8},{"category":"PRE ROLL","brand_revenue":25259.89990234375,"category_revenue":14009791.25,"revenue_share_pct":0.20000000298023224,"brand_units":1648,"category_units":1485736,"units_share_pct":0.1}],"share_of_category_trend":{"FLOWER":[{"period":"2024-01","brand_revenue":2903.75,"category_revenue":3552357.8125,"share_pct":0.10000000149011612},{"period":"2024-02","brand_revenue":0.0,"category_revenue":3535245.625,"share_pct":0.0},{"period":"2024-03","brand_revenue":0.0,"category_revenue":3693805.625,"share_pct":0.0},{"period":"2024-04","brand_revenue":0.0,"category_revenue":3541899.6875,"share_pct":0.0},{"period":"2024-05","brand_revenue":0.0,"category_revenue":3537479.375,"share_pct":0.0},{"period":"2024-06","brand_revenue":0.0,"category_revenue":3403269.6875,"share_pct":0.0},{"period":"2024-07","brand_revenue":150312.529296875,"category_revenue":3457705.9375,"share_pct":4.300000190734863},{"period":"2024-08","brand_revenue":122797.353515625,"category_revenue":3453819.375,"share_pct":3.5999999046325684},{"period":"2024-09","brand_revenue":98608.525390625,"category_revenue":3316441.5625,"share_pct":3.0},{"period":"2024-10","brand_revenue":86814.501953125,"category_revenue":3585775.0,"share_pct":2.4000000953674316},{"period":"2024-11","brand_revenue":116125.654296875,"category_revenue":3454855.3125,"share_pct":3.4000000953674316},{"period":"2024-12","brand_revenue":58534.9267578125,"category_revenue":3226567.8125,"share_pct":1.7999999523162842},{"period":"2025-01","brand_revenue":51905.0,"category_revenue":2984938.125,"share_pct":1.7000000476837158},{"period":"2025-02","brand_revenue":32155.2490234375,"category_revenue":2816220.0,"share_pct":1.100000023841858},{"period":"2025-03","brand_revenue":40716.52587890625,"category_revenue":2911379.6875,"share_pct":1.399999976158142},{"period":"2025-04","brand_revenue":90844.599609375,"category_revenue":3118895.3125,"share_pct":2.9000000953674316},{"period":"2025-05","brand_revenue":61759.5263671875,"category_revenue":2887345.0,"share_pct":2.0999999046325684},{"period":"2025-06","brand_revenue":80190.126953125,"category_revenue":2773698.125,"share_pct":2.9000000953674316},{"period":"2025-07","brand_revenue":80507.5244140625,"category_revenue":2782763.125,"share_pct":2.9000000953674316},{"period":"2025-08","brand_revenue":65510.4736328125,"category_revenue":2733122.8125,"share_pct":2.4000000953674316},{"period":"2025-09","brand_revenue":46333.84765625,"category_revenue":2603501.5625,"share_pct":1.7999999523162842},{"period":"2025-10","brand_revenue":5658.75,"category_revenue":2663705.0,"share_pct":0.20000000298023224},{"period":"2025-11","brand_revenue":938.4999847412109,"category_revenue":2700189.0625,"share_pct":0.0},{"period":"2025-12","brand_revenue":247.87500381469727,"category_revenue":2515209.53125,"share_pct":0.0},{"period":"2026-01","brand_revenue":16063.375244140625,"category_revenue":2505261.875,"share_pct":0.6000000238418579}],"PRE ROLL PACK":[{"period":"2024-01","brand_revenue":11381.25,"category_revenue":169271.89453125,"share_pct":6.699999809265137},{"period":"2024-02","brand_revenue":8831.425170898438,"category_revenue":174199.375,"share_pct":5.099999904632568},{"period":"2024-03","brand_revenue":23170.0,"category_revenue":187083.0078125,"share_pct":12.399999618530273},{"period":"2024-04","brand_revenue":24275.625,"category_revenue":179617.6171875,"share_pct":13.5},{"period":"2024-05","brand_revenue":21427.15087890625,"category_revenue":198875.703125,"share_pct":10.800000190734863},{"period":"2024-06","brand_revenue":24685.12451171875,"category_revenue":182181.42578125,"share_pct":13.5},{"period":"2024-07","brand_revenue":20360.625,"category_revenue":189754.43359375,"share_pct":10.699999809265137},{"period":"2024-08","brand_revenue":20168.125,"category_revenue":163466.5234375,"share_pct":12.300000190734863},{"period":"2024-09","brand_revenue":13601.400146484375,"category_revenue":145157.197265625,"share_pct":9.399999618530273},{"period":"2024-10","brand_revenue":21669.375,"category_revenue":143902.822265625,"share_pct":15.100000381469727},{"period":"2024-11","brand_revenue":30005.0,"category_revenue":169051.3671875,"share_pct":17.700000762939453},{"period":"2024-12","brand_revenue":32211.55029296875,"category_revenue":186738.92578125,"share_pct":17.200000762939453},{"period":"2025-01","brand_revenue":19512.5,"category_revenue":222888.57421875,"share_pct":8.800000190734863},{"period":"2025-02","brand_revenue":18997.249755859375,"category_revenue":186213.06640625,"share_pct":10.199999809265137},{"period":"2025-03","brand_revenue":30791.0498046875,"category_revenue":195415.56640625,"share_pct":15.800000190734863},{"period":"2025-04","brand_revenue":38343.04931640625,"category_revenue":188683.2421875,"share_pct":20.299999237060547},{"period":"2025-05","brand_revenue":31556.25,"category_revenue":231505.29296875,"share_pct":13.600000381469727},{"period":"2025-06","brand_revenue":28001.25,"category_revenue":169830.2734375,"share_pct":16.5},{"period":"2025-07","brand_revenue":32102.099609375,"category_revenue":130345.849609375,"share_pct":24.600000381469727},{"period":"2025-08","brand_revenue":28843.44970703125,"category_revenue":108797.099609375,"share_pct":26.5},{"period":"2025-09","brand_revenue":14340.374755859375,"category_revenue":99689.677734375,"share_pct":14.399999618530273},{"period":"2025-10","brand_revenue":2945.4000854492188,"category_revenue":67141.8505859375,"share_pct":4.400000095367432},{"period":"2025-11","brand_revenue":0.0,"category_revenue":80167.7978515625,"share_pct":0.0},{"period":"2025-12","brand_revenue":0.0,"category_revenue":71818.3740234375,"share_pct":0.0},{"period":"2026-01","brand_revenue":4344.375,"category_revenue":62066.826171875,"share_pct":7.0}],"PRE ROLL":[{"period":"2024-01","brand_revenue":0.0,"category_revenue":508338.515625,"share_pct":0.0},{"period":"2024-02","brand_revenue":0.0,"category_revenue":489393.671875,"share_pct":0.0},{"period":"2024-03","brand_revenue":0.0,"category_revenue":520052.3828125,"share_pct":0.0},{"period":"2024-04","brand_revenue":0.0,"category_revenue":491300.6640625,"share_pct":0.0},{"period":"2024-05","brand_revenue":0.0,"category_revenue":542202.890625,"share_pct":0.0},{"period":"2024-06","brand_revenue":0.0,"category_revenue":507288.8671875,"share_pct":0.0},{"period":"2024-07","brand_revenue":0.0,"category_revenue":524250.9765625,"share_pct":0.0},{"period":"2024-08","brand_revenue":0.0,"category_revenue":612518.7109375,"share_pct":0.0},{"period":"2024-09","brand_revenue":0.0,"category_revenue":586543.0078125,"share_pct":0.0},{"period":"2024-10","brand_revenue":0.0,"category_revenue":641449.1796875,"share_pct":0.0},{"period":"2024-11","brand_revenue":0.0,"category_revenue":579866.71875,"share_pct":0.0},{"period":"2024-12","brand_revenue":0.0,"category_revenue":582999.5703125,"share_pct":0.0},{"period":"2025-01","brand_revenue":0.0,"category_revenue":544095.3125,"share_pct":0.0},{"period":"2025-02","brand_revenue":0.0,"category_revenue":500875.5859375,"share_pct":0.0},{"period":"2025-03","brand_revenue":0.0,"category_revenue":551422.0703125,"share_pct":0.0},{"period":"2025-04","brand_revenue":0.0,"category_revenue":568189.375,"share_pct":0.0},{"period":"2025-05","brand_revenue":0.0,"category_revenue":565516.875,"share_pct":0.0},{"period":"2025-06","brand_revenue":0.0,"category_revenue":560506.71875,"share_pct":0.0},{"period":"2025-07","brand_revenue":10850.250244140625,"category_revenue":600916.09375,"share_pct":1.7999999523162842},{"period":"2025-08","brand_revenue":10758.64990234375,"category_revenue":620247.5,"share_pct":1.7000000476837158},{"period":"2025-09","brand_revenue":3651.0000610351562,"category_revenue":608971.09375,"share_pct":0.6000000238418579},{"period":"2025-10","brand_revenue":0.0,"category_revenue":645293.1640625,"share_pct":0.0},{"period":"2025-11","brand_revenue":0.0,"category_revenue":581113.4765625,"share_pct":0.0},{"period":"2025-12","brand_revenue":0.0,"category_revenue":553088.5546875,"share_pct":0.0},{"period":"2026-01","brand_revenue":0.0,"category_revenue":523350.9375,"share_pct":0.0}]},"discount_depth":[{"tier":"0% (Full Price)","transactions":14020,"pct_of_transactions":40.9,"revenue":792666.25,"avg_discount":0.0},{"tier":"1-10%","transactions":2250,"pct_of_transactions":6.6,"revenue":138295.234375,"avg_discount":19.799999237060547},{"tier":"11-20%","transactions":1054,"pct_of_transactions":3.1,"revenue":58711.923828125,"avg_discount":38.20000076293945},{"tier":"21-30%","transactions":2638,"pct_of_transactions":7.7,"revenue":141154.82421875,"avg_discount":49.79999923706055},{"tier":"31%+","transactions":4178,"pct_of_transactions":12.2,"revenue":138494.7265625,"avg_discount":106.0}],"velocity":{"units_per_day":52.8,"revenue_per_day":2277.899932861328,"avg_units_per_txn":2.66,"days_of_data":762,"total_units":40234,"total_transactions":30222},"velocity_by_category":[{"category":"PRE ROLL PACK","brand_units_per_day":17.54,"category_avg_units_per_day":11.6,"velocity_index":151.3,"brand_rev_per_unit":30.02,"category_rev_per_unit":25.24,"brands_in_category":14},{"category":"FLOWER","brand_units_per_day":33.1,"category_avg_units_per_day":55.54,"velocity_index":59.6,"brand_rev_per_unit":38.35,"category_rev_per_unit":22.97,"brands_in_category":64},{"category":"PRE ROLL","brand_units_per_day":2.16,"category_avg_units_per_day":42.38,"velocity_index":5.1,"brand_rev_per_unit":12.26,"category_rev_per_unit":7.54,"brands_in_category":46}],"deals":[{"deal_name":"Industry - 30% Off","times_used":4610,"units":5861.0,"revenue":236932.05001354218,"discounts":101879.20000314713,"cost":140993.75,"profit":95938.29999685287,"pre_discount_revenue":338811.25,"margin":40.5,"avg_discount":60.2},{"deal_name":"Industry 30% Off","times_used":1854,"units":2416.0,"revenue":93485.36326885223,"discounts":40412.13764309883,"cost":52316.94999999832,"profit":41168.41235637665,"pre_discount_revenue":133897.5,"margin":44.0,"avg_discount":60.4},{"deal_name":"420 2025 - 60% Off","times_used":1670,"units":2957.0,"revenue":67532.32499331236,"discounts":101780.17502784729,"cost":71231.25,"profit":-3698.925002217293,"pre_discount_revenue":169312.5,"margin":-5.5,"avg_discount":120.2},{"deal_name":"Lit4Less - 1/4 for $75","times_used":1266,"units":2159.6666666666665,"revenue":100823.42917362848,"discounts":31499.487495422363,"cost":49095.0,"profit":51728.42916766803,"pre_discount_revenue":132322.91666666666,"margin":51.3,"avg_discount":47.6},{"deal_name":"Senior - 10% Off","times_used":902,"units":1353.0,"revenue":66847.96251058578,"discounts":7543.287496864796,"cost":31001.875,"profit":35846.08748793602,"pre_discount_revenue":74391.25,"margin":53.6,"avg_discount":20.2},{"deal_name":"30% Off Special","times_used":658,"units":776.0,"revenue":29993.249969482422,"discounts":12854.249992370605,"cost":17992.5,"profit":12000.750007629395,"pre_discount_revenue":42847.5,"margin":40.0,"avg_discount":60.0},{"deal_name":"Veterans - 10% Off","times_used":492,"units":590.0,"revenue":28023.750009536743,"discounts":3113.7499970197678,"cost":12886.25,"profit":15137.499988079071,"pre_discount_revenue":31137.5,"margin":54.0,"avg_discount":20.0},{"deal_name":"GW - 1/4 for $60 - Premium Brands","times_used":454,"units":784.0,"revenue":29401.25,"discounts":17911.25,"cost":19125.0,"profit":10276.25,"pre_discount_revenue":47312.5,"margin":35.0,"avg_discount":75.8},{"deal_name":"Senior / Veterans - 20% Off","times_used":394,"units":562.0,"revenue":23170.499980449677,"discounts":5796.999994516373,"cost":12005.0,"profit":11165.499994754791,"pre_discount_revenue":28967.5,"margin":48.2,"avg_discount":40.0},{"deal_name":"50% Off IPR  / PR Packs","times_used":336,"units":430.0,"revenue":9406.25,"discounts":9406.25,"cost":8062.5,"profit":1343.75,"pre_discount_revenue":18812.5,"margin":14.3,"avg_discount":100.0},{"deal_name":"Employee - 40% OFF","times_used":206,"units":284.0,"revenue":9510.225024223328,"discounts":6377.274968624115,"cost":6485.0,"profit":3025.224995613098,"pre_discount_revenue":15887.5,"margin":31.8,"avg_discount":80.2},{"deal_name":"Jackpot - Locals 30% Off","times_used":202,"units":278.0,"revenue":10325.000004768372,"discounts":4424.999995231628,"cost":6045.0,"profit":4280.000004768372,"pre_discount_revenue":14750.0,"margin":41.5,"avg_discount":60.0},{"deal_name":"Lit4Less - Premium PR - 5 for $50","times_used":196,"units":270.0,"revenue":3354.5250010490417,"discounts":1370.4750001430511,"cost":1687.5,"profit":1667.0249998569489,"pre_discount_revenue":4725.0,"margin":49.7,"avg_discount":58.0},{"deal_name":"Employee 30% - NOT FRIDAYS","times_used":156,"units":192.0,"revenue":7635.45000910759,"discounts":3452.0499992370605,"cost":4545.625,"profit":3089.8250004649162,"pre_discount_revenue":11087.5,"margin":40.5,"avg_discount":62.2},{"deal_name":"LVAC - 25% Off","times_used":118,"units":152.0,"revenue":6860.625,"discounts":2286.875,"cost":3752.5,"profit":3108.125,"pre_discount_revenue":9147.5,"margin":45.3,"avg_discount":50.0},{"deal_name":"4/20 - 30% Off","times_used":82,"units":98.0,"revenue":3001.25,"discounts":1286.25,"cost":1837.5,"profit":1163.75,"pre_discount_revenue":4287.5,"margin":38.8,"avg_discount":60.0},{"deal_name":"GLP / Natures / TGC / Backpack Boyz","times_used":46,"units":66.0,"revenue":3093.75,"discounts":993.75,"cost":1732.5,"profit":1361.25,"pre_discount_revenue":4087.5,"margin":44.0,"avg_discount":48.6},{"deal_name":"$50 Quarter Special","times_used":34,"units":54.0,"revenue":1687.5,"discounts":337.5,"cost":1012.5,"profit":675.0,"pre_discount_revenue":2025.0,"margin":40.0,"avg_discount":33.4},{"deal_name":"35% OFF - BABY J","times_used":22,"units":24.0,"revenue":674.375,"discounts":363.125,"cost":450.0,"profit":224.375,"pre_discount_revenue":1037.5,"margin":33.3,"avg_discount":70.0},{"deal_name":"Store Credit - $25","times_used":14,"units":14.666666666666666,"revenue":482.21666495005286,"discounts":306.9500005245209,"cost":286.25,"profit":195.9666697184245,"pre_discount_revenue":789.1666666666667,"margin":40.6,"avg_discount":77.8},{"deal_name":"GLP 1/4 for $60","times_used":12,"units":24.0,"revenue":900.0,"discounts":450.0,"cost":630.0,"profit":270.0,"pre_discount_revenue":1350.0,"margin":30.0,"avg_discount":66.6},{"deal_name":"Store Credit - $15","times_used":10,"units":8.666666666666666,"revenue":235.7916657129923,"discounts":208.37500095367432,"cost":152.5,"profit":83.29166630903879,"pre_discount_revenue":444.16666666666674,"margin":35.3,"avg_discount":93.8},{"deal_name":"Store Credit - $50","times_used":10,"units":8.0,"revenue":246.93750500679016,"discounts":230.56249856948853,"cost":169.375,"profit":77.56249934434891,"pre_discount_revenue":477.5,"margin":31.4,"avg_discount":96.6},{"deal_name":"Veterans Day - 30% Off For Veterans!","times_used":8,"units":14.0,"revenue":612.5,"discounts":262.5,"cost":367.5,"profit":245.0,"pre_discount_revenue":875.0,"margin":40.0,"avg_discount":60.0},{"deal_name":"Main St Happy Hour - 25% Off","times_used":6,"units":6.0,"revenue":196.875,"discounts":65.625,"cost":101.25,"profit":95.625,"pre_discount_revenue":262.5,"margin":48.6,"avg_discount":50.0},{"deal_name":"Sammy - Blowout Flower","times_used":6,"units":6.0,"revenue":229.1249942779541,"discounts":123.3750057220459,"cost":157.5,"profit":71.62500143051147,"pre_discount_revenue":352.5,"margin":31.3,"avg_discount":70.0},{"deal_name":"25% OFF SALE","times_used":4,"units":6.0,"revenue":196.875,"discounts":65.625,"cost":112.5,"profit":84.375,"pre_discount_revenue":262.5,"margin":42.9,"avg_discount":50.0},{"deal_name":"Store Credit - $75","times_used":4,"units":4.0,"revenue":76.05000019073486,"discounts":46.44999980926514,"cost":46.25,"profit":29.800000190734863,"pre_discount_revenue":122.5,"margin":39.2,"avg_discount":75.8},{"deal_name":"Senior Sunday - RENO ONLY - 20% Off","times_used":4,"units":8.0,"revenue":280.0,"discounts":70.0,"cost":150.0,"profit":130.0,"pre_discount_revenue":350.0,"margin":46.4,"avg_discount":40.0},{"deal_name":"Store Credit - $100","times_used":4,"units":4.0,"revenue":120.52499771118164,"discounts":91.97499990463257,"cost":78.75,"profit":41.77500009536743,"pre_discount_revenue":212.5,"margin":34.7,"avg_discount":86.6},{"deal_name":"30% Off Special!","times_used":4,"units":4.0,"revenue":122.5,"discounts":52.5,"cost":75.0,"profit":47.5,"pre_discount_revenue":175.0,"margin":38.8,"avg_discount":60.0},{"deal_name":"Medical - 10%","times_used":4,"units":4.0,"revenue":63.00000190734863,"discounts":6.9999998807907104,"cost":25.0,"profit":37.99999952316284,"pre_discount_revenue":70.0,"margin":60.3,"avg_discount":20.0},{"deal_name":"GLP / TGC - PR Packs 2 for $50","times_used":4,"units":12.0,"revenue":375.0,"discounts":150.0,"cost":202.5,"profit":172.5,"pre_discount_revenue":525.0,"margin":46.0,"avg_discount":57.2},{"deal_name":"Store Credit - $150","times_used":2,"units":2.0,"revenue":18.75,"discounts":106.25,"cost":45.0,"profit":-26.25,"pre_discount_revenue":125.0,"margin":-140.0,"avg_discount":170.0},{"deal_name":"40% Off Special","times_used":2,"units":2.0,"revenue":67.5,"discounts":45.0,"cost":52.5,"profit":15.0,"pre_discount_revenue":112.5,"margin":22.2,"avg_discount":80.0},{"deal_name":"$50 Quarters","times_used":2,"units":2.0,"revenue":62.5,"discounts":12.5,"cost":37.5,"profit":25.0,"pre_discount_revenue":75.0,"margin":40.0,"avg_discount":33.4}],"top_products":[{"product":"GG4 ON FIRE EIGHTH - GLP","units":2816,"revenue":137306.298828125,"cost":66645.0,"profit":70661.298828125,"transactions":2388,"margin":51.5},{"product":"ADIOS MOTHER F**KER EIGHTH - GLP","units":2276,"revenue":118975.2734375,"cost":59385.0,"profit":59590.2734375,"transactions":1958,"margin":50.099998474121094},{"product":"MISS POISON EIGHTH - GLP","units":2352,"revenue":99221.552734375,"cost":58890.0,"profit":40331.55029296875,"transactions":1810,"margin":40.599998474121094},{"product":"MISS X EIGHTH - GLP","units":1834,"revenue":95404.052734375,"cost":46912.5,"profit":48491.5478515625,"transactions":1516,"margin":50.79999923706055},{"product":"GRAPE PIE EIGHTH - GLP","units":1830,"revenue":95326.62109375,"cost":48037.5,"profit":47289.1259765625,"transactions":1534,"margin":49.599998474121094},{"product":"BERNIE HANA BUTTER EIGHTH - GLP","units":1646,"revenue":74020.52734375,"cost":43207.5,"profit":30813.02490234375,"transactions":1396,"margin":41.599998474121094},{"product":"GAZZUNGAZ EIGHTH - GLP","units":1368,"revenue":67426.4990234375,"cost":35910.0,"profit":31516.4990234375,"transactions":1164,"margin":46.70000076293945},{"product":"MISS X BABY J 6 PK - GLP","units":1758,"revenue":66630.0,"cost":32692.5,"profit":33937.5,"transactions":1544,"margin":50.900001525878906},{"product":"GUAVA PUNCH EIGHTH - GLP","units":1262,"revenue":64502.548828125,"cost":33127.5,"profit":31375.048828125,"transactions":1096,"margin":48.599998474121094},{"product":"STICKY RICKY EIGHTH - GLP","units":1292,"revenue":63427.59765625,"cost":33915.0,"profit":29512.60009765625,"transactions":1070,"margin":46.5},{"product":"GRAPE PIE BABY J 6 PK - GLP","units":1634,"revenue":61318.4765625,"cost":30225.0,"profit":31093.47412109375,"transactions":1424,"margin":50.70000076293945},{"product":"LEMON MERINGUE EIGHTH - GLP","units":1018,"revenue":54546.2744140625,"cost":25672.5,"profit":28873.7744140625,"transactions":854,"margin":52.900001525878906},{"product":"BLUE SHOCKTARTZ EIGHTH - GLP","units":1130,"revenue":44304.150390625,"cost":28792.5,"profit":15511.650390625,"transactions":888,"margin":35.0},{"product":"HAZMAT OG BABY J 6 PK - GLP","units":1098,"revenue":43237.2998046875,"cost":20212.5,"profit":23024.7998046875,"transactions":944,"margin":53.29999923706055},{"product":"HONEY BUDDER EIGHTH - GLP","units":998,"revenue":42709.5751953125,"cost":26197.5,"profit":16512.0751953125,"transactions":800,"margin":38.70000076293945},{"product":"SUNSHINE DAYDREAM EIGHTH - GLP","units":808,"revenue":42431.748046875,"cost":21210.0,"profit":21221.75048828125,"transactions":694,"margin":50.0},{"product":"LEMON CHERRY GELATO EIGHTH - GLP","units":650,"revenue":29119.7509765625,"cost":12472.5,"profit":16647.249755859375,"transactions":566,"margin":57.20000076293945},{"product":"NORTHERN LIGHTS OG EIGHTH - GLP","units":592,"revenue":28361.77490234375,"cost":14027.5,"profit":14334.27490234375,"transactions":530,"margin":50.5},{"product":"BLACK TRIANGLE BABY J 6 PK - GLP","units":816,"revenue":28257.2998046875,"cost":15300.0,"profit":12957.2998046875,"transactions":688,"margin":45.900001525878906},{"product":"LEMON MERINGUE #3 BABY J 6 PK - GLP","units":744,"revenue":28131.25,"cost":13950.0,"profit":14181.25,"transactions":672,"margin":50.400001525878906},{"product":"GRAPE OG EIGHTH - GLP","units":510,"revenue":25527.5,"cost":12697.5,"profit":12830.0,"transactions":424,"margin":50.29999923706055},{"product":"CHASING UNICORNS BABY J 6 PK - GLP","units":698,"revenue":25250.849609375,"cost":13087.5,"profit":12163.349609375,"transactions":604,"margin":48.20000076293945},{"product":"MAC BABY J 6 PK - GLP","units":636,"revenue":23679.375,"cost":11550.250244140625,"profit":12129.124755859375,"transactions":562,"margin":51.20000076293945},{"product":"BLACK TRIANGLE EIGHTH - GLP","units":464,"revenue":23123.00048828125,"cost":12180.0,"profit":10943.00048828125,"transactions":408,"margin":47.29999923706055},{"product":"MISS POISON BABY J 6 PK - GLP","units":610,"revenue":22339.6240234375,"cost":11178.75,"profit":11160.875244140625,"transactions":538,"margin":50.0}],"products_by_store":{"Elevation Springs":[{"product":"ADIOS MOTHER F**KER EIGHTH - GLP","units":952,"revenue":49205.6005859375,"cost":24630.0,"profit":24575.6005859375,"transactions":836,"margin":49.900001525878906},{"product":"GG4 ON FIRE EIGHTH - GLP","units":990,"revenue":48893.65234375,"cost":23520.0,"profit":25373.64990234375,"transactions":854,"margin":51.900001525878906},{"product":"MISS X EIGHTH - GLP","units":900,"revenue":46513.349609375,"cost":23092.5,"profit":23420.849609375,"transactions":768,"margin":50.400001525878906},{"product":"MISS POISON EIGHTH - GLP","units":706,"revenue":30411.37451171875,"cost":17842.5,"profit":12568.87451171875,"transactions":536,"margin":41.29999923706055},{"product":"BERNIE HANA BUTTER EIGHTH - GLP","units":620,"revenue":29972.0751953125,"cost":16275.0,"profit":13697.0751953125,"transactions":560,"margin":45.70000076293945},{"product":"GRAPE PIE EIGHTH - GLP","units":568,"revenue":29930.0,"cost":14910.0,"profit":15020.0,"transactions":516,"margin":50.20000076293945},{"product":"MISS X BABY J 6 PK - GLP","units":782,"revenue":28028.125,"cost":14662.5,"profit":13365.625,"transactions":698,"margin":47.70000076293945},{"product":"GAZZUNGAZ EIGHTH - GLP","units":518,"revenue":25737.84912109375,"cost":13597.5,"profit":12140.350341796875,"transactions":440,"margin":47.20000076293945},{"product":"GRAPE PIE BABY J 6 PK - GLP","units":668,"revenue":24605.0,"cost":12348.75,"profit":12256.25,"transactions":580,"margin":49.79999923706055},{"product":"GUAVA PUNCH EIGHTH - GLP","units":372,"revenue":19456.25,"cost":9765.0,"profit":9691.25,"transactions":308,"margin":49.79999923706055},{"product":"STICKY RICKY EIGHTH - GLP","units":420,"revenue":18802.5,"cost":11025.0,"profit":7777.5,"transactions":332,"margin":41.400001525878906},{"product":"SUNSHINE DAYDREAM EIGHTH - GLP","units":334,"revenue":17631.25,"cost":8767.5,"profit":8863.75,"transactions":266,"margin":50.29999923706055},{"product":"LEMON MERINGUE EIGHTH - GLP","units":286,"revenue":15047.4755859375,"cost":7052.5,"profit":7994.9749755859375,"transactions":252,"margin":53.099998474121094},{"product":"BLACK TRIANGLE EIGHTH - GLP","units":280,"revenue":14646.25,"cost":7350.0,"profit":7296.25,"transactions":252,"margin":49.79999923706055},{"product":"GRAPE OG EIGHTH - GLP","units":282,"revenue":13548.75,"cost":6712.5,"profit":6836.25,"transactions":242,"margin":50.5}],"Elevation Mesa":[{"product":"GRAPE PIE EIGHTH - GLP","units":468,"revenue":22991.79931640625,"cost":12285.0,"profit":10706.800537109375,"transactions":412,"margin":46.599998474121094},{"product":"HONEY BUDDER EIGHTH - GLP","units":426,"revenue":18656.25,"cost":11182.5,"profit":7473.75,"transactions":338,"margin":40.099998474121094},{"product":"MISS POISON EIGHTH - GLP","units":422,"revenue":18191.0498046875,"cost":10725.0,"profit":7466.0498046875,"transactions":336,"margin":41.0},{"product":"GG4 ON FIRE EIGHTH - GLP","units":376,"revenue":17963.75,"cost":8647.5,"profit":9316.25,"transactions":332,"margin":51.900001525878906},{"product":"ADIOS MOTHER F**KER EIGHTH - GLP","units":284,"revenue":14268.85009765625,"cost":7455.0,"profit":6813.85009765625,"transactions":262,"margin":47.79999923706055},{"product":"BLUE SHOCKTARTZ EIGHTH - GLP","units":378,"revenue":12935.799560546875,"cost":9750.0,"profit":3185.7998657226562,"transactions":288,"margin":24.600000381469727},{"product":"LEMON MERINGUE EIGHTH - GLP","units":250,"revenue":12378.175048828125,"cost":6405.0,"profit":5973.175048828125,"transactions":204,"margin":48.29999923706055},{"product":"BERNIE HANA BUTTER EIGHTH - GLP","units":328,"revenue":12028.375244140625,"cost":8610.0,"profit":3418.3749389648438,"transactions":270,"margin":28.399999618530273},{"product":"GUAVA PUNCH EIGHTH - GLP","units":230,"revenue":11452.049560546875,"cost":6037.5,"profit":5414.5501708984375,"transactions":184,"margin":47.29999923706055},{"product":"NORTHERN LIGHTS OG EIGHTH - GLP","units":220,"revenue":10735.074462890625,"cost":5332.5,"profit":5402.5750732421875,"transactions":194,"margin":50.29999923706055},{"product":"STICKY RICKY EIGHTH - GLP","units":190,"revenue":9062.5,"cost":4987.5,"profit":4075.0,"transactions":162,"margin":45.0},{"product":"MISS X EIGHTH - GLP","units":182,"revenue":8771.275024414062,"cost":4605.0,"profit":4166.2750244140625,"transactions":166,"margin":47.5},{"product":"GAZZUNGAZ EIGHTH - GLP","units":142,"revenue":6843.75,"cost":3727.5,"profit":3116.25,"transactions":134,"margin":45.5},{"product":"GRAPE PIE BABY J 6 PK - GLP","units":196,"revenue":6590.625,"cost":3675.0,"profit":2915.625,"transactions":182,"margin":44.20000076293945},{"product":"MISS X BABY J 6 PK - GLP","units":180,"revenue":6572.5,"cost":3375.0,"profit":3197.5,"transactions":176,"margin":48.599998474121094}],"Elevation Oasis":[{"product":"GRAPE PIE EIGHTH - GLP","units":284,"revenue":16012.5,"cost":7455.0,"profit":8557.5,"transactions":198,"margin":53.400001525878906},{"product":"MISS POISON EIGHTH - GLP","units":376,"revenue":14838.75,"cost":8812.5,"profit":6026.25,"transactions":260,"margin":40.599998474121094},{"product":"STICKY RICKY EIGHTH - GLP","units":234,"revenue":13162.5,"cost":6142.5,"profit":7020.0,"transactions":198,"margin":53.29999923706055},{"product":"GRAPE PIE BABY J 6 PK - GLP","units":326,"revenue":13094.7998046875,"cost":5970.0,"profit":7124.7998046875,"transactions":304,"margin":54.400001525878906},{"product":"MISS X EIGHTH - GLP","units":232,"revenue":12473.599853515625,"cost":5917.5,"profit":6556.099853515625,"transactions":152,"margin":52.599998474121094},{"product":"GG4 ON FIRE EIGHTH - GLP","units":236,"revenue":12026.75048828125,"cost":5662.5,"profit":6364.2498779296875,"transactions":196,"margin":52.900001525878906},{"product":"BERNIE HANA BUTTER EIGHTH - GLP","units":236,"revenue":11825.0,"cost":6195.0,"profit":5630.0,"transactions":188,"margin":47.599998474121094},{"product":"LEMON MERINGUE EIGHTH - GLP","units":190,"revenue":11075.0,"cost":4952.5,"profit":6122.5,"transactions":146,"margin":55.29999923706055},{"product":"GUAVA PUNCH EIGHTH - GLP","units":186,"revenue":10300.0,"cost":4882.5,"profit":5417.5,"transactions":170,"margin":52.599998474121094},{"product":"ADIOS MOTHER F**KER EIGHTH - GLP","units":188,"revenue":10162.5,"cost":4935.0,"profit":5227.5,"transactions":120,"margin":51.400001525878906},{"product":"GAZZUNGAZ EIGHTH - GLP","units":184,"revenue":9957.2998046875,"cost":4830.0,"profit":5127.2998046875,"transactions":138,"margin":51.5},{"product":"MISS X BABY J 6 PK - GLP","units":226,"revenue":9423.75,"cost":4147.5,"profit":5276.25,"transactions":186,"margin":56.0},{"product":"HAZMAT OG BABY J 6 PK - GLP","units":200,"revenue":8361.25,"cost":3656.25,"profit":4705.0,"transactions":176,"margin":56.29999923706055},{"product":"HONEY BUDDER EIGHTH - GLP","units":146,"revenue":6859.5751953125,"cost":3832.5,"profit":3027.0748901367188,"transactions":106,"margin":44.099998474121094},{"product":"BLUE SHOCKTARTZ EIGHTH - GLP","units":142,"revenue":6633.75,"cost":3555.0,"profit":3078.75,"transactions":100,"margin":46.400001525878906}],"Elevation Downtown":[{"product":"ZELLYS GIFT BABY J 6 PK - GLP","units":100,"revenue":3885.0,"cost":1875.0,"profit":2010.0,"transactions":98,"margin":51.70000076293945},{"product":"MISS POISON EIGHTH - GLP","units":94,"revenue":3370.0,"cost":2467.5,"profit":902.5,"transactions":66,"margin":26.799999237060547},{"product":"NORTHERN LIGHTS OG EIGHTH - GLP","units":46,"revenue":2625.0,"cost":1207.5,"profit":1417.5,"transactions":46,"margin":54.0},{"product":"GRAPE OG EIGHTH - GLP","units":46,"revenue":2431.25,"cost":1207.5,"profit":1223.75,"transactions":42,"margin":50.29999923706055},{"product":"GAZZUNGAZ EIGHTH - GLP","units":48,"revenue":2412.5,"cost":1260.0,"profit":1152.5,"transactions":44,"margin":47.79999923706055},{"product":"MAC EIGHTH - GLP","units":48,"revenue":2237.5,"cost":1260.0,"profit":977.5,"transactions":46,"margin":43.70000076293945},{"product":"ADIOS MOTHER F**KER EIGHTH - GLP","units":48,"revenue":2133.75,"cost":1260.0,"profit":873.75,"transactions":44,"margin":40.900001525878906},{"product":"MISS POISON BABY J 6 PK - GLP","units":50,"revenue":2100.0,"cost":937.5,"profit":1162.5,"transactions":46,"margin":55.400001525878906},{"product":"BLACK TRIANGLE EIGHTH - GLP","units":60,"revenue":2087.5,"cost":1575.0,"profit":512.5,"transactions":56,"margin":24.600000381469727},{"product":"SUNSHINE DAYDREAM BABY J 6 PK - GLP","units":50,"revenue":2086.875,"cost":843.75,"profit":1243.125,"transactions":50,"margin":59.599998474121094},{"product":"BLUE SHOCKTARTZ BABY J 6 PK - GLP","units":50,"revenue":2047.5,"cost":843.75,"profit":1203.75,"transactions":50,"margin":58.79999923706055},{"product":"STICKY RICKY BABY J 6 PK - GLP","units":80,"revenue":2021.25,"cost":1500.0,"profit":521.25,"transactions":70,"margin":25.799999237060547},{"product":"MISS STRAWBERRY COUGH #5 BABY J 6 PK - GLP","units":50,"revenue":2006.25,"cost":843.75,"profit":1162.5,"transactions":42,"margin":57.900001525878906},{"product":"GRAPE PIE BABY J 6 PK - GLP","units":50,"revenue":1981.4250183105469,"cost":937.5,"profit":1043.9250183105469,"transactions":48,"margin":52.70000076293945},{"product":"LEMON CHERRY GELATO EIGHTH - GLP","units":66,"revenue":1950.0,"cost":1237.5,"profit":712.5,"transactions":48,"margin":36.5}],"Elevation Midtown":[{"product":"ADIOS MOTHER F**KER EIGHTH - GLP","units":334,"revenue":19185.8251953125,"cost":8767.5,"profit":10418.3251953125,"transactions":270,"margin":54.29999923706055},{"product":"GG4 ON FIRE EIGHTH - GLP","units":372,"revenue":18755.999755859375,"cost":8572.5,"profit":10183.499755859375,"transactions":288,"margin":54.29999923706055},{"product":"MISS X BABY J 6 PK - GLP","units":418,"revenue":16855.0,"cost":7787.5,"profit":9067.5,"transactions":364,"margin":53.79999923706055},{"product":"SUNSHINE DAYDREAM EIGHTH - GLP","units":284,"revenue":15356.75048828125,"cost":7455.0,"profit":7901.7498779296875,"transactions":256,"margin":51.5},{"product":"MISS X EIGHTH - GLP","units":284,"revenue":15227.0751953125,"cost":7102.5,"profit":8124.5751953125,"transactions":218,"margin":53.400001525878906},{"product":"GRAPE PIE EIGHTH - GLP","units":186,"revenue":10273.575439453125,"cost":4882.5,"profit":5391.0748291015625,"transactions":158,"margin":52.5},{"product":"GAZZUNGAZ EIGHTH - GLP","units":190,"revenue":10163.85009765625,"cost":4987.5,"profit":5176.35009765625,"transactions":152,"margin":50.900001525878906},{"product":"BLACK TRIANGLE BABY J 6 PK - GLP","units":280,"revenue":9979.7998046875,"cost":5250.0,"profit":4729.800109863281,"transactions":252,"margin":47.400001525878906},{"product":"STICKY RICKY EIGHTH - GLP","units":184,"revenue":9780.10009765625,"cost":4830.0,"profit":4950.10009765625,"transactions":152,"margin":50.599998474121094},{"product":"MISS POISON EIGHTH - GLP","units":232,"revenue":9635.0,"cost":5917.5,"profit":3717.5,"transactions":166,"margin":38.599998474121094},{"product":"HAZMAT OG BABY J 6 PK - GLP","units":220,"revenue":8758.75,"cost":4125.0,"profit":4633.75,"transactions":196,"margin":52.900001525878906},{"product":"GRAPE PIE BABY J 6 PK - GLP","units":146,"revenue":6158.125,"cost":2737.5,"profit":3420.625,"transactions":126,"margin":55.5},{"product":"BLUE SHOCKTARTZ EIGHTH - GLP","units":140,"revenue":5947.6251220703125,"cost":3502.5,"profit":2445.124969482422,"transactions":100,"margin":41.099998474121094},{"product":"ALL TIME HIGH BABY J 6 PK - GLP","units":130,"revenue":5503.75,"cost":2437.5,"profit":3066.25,"transactions":116,"margin":55.70000076293945},{"product":"LEMON MERINGUE #3 BABY J 6 PK - GLP","units":142,"revenue":5499.375,"cost":2662.5,"profit":2836.875,"transactions":116,"margin":51.599998474121094}],"Elevation Boulevard":[{"product":"GG4 ON FIRE EIGHTH - GLP","units":328,"revenue":14614.775390625,"cost":7935.0,"profit":6679.7747802734375,"transactions":286,"margin":45.70000076293945},{"product":"MISS POISON EIGHTH - GLP","units":280,"revenue":11324.749755859375,"cost":7177.5,"profit":4147.250061035156,"transactions":214,"margin":36.599998474121094},{"product":"ADIOS MOTHER F**KER EIGHTH - GLP","units":234,"revenue":11087.5,"cost":6142.5,"profit":4945.0,"transactions":202,"margin":44.599998474121094},{"product":"GAZZUNGAZ EIGHTH - GLP","units":192,"revenue":9231.25,"cost":5040.0,"profit":4191.25,"transactions":178,"margin":45.400001525878906},{"product":"GRAPE PIE EIGHTH - GLP","units":182,"revenue":8743.75,"cost":4777.5,"profit":3966.25,"transactions":138,"margin":45.400001525878906},{"product":"BERNIE HANA BUTTER EIGHTH - GLP","units":186,"revenue":7162.874755859375,"cost":4882.5,"profit":2280.3750610351562,"transactions":132,"margin":31.799999237060547},{"product":"STICKY RICKY EIGHTH - GLP","units":140,"revenue":6306.25,"cost":3675.0,"profit":2631.25,"transactions":112,"margin":41.70000076293945},{"product":"ALL TIME HIGH BABY J 6 PK - GLP","units":150,"revenue":5560.150146484375,"cost":2812.5,"profit":2747.650146484375,"transactions":140,"margin":49.400001525878906},{"product":"LEMON MERINGUE #3 BABY J 6 PK - GLP","units":150,"revenue":5385.625,"cost":2812.5,"profit":2573.125,"transactions":144,"margin":47.79999923706055},{"product":"HAZMAT OG BABY J 6 PK - GLP","units":148,"revenue":5122.17529296875,"cost":2775.0,"profit":2347.1749877929688,"transactions":132,"margin":45.79999923706055},{"product":"GRAPE PIE BABY J 6 PK - GLP","units":150,"revenue":4839.125061035156,"cost":2812.5,"profit":2026.6250610351562,"transactions":92,"margin":41.900001525878906},{"product":"SUNSHINE DAYDREAM EIGHTH - GLP","units":94,"revenue":4625.0,"cost":2467.5,"profit":2157.5,"transactions":80,"margin":46.599998474121094},{"product":"GUAVA PUNCH EIGHTH - GLP","units":94,"revenue":4550.0,"cost":2467.5,"profit":2082.5,"transactions":90,"margin":45.79999923706055},{"product":"GRAPE OG BABY J 6 PK - GLP","units":106,"revenue":3846.0250854492188,"cost":1987.5,"profit":1858.5249328613281,"transactions":92,"margin":48.29999923706055},{"product":"TANGO #4 BABY J 6 PK - GLP","units":100,"revenue":3570.0,"cost":1875.0,"profit":1695.0,"transactions":92,"margin":47.5}],"Elevation Parkway":[{"product":"GG4 ON FIRE EIGHTH - GLP","units":514,"revenue":25051.37451171875,"cost":12307.5,"profit":12743.87451171875,"transactions":432,"margin":50.900001525878906},{"product":"GUAVA PUNCH EIGHTH - GLP","units":288,"revenue":13423.75,"cost":7560.0,"profit":5863.75,"transactions":260,"margin":43.70000076293945},{"product":"ADIOS MOTHER F**KER EIGHTH - GLP","units":236,"revenue":12931.25,"cost":6195.0,"profit":6736.25,"transactions":224,"margin":52.099998474121094},{"product":"MISS POISON EIGHTH - GLP","units":242,"revenue":11450.625,"cost":5947.5,"profit":5503.125,"transactions":232,"margin":48.099998474121094},{"product":"BERNIE HANA BUTTER EIGHTH - GLP","units":230,"revenue":10953.44970703125,"cost":6037.5,"profit":4915.950012207031,"transactions":206,"margin":44.900001525878906},{"product":"MISS X EIGHTH - GLP","units":190,"revenue":10300.0,"cost":4987.5,"profit":5312.5,"transactions":168,"margin":51.599998474121094},{"product":"MAC BABY J 6 PK - GLP","units":246,"revenue":9546.25,"cost":4612.5,"profit":4933.75,"transactions":228,"margin":51.70000076293945},{"product":"GRAPE OG BABY J 6 PK - GLP","units":218,"revenue":8604.774780273438,"cost":4087.5,"profit":4517.275085449219,"transactions":208,"margin":52.5},{"product":"LEMON MERINGUE EIGHTH - GLP","units":134,"revenue":7446.7498779296875,"cost":3185.0,"profit":4261.7498779296875,"transactions":104,"margin":57.20000076293945},{"product":"GRAPE PIE EIGHTH - GLP","units":142,"revenue":7375.0,"cost":3727.5,"profit":3647.5,"transactions":112,"margin":49.5},{"product":"HAZMAT OG BABY J 6 PK - GLP","units":180,"revenue":7126.3751220703125,"cost":3187.5,"profit":3938.8751220703125,"transactions":142,"margin":55.29999923706055},{"product":"STICKY RICKY EIGHTH - GLP","units":124,"revenue":6313.75,"cost":3255.0,"profit":3058.75,"transactions":114,"margin":48.400001525878906},{"product":"BLUE SHOCKTARTZ BABY J 6 PK - GLP","units":150,"revenue":6088.125,"cost":2625.0,"profit":3463.125,"transactions":132,"margin":56.900001525878906},{"product":"LEMON CHERRY GELATO EIGHTH - GLP","units":142,"revenue":6058.75,"cost":2797.5,"profit":3261.25,"transactions":130,"margin":53.79999923706055},{"product":"BLACK TRIANGLE BABY J 6 PK - GLP","units":150,"revenue":5740.0,"cost":2812.5,"profit":2927.5,"transactions":132,"margin":51.0}]},"store_summary":[{"store_clean":"Elevation Springs","units":13122,"revenue":580696.328125,"cost":296474.00390625,"profit":284222.32421875,"discounts":145899.921875,"margin":48.900001525878906,"discount_rate":20.100000381469727},{"store_clean":"Elevation Mesa","units":5978,"revenue":245793.65234375,"cost":136295.0,"profit":109498.65234375,"discounts":87843.84765625,"margin":44.5,"discount_rate":26.299999237060547},{"store_clean":"Elevation Midtown","units":5384,"revenue":241074.55078125,"cost":117730.0,"profit":123344.55078125,"discounts":41562.94921875,"margin":51.20000076293945,"discount_rate":14.699999809265137},{"store_clean":"Elevation Oasis","units":5334,"revenue":240580.44921875,"cost":116697.5,"profit":123882.94921875,"discounts":40077.05078125,"margin":51.5,"discount_rate":14.300000190734863},{"store_clean":"Elevation Parkway","units":5124,"revenue":223829.7265625,"cost":109391.25,"profit":114438.4765625,"discounts":42857.7734375,"margin":51.099998474121094,"discount_rate":16.100000381469727},{"store_clean":"Elevation Boulevard","units":4140,"revenue":160904.326171875,"cost":91053.75,"profit":69850.576171875,"discounts":57828.173828125,"margin":43.400001525878906,"discount_rate":26.399999618530273},{"store_clean":"Elevation Downtown","units":1152,"revenue":42873.173828125,"cost":24381.25,"profit":18491.925048828125,"discounts":16394.324951171875,"margin":43.099998474121094,"discount_rate":27.700000762939453}],"recommendations":[{"severity":"yellow","title":"CATEGORY BENCHMARK GAP","detail":"Overall margin (48.6%) trails FLOWER average (54.1%) by 5.5 pts.","action":"Negotiate cost reduction or increase retail price."},{"severity":"info","title":"VOLUME LEVERAGE","detail":"$694,301 revenue provides negotiating leverage.","action":"Use volume as leverage in next vendor meeting."}],"comparison":null}