{"brand":"CANYON RIM CRAFTS & BOUTIQUE","date_range":"2024-01-01 00:00:00 to 2026-01-31 00:00:00","period_label":"All Time","summary":{"total_units":506,"total_revenue":6873.6248779296875,"total_cost":3593.5504150390625,"total_discounts":1281.9998168945312,"total_profit":3280.0750732421875,"overall_margin":47.70000076293945,"fp_margin":56.900001525878906,"disc_margin":39.400001525878906,"pct_full_price":47.70000076293945,"avg_discount_rate":15.699999809265137,"fp_revenue":3278.125,"disc_revenue":3595.4998779296875,"unique_customers":408,"brand":"CANYON RIM CRAFTS & BOUTIQUE","date_range":"2024-01-01 00:00:00 to 2026-01-31 00:00:00","months_count":46,"avg_monthly_cost":156.25,"cost_per_unit":14.2,"primary_category":"ACCESSORY","primary_cat_margin":61.099998474121094,"category_rank":24,"category_total":136,"margin_vs_category":-13.399999618530273,"velocity_rank":20},"category_breakdown":[{"category_clean":"ACCESSORY","units":426,"revenue":3600.625,"cost":1843.5499572753906,"profit":1757.0750427246094,"discounts":460.0,"margin":48.79999923706055,"category_avg_margin":61.099998474121094,"vs_category":-12.3,"rank":24.0,"total_brands":136.0},{"category_clean":"APPAREL","units":80,"revenue":3272.9998779296875,"cost":1750.0,"profit":1523.0000305175781,"discounts":821.9999694824219,"margin":46.5,"category_avg_margin":35.099998474121094,"vs_category":11.4,"rank":4.0,"total_brands":8.0}],"trend":[{"period":"2024-01","revenue":410.12500762939453,"cost":188.75,"margin":54.0,"units":50,"transactions":44,"profit":221.37500762939453,"revenue_change_pct":null,"units_change_pct":null,"margin_change_pts":null},{"period":"2024-02","revenue":510.75000762939453,"cost":219.50000762939453,"margin":57.0,"units":34,"transactions":28,"profit":291.25,"revenue_change_pct":24.5,"units_change_pct":-32.0,"margin_change_pts":3.0},{"period":"2024-03","revenue":452.37499237060547,"cost":213.75,"margin":52.7,"units":54,"transactions":40,"profit":238.62499237060547,"revenue_change_pct":-11.4,"units_change_pct":58.8,"margin_change_pts":-4.3},{"period":"2024-04","revenue":190.24999618530273,"cost":71.75000190734863,"margin":62.3,"units":54,"transactions":38,"profit":118.50000381469727,"revenue_change_pct":-57.9,"units_change_pct":0,"margin_change_pts":9.5},{"period":"2024-05","revenue":115.0,"cost":40.0,"margin":65.2,"units":40,"transactions":32,"profit":75.0,"revenue_change_pct":-39.6,"units_change_pct":-25.9,"margin_change_pts":2.9},{"period":"2024-06","revenue":101.12500190734863,"cost":40.250000953674316,"margin":60.2,"units":28,"transactions":26,"profit":60.875000953674316,"revenue_change_pct":-12.1,"units_change_pct":-30.0,"margin_change_pts":-5.0},{"period":"2024-07","revenue":143.24999809265137,"cost":62.32500076293945,"margin":56.5,"units":30,"transactions":26,"profit":80.92499732971191,"revenue_change_pct":41.7,"units_change_pct":7.1,"margin_change_pts":-3.7},{"period":"2024-08","revenue":125.625,"cost":54.049997329711914,"margin":57.0,"units":26,"transactions":20,"profit":71.5749979019165,"revenue_change_pct":-12.3,"units_change_pct":-13.3,"margin_change_pts":0.5},{"period":"2024-09","revenue":169.17499542236328,"cost":69.85000133514404,"margin":58.7,"units":40,"transactions":30,"profit":99.32499885559082,"revenue_change_pct":34.7,"units_change_pct":53.8,"margin_change_pts":1.7},{"period":"2024-10","revenue":12.5,"cost":4.975000023841858,"margin":60.2,"units":2,"transactions":2,"profit":7.524999976158142,"revenue_change_pct":-92.6,"units_change_pct":-95.0,"margin_change_pts":1.5},{"period":"2024-11","revenue":106.25,"cost":44.82500076293945,"margin":57.8,"units":16,"transactions":12,"profit":61.42499923706055,"revenue_change_pct":750.0,"units_change_pct":700.0,"margin_change_pts":-2.4},{"period":"2024-12","revenue":62.5,"cost":36.22499942779541,"margin":42.0,"units":4,"transactions":4,"profit":26.27500057220459,"revenue_change_pct":-41.2,"units_change_pct":-75.0,"margin_change_pts":-15.8},{"period":"2025-01","revenue":138.75,"cost":67.44999885559082,"margin":51.4,"units":8,"transactions":8,"profit":71.30000114440918,"revenue_change_pct":122.0,"units_change_pct":100.0,"margin_change_pts":9.3},{"period":"2025-02","revenue":407.9499816894531,"cost":314.9250030517578,"margin":22.8,"units":18,"transactions":16,"profit":93.02499771118164,"revenue_change_pct":194.0,"units_change_pct":125.0,"margin_change_pts":-28.6},{"period":"2025-03","revenue":472.5,"cost":300.0,"margin":36.5,"units":12,"transactions":12,"profit":172.5,"revenue_change_pct":15.8,"units_change_pct":-33.3,"margin_change_pts":13.7},{"period":"2025-04","revenue":87.5,"cost":50.0,"margin":42.9,"units":2,"transactions":2,"profit":37.5,"revenue_change_pct":-81.5,"units_change_pct":-83.3,"margin_change_pts":6.3},{"period":"2025-05","revenue":628.2500076293945,"cost":356.25,"margin":43.3,"units":16,"transactions":12,"profit":272.00000762939453,"revenue_change_pct":618.0,"units_change_pct":700.0,"margin_change_pts":0.4},{"period":"2025-06","revenue":525.0,"cost":262.5,"margin":50.0,"units":12,"transactions":12,"profit":262.5,"revenue_change_pct":-16.4,"units_change_pct":-25.0,"margin_change_pts":6.7},{"period":"2025-08","revenue":560.0,"cost":272.44998931884766,"margin":51.3,"units":16,"transactions":16,"profit":287.55001068115234,"revenue_change_pct":6.7,"units_change_pct":33.3,"margin_change_pts":1.3},{"period":"2025-09","revenue":553.75,"cost":311.2249946594238,"margin":43.8,"units":16,"transactions":14,"profit":242.52500534057617,"revenue_change_pct":-1.1,"units_change_pct":0,"margin_change_pts":-7.6},{"period":"2025-10","revenue":542.5,"cost":262.5,"margin":51.6,"units":12,"transactions":10,"profit":280.0,"revenue_change_pct":-2.0,"units_change_pct":-25.0,"margin_change_pts":7.8},{"period":"2025-11","revenue":403.49998474121094,"cost":262.5,"margin":34.9,"units":12,"transactions":12,"profit":141.00000381469727,"revenue_change_pct":-25.6,"units_change_pct":0,"margin_change_pts":-16.7},{"period":"2025-12","revenue":155.0,"cost":87.5,"margin":43.5,"units":4,"transactions":4,"profit":67.5,"revenue_change_pct":-61.6,"units_change_pct":-66.7,"margin_change_pts":8.6}],"share_of_category":[{"category":"ACCESSORY","brand_revenue":3600.625,"category_revenue":4128754.0625,"revenue_share_pct":0.10000000149011612,"brand_units":426,"category_units":2130096,"units_share_pct":0.0},{"category":"APPAREL","brand_revenue":3272.9998779296875,"category_revenue":37619.05029296875,"revenue_share_pct":8.699999809265137,"brand_units":80,"category_units":1088,"units_share_pct":7.4}],"share_of_category_trend":{"ACCESSORY":[{"period":"2024-01","brand_revenue":410.12500762939453,"category_revenue":153543.9453125,"share_pct":0.30000001192092896},{"period":"2024-02","brand_revenue":510.75000762939453,"category_revenue":152399.47265625,"share_pct":0.30000001192092896},{"period":"2024-03","brand_revenue":452.37499237060547,"category_revenue":154678.876953125,"share_pct":0.30000001192092896},{"period":"2024-04","brand_revenue":190.24999618530273,"category_revenue":163353.65234375,"share_pct":0.10000000149011612},{"period":"2024-05","brand_revenue":115.0,"category_revenue":179676.4453125,"share_pct":0.10000000149011612},{"period":"2024-06","brand_revenue":101.12500190734863,"category_revenue":185008.828125,"share_pct":0.10000000149011612},{"period":"2024-07","brand_revenue":143.24999809265137,"category_revenue":186675.46875,"share_pct":0.10000000149011612},{"period":"2024-08","brand_revenue":125.625,"category_revenue":180226.328125,"share_pct":0.10000000149011612},{"period":"2024-09","brand_revenue":169.17499542236328,"category_revenue":162386.298828125,"share_pct":0.10000000149011612},{"period":"2024-10","brand_revenue":12.5,"category_revenue":166088.73046875,"share_pct":0.0},{"period":"2024-11","brand_revenue":106.25,"category_revenue":171706.09375,"share_pct":0.10000000149011612},{"period":"2024-12","brand_revenue":62.5,"category_revenue":176502.03125,"share_pct":0.0},{"period":"2025-01","brand_revenue":138.75,"category_revenue":167261.34765625,"share_pct":0.10000000149011612},{"period":"2025-02","brand_revenue":407.9499816894531,"category_revenue":155260.927734375,"share_pct":0.30000001192092896},{"period":"2025-03","brand_revenue":472.5,"category_revenue":176420.390625,"share_pct":0.30000001192092896},{"period":"2025-04","brand_revenue":87.5,"category_revenue":182694.82421875,"share_pct":0.0},{"period":"2025-05","brand_revenue":61.25,"category_revenue":179904.4921875,"share_pct":0.0},{"period":"2025-06","brand_revenue":0.0,"category_revenue":161148.75,"share_pct":0.0},{"period":"2025-07","brand_revenue":0.0,"category_revenue":165549.8046875,"share_pct":0.0},{"period":"2025-08","brand_revenue":25.0,"category_revenue":171752.05078125,"share_pct":0.0},{"period":"2025-09","brand_revenue":8.75,"category_revenue":168198.9453125,"share_pct":0.0},{"period":"2025-10","brand_revenue":0.0,"category_revenue":171844.55078125,"share_pct":0.0},{"period":"2025-11","brand_revenue":0.0,"category_revenue":172839.74609375,"share_pct":0.0},{"period":"2025-12","brand_revenue":0.0,"category_revenue":141954.873046875,"share_pct":0.0},{"period":"2026-01","brand_revenue":0.0,"category_revenue":81677.1484375,"share_pct":0.0}],"APPAREL":[{"period":"2024-01","brand_revenue":0.0,"category_revenue":300.0,"share_pct":0.0},{"period":"2024-02","brand_revenue":0.0,"category_revenue":837.5,"share_pct":0.0},{"period":"2024-03","brand_revenue":0.0,"category_revenue":1097.4250030517578,"share_pct":0.0},{"period":"2024-04","brand_revenue":0.0,"category_revenue":770.625,"share_pct":0.0},{"period":"2024-05","brand_revenue":0.0,"category_revenue":4345.0,"share_pct":0.0},{"period":"2024-06","brand_revenue":0.0,"category_revenue":5618.75,"share_pct":0.0},{"period":"2024-07","brand_revenue":0.0,"category_revenue":3827.5,"share_pct":0.0},{"period":"2024-08","brand_revenue":0.0,"category_revenue":822.5,"share_pct":0.0},{"period":"2024-09","brand_revenue":0.0,"category_revenue":810.0,"share_pct":0.0},{"period":"2024-10","brand_revenue":0.0,"category_revenue":493.75,"share_pct":0.0},{"period":"2024-11","brand_revenue":0.0,"category_revenue":2087.5,"share_pct":0.0},{"period":"2024-12","brand_revenue":0.0,"category_revenue":928.125,"share_pct":0.0},{"period":"2025-01","brand_revenue":0.0,"category_revenue":702.5,"share_pct":0.0},{"period":"2025-02","brand_revenue":0.0,"category_revenue":268.75,"share_pct":0.0},{"period":"2025-03","brand_revenue":0.0,"category_revenue":382.5,"share_pct":0.0},{"period":"2025-04","brand_revenue":0.0,"category_revenue":421.25,"share_pct":0.0},{"period":"2025-05","brand_revenue":567.0000076293945,"category_revenue":879.4999694824219,"share_pct":64.5},{"period":"2025-06","brand_revenue":525.0,"category_revenue":525.0,"share_pct":100.0},{"period":"2025-07","brand_revenue":0.0,"category_revenue":218.75,"share_pct":0.0},{"period":"2025-08","brand_revenue":535.0,"category_revenue":1616.25,"share_pct":33.099998474121094},{"period":"2025-09","brand_revenue":545.0,"category_revenue":920.0,"share_pct":59.20000076293945},{"period":"2025-10","brand_revenue":542.5,"category_revenue":1917.5,"share_pct":28.299999237060547},{"period":"2025-11","brand_revenue":403.49998474121094,"category_revenue":3255.3750610351562,"share_pct":12.399999618530273},{"period":"2025-12","brand_revenue":155.0,"category_revenue":2027.5,"share_pct":7.599999904632568},{"period":"2026-01","brand_revenue":0.0,"category_revenue":2545.500030517578,"share_pct":0.0}]},"discount_depth":[{"tier":"0% (Full Price)","transactions":266,"pct_of_transactions":61.6,"revenue":3278.125,"avg_discount":0.0},{"tier":"1-10%","transactions":52,"pct_of_transactions":12.0,"revenue":1052.2000122070312,"avg_discount":19.0},{"tier":"11-20%","transactions":26,"pct_of_transactions":6.0,"revenue":712.0000457763672,"avg_discount":34.599998474121094},{"tier":"21-30%","transactions":28,"pct_of_transactions":6.5,"revenue":271.5500259399414,"avg_discount":54.400001525878906},{"tier":"31%+","transactions":24,"pct_of_transactions":5.6,"revenue":455.49999237060547,"avg_discount":102.19999694824219}],"velocity":{"units_per_day":0.72,"revenue_per_day":9.674999713897705,"avg_units_per_txn":2.4,"days_of_data":711,"total_units":506,"total_transactions":420},"velocity_by_category":[{"category":"APPAREL","brand_units_per_day":0.1,"category_avg_units_per_day":0.18,"velocity_index":58.8,"brand_rev_per_unit":32.73,"category_rev_per_unit":27.66,"brands_in_category":8},{"category":"ACCESSORY","brand_units_per_day":0.56,"category_avg_units_per_day":20.56,"velocity_index":2.7,"brand_rev_per_unit":6.76,"category_rev_per_unit":1.55,"brands_in_category":136}],"deals":[{"deal_name":"Senior - 10% Off","times_used":28,"units":34.0,"revenue":461.24999940395355,"discounts":51.249999813735485,"cost":212.67499953508377,"profit":248.5749989748001,"pre_discount_revenue":512.5,"margin":53.9,"avg_discount":20.0},{"deal_name":"Jackpot - Locals 30% Off","times_used":26,"units":28.0,"revenue":488.24999898672104,"discounts":209.25000190734863,"cost":319.4250001013279,"profit":168.82499754428864,"pre_discount_revenue":697.5,"margin":34.6,"avg_discount":60.0},{"deal_name":"Senior / Veterans - 20% Off","times_used":10,"units":12.0,"revenue":31.00000023841858,"discounts":7.750000059604645,"cost":13.500000014901161,"profit":17.499999850988388,"pre_discount_revenue":38.75,"margin":56.5,"avg_discount":40.0},{"deal_name":"Veterans - 10% Off","times_used":6,"units":6.0,"revenue":215.9999966621399,"discounts":23.999999165534973,"cost":100.0,"profit":115.99999666213989,"pre_discount_revenue":240.0,"margin":53.7,"avg_discount":20.0},{"deal_name":"Industry - 30% Off","times_used":4,"units":6.0,"revenue":6.124999821186066,"discounts":2.6250000298023224,"cost":3.2500000298023224,"profit":2.875000089406967,"pre_discount_revenue":8.75,"margin":46.9,"avg_discount":60.0},{"deal_name":"Employee - 40% OFF","times_used":2,"units":2.0,"revenue":63.00000190734863,"discounts":41.99999809265137,"cost":43.75,"profit":19.249999523162842,"pre_discount_revenue":105.0,"margin":30.6,"avg_discount":80.0},{"deal_name":"Industry 30% Off","times_used":2,"units":4.0,"revenue":146.99999809265137,"discounts":63.00000190734863,"cost":87.5,"profit":59.49999809265137,"pre_discount_revenue":210.0,"margin":40.5,"avg_discount":60.0},{"deal_name":"Store Credit - $100","times_used":2,"units":2.0,"revenue":55.0,"discounts":45.0,"cost":43.75,"profit":11.25,"pre_discount_revenue":100.0,"margin":20.5,"avg_discount":90.0}],"top_products":[{"product":"JACKPOT ALIEN SHIRT","units":80,"revenue":3272.9998779296875,"cost":1750.0,"profit":1523.0000305175781,"transactions":72,"margin":46.5},{"product":"THRIVE BONG TUMBLER - CANYON RIM BOUTIQUE","units":42,"revenue":1694.7000122070312,"cost":1050.0,"profit":644.7000122070312,"transactions":42,"margin":38.0},{"product":"THRIVE 5\" VINYL DECAL - CANYON RIM BOUTIQUE","units":102,"revenue":661.7500305175781,"cost":286.5500068664551,"profit":375.2000045776367,"transactions":88,"margin":56.70000076293945},{"product":"THRIVE 4\" STICKER - CANYON RIM BOUTIQUE","units":118,"revenue":259.1749954223633,"cost":73.75,"profit":185.42499542236328,"transactions":92,"margin":71.5},{"product":"THRIVE JACKPOT 3\" STICKER - CANYON RIM CRAFTS & BOUTIQUE","units":96,"revenue":169.62499618530273,"cost":48.00000190734863,"profit":121.62500381469727,"transactions":80,"margin":71.69999694824219},{"product":"THRIVE GLOSS TUMBLER - CANYON RIM BOUTIQUE","units":4,"revenue":115.24999618530273,"cost":62.5,"profit":52.750000953674316,"transactions":4,"margin":45.79999923706055},{"product":"THRIVE STANLEY STYLE 40OZ TUMBLER - CANYON RIM","units":2,"revenue":115.0,"cost":50.0,"profit":65.0,"transactions":2,"margin":56.5},{"product":"THRIVE BOTTLE OPENER - CANYON RIM BOUTIQUE","units":14,"revenue":110.24999618530273,"cost":52.5,"profit":57.750000953674316,"transactions":14,"margin":52.400001525878906},{"product":"THRIVE GLOSS STASH JAR - CANYON RIM BOUTIQUE","units":8,"revenue":108.00000190734863,"cost":50.0,"profit":58.00000190734863,"transactions":8,"margin":53.70000076293945},{"product":"THRIVE KEY CHAINS - CANYON RIM BOUTIQUE","units":4,"revenue":88.125,"cost":37.5,"profit":50.625,"transactions":4,"margin":57.400001525878906},{"product":"THRIVE PHONE WALLET - CANYON RIM BOUTIQUE","units":8,"revenue":76.25,"cost":40.0,"profit":36.25,"transactions":8,"margin":47.5},{"product":"THRIVE GLOW IN THE DARK TUMBLER - CANYON RIM BOUTIQUE","units":2,"revenue":75.0,"cost":37.5,"profit":37.5,"transactions":2,"margin":50.0},{"product":"THRIVE FROSTED STASH JAR - CANYON RIM BOUTIQUE","units":4,"revenue":57.5,"cost":25.0,"profit":32.5,"transactions":2,"margin":56.5},{"product":"THRIVE POP SOCKET - CANYON RIM BOUTIQUE","units":8,"revenue":52.5,"cost":25.0,"profit":27.5,"transactions":8,"margin":52.400001525878906},{"product":"THRIVE JACKPOT 2\" STICKER - CANYON RIM CRAFTS & BOUTIQUE","units":14,"revenue":17.5,"cost":5.249999761581421,"profit":12.249999046325684,"transactions":6,"margin":70.0}],"products_by_store":{"Elevation Oasis":[{"product":"JACKPOT ALIEN SHIRT","units":80,"revenue":3272.9998779296875,"cost":1750.0,"profit":1523.0000305175781,"transactions":72,"margin":46.5},{"product":"THRIVE BONG TUMBLER - CANYON RIM BOUTIQUE","units":42,"revenue":1694.7000122070312,"cost":1050.0,"profit":644.7000122070312,"transactions":42,"margin":38.0},{"product":"THRIVE 5\" VINYL DECAL - CANYON RIM BOUTIQUE","units":102,"revenue":661.7500305175781,"cost":286.5500068664551,"profit":375.2000045776367,"transactions":88,"margin":56.70000076293945},{"product":"THRIVE 4\" STICKER - CANYON RIM BOUTIQUE","units":118,"revenue":259.1749954223633,"cost":73.75,"profit":185.42499542236328,"transactions":92,"margin":71.5},{"product":"THRIVE JACKPOT 3\" STICKER - CANYON RIM CRAFTS & BOUTIQUE","units":96,"revenue":169.62499618530273,"cost":48.00000190734863,"profit":121.62500381469727,"transactions":80,"margin":71.69999694824219},{"product":"THRIVE GLOSS TUMBLER - CANYON RIM BOUTIQUE","units":4,"revenue":115.24999618530273,"cost":62.5,"profit":52.750000953674316,"transactions":4,"margin":45.79999923706055},{"product":"THRIVE STANLEY STYLE 40OZ TUMBLER - CANYON RIM","units":2,"revenue":115.0,"cost":50.0,"profit":65.0,"transactions":2,"margin":56.5},{"product":"THRIVE BOTTLE OPENER - CANYON RIM BOUTIQUE","units":14,"revenue":110.24999618530273,"cost":52.5,"profit":57.750000953674316,"transactions":14,"margin":52.400001525878906},{"product":"THRIVE GLOSS STASH JAR - CANYON RIM BOUTIQUE","units":8,"revenue":108.00000190734863,"cost":50.0,"profit":58.00000190734863,"transactions":8,"margin":53.70000076293945},{"product":"THRIVE KEY CHAINS - CANYON RIM BOUTIQUE","units":4,"revenue":88.125,"cost":37.5,"profit":50.625,"transactions":4,"margin":57.400001525878906},{"product":"THRIVE PHONE WALLET - CANYON RIM BOUTIQUE","units":8,"revenue":76.25,"cost":40.0,"profit":36.25,"transactions":8,"margin":47.5},{"product":"THRIVE GLOW IN THE DARK TUMBLER - CANYON RIM BOUTIQUE","units":2,"revenue":75.0,"cost":37.5,"profit":37.5,"transactions":2,"margin":50.0},{"product":"THRIVE FROSTED STASH JAR - CANYON RIM BOUTIQUE","units":4,"revenue":57.5,"cost":25.0,"profit":32.5,"transactions":2,"margin":56.5},{"product":"THRIVE POP SOCKET - CANYON RIM BOUTIQUE","units":8,"revenue":52.5,"cost":25.0,"profit":27.5,"transactions":8,"margin":52.400001525878906},{"product":"THRIVE JACKPOT 2\" STICKER - CANYON RIM CRAFTS & BOUTIQUE","units":14,"revenue":17.5,"cost":5.249999761581421,"profit":12.249999046325684,"transactions":6,"margin":70.0}]},"store_summary":[{"store_clean":"Elevation Oasis","units":506,"revenue":6873.6248779296875,"cost":3593.5501098632812,"profit":3280.0750732421875,"discounts":1281.9999694824219,"margin":47.70000076293945,"discount_rate":15.699999809265137}],"recommendations":[{"severity":"red","title":"ACCESSORY: BELOW CATEGORY AVERAGE","detail":"Margin (48.8%) is 12 pts below ACCESSORY average. Ranked #24 of 136. Strong case for cost negotiation.","action":"Request 6% cost reduction or evaluate alternative ACCESSORY brands."},{"severity":"yellow","title":"CATEGORY BENCHMARK GAP","detail":"Overall margin (47.7%) trails ACCESSORY average (61.1%) by 13.4 pts.","action":"Negotiate cost reduction or increase retail price."}],"comparison":null}