{"brand":"Lookah","date_range":"2024-01-01 00:00:00 to 2026-01-31 00:00:00","period_label":"All Time","summary":{"total_units":311,"total_revenue":18191.51953125,"total_cost":9700.25,"total_discounts":3140.47998046875,"total_profit":8491.2705078125,"overall_margin":46.70000076293945,"fp_margin":55.5,"disc_margin":34.900001525878906,"pct_full_price":57.20000076293945,"avg_discount_rate":14.699999809265137,"fp_revenue":10414.0,"disc_revenue":7777.52001953125,"unique_customers":265,"brand":"Lookah","date_range":"2024-01-01 00:00:00 to 2026-01-31 00:00:00","months_count":20,"avg_monthly_cost":485.01,"cost_per_unit":31.19,"primary_category":"ACCESSORY","primary_cat_margin":61.099998474121094,"category_rank":0,"category_total":0,"margin_vs_category":-14.399999618530273,"velocity_rank":0},"category_breakdown":[{"category_clean":"ACCESSORY","units":283,"revenue":17288.619140625,"cost":9313.1904296875,"profit":7975.43017578125,"discounts":3045.3798828125,"margin":46.099998474121094,"category_avg_margin":61.099998474121094,"vs_category":-15.0,"rank":0.0,"total_brands":0.0},{"category_clean":"RED","units":1,"revenue":63.0,"cost":43.0,"profit":20.0,"discounts":27.0,"margin":31.700000762939453,"category_avg_margin":31.700000762939453,"vs_category":0.0,"rank":0.0,"total_brands":0.0}],"trend":[{"period":"2024-06","revenue":45.0,"cost":21.989999771118164,"margin":51.1,"units":1,"transactions":1,"profit":23.010000228881836,"revenue_change_pct":null,"units_change_pct":null,"margin_change_pts":null},{"period":"2024-07","revenue":486.0,"cost":283.8800048828125,"margin":41.6,"units":12,"transactions":11,"profit":202.1199951171875,"revenue_change_pct":980.0,"units_change_pct":1100.0,"margin_change_pts":-9.5},{"period":"2024-08","revenue":164.99000549316406,"cost":161.9600067138672,"margin":1.8,"units":4,"transactions":4,"profit":3.030000686645508,"revenue_change_pct":-66.1,"units_change_pct":-66.7,"margin_change_pts":-39.8},{"period":"2024-09","revenue":390.5,"cost":204.9600067138672,"margin":47.5,"units":4,"transactions":4,"profit":185.54000854492188,"revenue_change_pct":136.7,"units_change_pct":0,"margin_change_pts":45.7},{"period":"2024-10","revenue":225.0,"cost":74.97000122070312,"margin":66.7,"units":3,"transactions":3,"profit":150.02999877929688,"revenue_change_pct":-42.4,"units_change_pct":-25.0,"margin_change_pts":19.2},{"period":"2024-11","revenue":2018.5,"cost":1093.5400390625,"margin":45.8,"units":49,"transactions":47,"profit":924.9600219726562,"revenue_change_pct":797.1,"units_change_pct":1533.3,"margin_change_pts":-20.9},{"period":"2024-12","revenue":919.0,"cost":462.92999267578125,"margin":49.6,"units":13,"transactions":13,"profit":456.07000732421875,"revenue_change_pct":-54.5,"units_change_pct":-73.5,"margin_change_pts":3.8},{"period":"2025-01","revenue":1068.0,"cost":525.8400268554688,"margin":50.8,"units":19,"transactions":19,"profit":542.1599731445312,"revenue_change_pct":16.2,"units_change_pct":46.2,"margin_change_pts":1.1},{"period":"2025-02","revenue":619.9000244140625,"cost":362.9700012207031,"margin":41.4,"units":9,"transactions":9,"profit":256.92999267578125,"revenue_change_pct":-42.0,"units_change_pct":-52.6,"margin_change_pts":-9.3},{"period":"2025-03","revenue":672.5,"cost":327.0400085449219,"margin":51.4,"units":13,"transactions":8,"profit":345.46002197265625,"revenue_change_pct":8.5,"units_change_pct":44.4,"margin_change_pts":9.9},{"period":"2025-04","revenue":520.0,"cost":250.0,"margin":51.9,"units":5,"transactions":5,"profit":270.0,"revenue_change_pct":-22.7,"units_change_pct":-61.5,"margin_change_pts":0.6},{"period":"2025-05","revenue":962.0,"cost":466.989990234375,"margin":51.5,"units":10,"transactions":10,"profit":495.010009765625,"revenue_change_pct":85.0,"units_change_pct":100.0,"margin_change_pts":-0.5},{"period":"2025-06","revenue":702.0,"cost":320.0,"margin":54.4,"units":6,"transactions":6,"profit":382.0,"revenue_change_pct":-27.0,"units_change_pct":-40.0,"margin_change_pts":3.0},{"period":"2025-07","revenue":981.0,"cost":450.0,"margin":54.1,"units":10,"transactions":10,"profit":531.0,"revenue_change_pct":39.7,"units_change_pct":66.7,"margin_change_pts":-0.3},{"period":"2025-08","revenue":1193.9000244140625,"cost":583.0,"margin":51.2,"units":22,"transactions":21,"profit":610.9000244140625,"revenue_change_pct":21.7,"units_change_pct":120.0,"margin_change_pts":-3.0},{"period":"2025-09","revenue":1377.5,"cost":840.5,"margin":39.0,"units":23,"transactions":23,"profit":537.0,"revenue_change_pct":15.4,"units_change_pct":4.5,"margin_change_pts":-12.2},{"period":"2025-10","revenue":938.0,"cost":585.010009765625,"margin":37.6,"units":17,"transactions":17,"profit":352.989990234375,"revenue_change_pct":-31.9,"units_change_pct":-26.1,"margin_change_pts":-1.4},{"period":"2025-11","revenue":1293.5,"cost":717.0,"margin":44.6,"units":24,"transactions":23,"profit":576.5,"revenue_change_pct":37.9,"units_change_pct":41.2,"margin_change_pts":6.9},{"period":"2025-12","revenue":1985.9300537109375,"cost":970.6699829101562,"margin":51.1,"units":37,"transactions":35,"profit":1015.260009765625,"revenue_change_pct":53.5,"units_change_pct":54.2,"margin_change_pts":6.6},{"period":"2026-01","revenue":1628.300048828125,"cost":997.0,"margin":38.8,"units":30,"transactions":25,"profit":631.2999877929688,"revenue_change_pct":-18.0,"units_change_pct":-18.9,"margin_change_pts":-12.4}],"share_of_category":[{"category":"ACCESSORY","brand_revenue":17288.62109375,"category_revenue":1651501.625,"revenue_share_pct":1.0,"brand_units":283,"category_units":1065048,"units_share_pct":0.0},{"category":"RED","brand_revenue":63.0,"category_revenue":63.0,"revenue_share_pct":100.0,"brand_units":1,"category_units":1,"units_share_pct":100.0},{"category":0.0,"brand_revenue":0.0,"category_revenue":0.0,"revenue_share_pct":0.0,"brand_units":0,"category_units":0,"units_share_pct":0.0}],"share_of_category_trend":{"ACCESSORY":[{"period":"2024-01","brand_revenue":0.0,"category_revenue":61417.578125,"share_pct":0.0},{"period":"2024-02","brand_revenue":0.0,"category_revenue":60959.7890625,"share_pct":0.0},{"period":"2024-03","brand_revenue":0.0,"category_revenue":61871.55078125,"share_pct":0.0},{"period":"2024-04","brand_revenue":0.0,"category_revenue":65341.4609375,"share_pct":0.0},{"period":"2024-05","brand_revenue":0.0,"category_revenue":71870.578125,"share_pct":0.0},{"period":"2024-06","brand_revenue":0.0,"category_revenue":74003.53125,"share_pct":0.0},{"period":"2024-07","brand_revenue":386.0,"category_revenue":74670.1875,"share_pct":0.5},{"period":"2024-08","brand_revenue":164.99000549316406,"category_revenue":72090.53125,"share_pct":0.20000000298023224},{"period":"2024-09","brand_revenue":390.5,"category_revenue":64954.51953125,"share_pct":0.6000000238418579},{"period":"2024-10","brand_revenue":225.0,"category_revenue":66435.4921875,"share_pct":0.30000001192092896},{"period":"2024-11","brand_revenue":1966.0,"category_revenue":68682.4375,"share_pct":2.9000000953674316},{"period":"2024-12","brand_revenue":919.0,"category_revenue":70600.8125,"share_pct":1.2999999523162842},{"period":"2025-01","brand_revenue":1068.0,"category_revenue":66904.5390625,"share_pct":1.600000023841858},{"period":"2025-02","brand_revenue":605.5,"category_revenue":62104.37109375,"share_pct":1.0},{"period":"2025-03","brand_revenue":535.5,"category_revenue":70568.15625,"share_pct":0.800000011920929},{"period":"2025-04","brand_revenue":455.0,"category_revenue":73077.9296875,"share_pct":0.6000000238418579},{"period":"2025-05","brand_revenue":962.0,"category_revenue":71961.796875,"share_pct":1.2999999523162842},{"period":"2025-06","brand_revenue":702.0,"category_revenue":64459.5,"share_pct":1.100000023841858},{"period":"2025-07","brand_revenue":981.0,"category_revenue":66219.921875,"share_pct":1.5},{"period":"2025-08","brand_revenue":978.9000244140625,"category_revenue":68700.8203125,"share_pct":1.399999976158142},{"period":"2025-09","brand_revenue":1311.0,"category_revenue":67279.578125,"share_pct":1.899999976158142},{"period":"2025-10","brand_revenue":775.5,"category_revenue":68737.8203125,"share_pct":1.100000023841858},{"period":"2025-11","brand_revenue":1248.5,"category_revenue":69135.8984375,"share_pct":1.7999999523162842},{"period":"2025-12","brand_revenue":1985.9300537109375,"category_revenue":56781.94921875,"share_pct":3.5},{"period":"2026-01","brand_revenue":1628.300048828125,"category_revenue":32670.859375,"share_pct":5.0}],"RED":[{"period":"2025-10","brand_revenue":63.0,"category_revenue":63.0,"share_pct":100.0}]},"discount_depth":[{"tier":"0% (Full Price)","transactions":162,"pct_of_transactions":54.0,"revenue":10414.0,"avg_discount":0.0},{"tier":"1-10%","transactions":21,"pct_of_transactions":7.0,"revenue":1482.429931640625,"avg_discount":9.699999809265137},{"tier":"11-20%","transactions":20,"pct_of_transactions":6.7,"revenue":1382.0,"avg_discount":19.299999237060547},{"tier":"21-30%","transactions":9,"pct_of_transactions":3.0,"revenue":297.0999755859375,"avg_discount":28.5},{"tier":"31%+","transactions":26,"pct_of_transactions":8.7,"revenue":979.489990234375,"avg_discount":50.400001525878906}],"velocity":{"units_per_day":0.53,"revenue_per_day":31.260000228881836,"avg_units_per_txn":1.06,"days_of_data":582,"total_units":311,"total_transactions":294},"velocity_by_category":[{"category":"RED","brand_units_per_day":0.0,"category_avg_units_per_day":0.0,"velocity_index":100.0,"brand_rev_per_unit":63.0,"category_rev_per_unit":63.0,"brands_in_category":1},{"category":"ACCESSORY","brand_units_per_day":0.37,"category_avg_units_per_day":10.28,"velocity_index":3.6,"brand_rev_per_unit":61.09,"category_rev_per_unit":1.55,"brands_in_category":136},{"category":0.0,"brand_units_per_day":0.0,"category_avg_units_per_day":0,"velocity_index":0,"brand_rev_per_unit":0.0,"category_rev_per_unit":0.0,"brands_in_category":0}],"deals":[{"deal_name":"Jackpot - Locals 30% Off","times_used":13,"units":13.0,"revenue":552.9999980926514,"discounts":237.0,"cost":329.5,"profit":223.5,"pre_discount_revenue":790.0,"margin":40.4,"avg_discount":30.0},{"deal_name":"Veterans - 10% Off","times_used":8,"units":8.0,"revenue":570.5999984741211,"discounts":63.39999961853027,"cost":276.9699993133545,"profit":293.62999725341797,"pre_discount_revenue":634.0,"margin":51.5,"avg_discount":10.0},{"deal_name":"Senior - 10% Off","times_used":7,"units":7.0,"revenue":652.5,"discounts":72.5,"cost":351.98000144958496,"profit":300.51999855041504,"pre_discount_revenue":725.0,"margin":46.1,"avg_discount":10.0},{"deal_name":"Employee 30% - NOT FRIDAYS","times_used":4,"units":4.0,"revenue":143.5,"discounts":61.5,"cost":86.95999908447266,"profit":56.540000915527344,"pre_discount_revenue":205.0,"margin":39.4,"avg_discount":30.0},{"deal_name":"Industry 30% Off","times_used":4,"units":6.0,"revenue":359.1000003814697,"discounts":153.90000009536743,"cost":232.67000007629395,"profit":126.4300000667572,"pre_discount_revenue":513.0,"margin":35.2,"avg_discount":30.0},{"deal_name":"Senior / Veterans - 20% Off","times_used":4,"units":4.0,"revenue":360.0,"discounts":90.0,"cost":215.0,"profit":145.0,"pre_discount_revenue":450.0,"margin":40.3,"avg_discount":20.0},{"deal_name":"Industry - 30% Off","times_used":3,"units":3.0,"revenue":252.0,"discounts":108.0,"cost":189.98999977111816,"profit":62.010000228881836,"pre_discount_revenue":360.0,"margin":24.6,"avg_discount":30.0},{"deal_name":"Employee - 40% OFF","times_used":2,"units":2.0,"revenue":87.0,"discounts":58.0,"cost":79.98000144958496,"profit":7.020000219345093,"pre_discount_revenue":145.0,"margin":8.1,"avg_discount":40.0}],"top_products":[{"product":"DRAGON EGG","units":46,"revenue":4466.990234375,"cost":2789.929931640625,"profit":1677.0599365234375,"transactions":46,"margin":37.5},{"product":"SEAHORSE PRO PLUS","units":40,"revenue":3214.60009765625,"cost":1506.0,"profit":1708.5999755859375,"transactions":40,"margin":53.20000076293945},{"product":"TURTLE 510 BATTERY","units":68,"revenue":2518.0,"cost":1359.3199462890625,"profit":1158.6800537109375,"transactions":66,"margin":46.0},{"product":"DINOSAUR ELECTRONIC DAB RIG - LOOKAH","units":15,"revenue":2032.5,"cost":1314.0,"profit":718.5,"transactions":15,"margin":35.400001525878906},{"product":"LOOKAH ICE CREAM DRY","units":17,"revenue":1202.5,"cost":449.8599853515625,"profit":752.6399536132812,"transactions":17,"margin":62.599998474121094},{"product":"EGG - LOOKAH","units":18,"revenue":673.3300170898438,"cost":340.0,"profit":333.3299865722656,"transactions":18,"margin":49.5},{"product":"CAR  - LOOKAH","units":16,"revenue":610.0,"cost":302.0,"profit":308.0,"transactions":16,"margin":50.5},{"product":"GUITAR 510 BATTERY","units":13,"revenue":484.29998779296875,"cost":263.0,"profit":221.3000030517578,"transactions":13,"margin":45.70000076293945},{"product":"BEAR 510 BATTERY","units":13,"revenue":465.8999938964844,"cost":260.0,"profit":205.89999389648438,"transactions":13,"margin":44.20000076293945},{"product":"Seahorse 2.0","units":10,"revenue":435.0,"cost":219.89999389648438,"profit":215.10000610351562,"transactions":10,"margin":49.400001525878906},{"product":"SEAHORSE QUEEN","units":2,"revenue":400.0,"cost":189.97999572753906,"profit":210.02000427246094,"transactions":2,"margin":52.5},{"product":"SEAHORSE QUARTZ COIL - LOOKAH","units":14,"revenue":272.0,"cost":70.04000091552734,"profit":201.9600067138672,"transactions":10,"margin":74.19999694824219},{"product":"ZERO 510 BATTERY","units":7,"revenue":229.39999389648438,"cost":108.5,"profit":120.9000015258789,"transactions":7,"margin":52.70000076293945},{"product":"LOOKAH SEAHORSE 2.0","units":3,"revenue":193.0,"cost":103.0,"profit":90.0,"transactions":3,"margin":46.599998474121094},{"product":"GIRAFFE - LOOKAH","units":2,"revenue":172.0,"cost":86.0,"profit":86.0,"transactions":2,"margin":50.0},{"product":"DRAGON EGG COIL","units":9,"revenue":162.5,"cost":63.0,"profit":99.5,"transactions":6,"margin":61.20000076293945},{"product":"PYTHON - LOOKAH","units":2,"revenue":160.0,"cost":72.0,"profit":88.0,"transactions":2,"margin":55.0},{"product":"SNAIL BATTERY - YELLOW","units":4,"revenue":140.0,"cost":60.0,"profit":80.0,"transactions":4,"margin":57.099998474121094},{"product":"SNAIL BATTERY - ORANGE","units":4,"revenue":140.0,"cost":60.0,"profit":80.0,"transactions":4,"margin":57.099998474121094},{"product":"ANT - LOOKAH","units":1,"revenue":98.0,"cost":43.0,"profit":55.0,"transactions":1,"margin":56.099998474121094},{"product":"SEAHORSE CERAMIC COIL - LOOKAH","units":6,"revenue":69.0,"cost":8.720000267028809,"profit":60.279998779296875,"transactions":4,"margin":87.4000015258789},{"product":"SWORDFISH - LOOKAH","units":1,"revenue":52.5,"cost":32.0,"profit":20.5,"transactions":1,"margin":39.0}],"products_by_store":{"Thrive Jackpot":[{"product":"DRAGON EGG","units":42,"revenue":4264.0,"cost":2549.969970703125,"profit":1714.030029296875,"transactions":42,"margin":40.20000076293945},{"product":"SEAHORSE PRO PLUS","units":39,"revenue":3174.60009765625,"cost":1472.0,"profit":1702.5999755859375,"transactions":39,"margin":53.599998474121094},{"product":"DINOSAUR ELECTRONIC DAB RIG - LOOKAH","units":15,"revenue":2032.5,"cost":1314.0,"profit":718.5,"transactions":15,"margin":35.400001525878906},{"product":"EGG - LOOKAH","units":18,"revenue":673.3300170898438,"cost":340.0,"profit":333.3299865722656,"transactions":18,"margin":49.5},{"product":"CAR  - LOOKAH","units":16,"revenue":610.0,"cost":302.0,"profit":308.0,"transactions":16,"margin":50.5},{"product":"GUITAR 510 BATTERY","units":13,"revenue":484.29998779296875,"cost":263.0,"profit":221.3000030517578,"transactions":13,"margin":45.70000076293945},{"product":"BEAR 510 BATTERY","units":13,"revenue":465.8999938964844,"cost":260.0,"profit":205.89999389648438,"transactions":13,"margin":44.20000076293945},{"product":"SEAHORSE QUARTZ COIL - LOOKAH","units":14,"revenue":272.0,"cost":70.04000091552734,"profit":201.9600067138672,"transactions":10,"margin":74.19999694824219},{"product":"ZERO 510 BATTERY","units":7,"revenue":229.39999389648438,"cost":108.5,"profit":120.9000015258789,"transactions":7,"margin":52.70000076293945},{"product":"LOOKAH ICE CREAM DRY","units":3,"revenue":197.5,"cost":100.0,"profit":97.5,"transactions":3,"margin":49.400001525878906},{"product":"LOOKAH SEAHORSE 2.0","units":3,"revenue":193.0,"cost":103.0,"profit":90.0,"transactions":3,"margin":46.599998474121094},{"product":"GIRAFFE - LOOKAH","units":2,"revenue":172.0,"cost":86.0,"profit":86.0,"transactions":2,"margin":50.0},{"product":"DRAGON EGG COIL","units":9,"revenue":162.5,"cost":63.0,"profit":99.5,"transactions":6,"margin":61.20000076293945},{"product":"PYTHON - LOOKAH","units":2,"revenue":160.0,"cost":72.0,"profit":88.0,"transactions":2,"margin":55.0},{"product":"SNAIL BATTERY - ORANGE","units":4,"revenue":140.0,"cost":60.0,"profit":80.0,"transactions":4,"margin":57.099998474121094}],"Thrive Reno":[{"product":"TURTLE 510 BATTERY","units":68,"revenue":2518.0,"cost":1359.3199462890625,"profit":1158.6800537109375,"transactions":66,"margin":46.0},{"product":"LOOKAH ICE CREAM DRY","units":14,"revenue":1005.0,"cost":349.8599853515625,"profit":655.1399536132812,"transactions":14,"margin":65.19999694824219},{"product":"Seahorse 2.0","units":10,"revenue":435.0,"cost":219.89999389648438,"profit":215.10000610351562,"transactions":10,"margin":49.400001525878906},{"product":"SEAHORSE QUEEN","units":2,"revenue":400.0,"cost":189.97999572753906,"profit":210.02000427246094,"transactions":2,"margin":52.5},{"product":"DRAGON EGG","units":4,"revenue":202.99000549316406,"cost":239.9600067138672,"profit":-36.970001220703125,"transactions":4,"margin":-18.200000762939453},{"product":"SEAHORSE CERAMIC COIL - LOOKAH","units":1,"revenue":12.0,"cost":0.009999999776482582,"profit":11.989999771118164,"transactions":1,"margin":99.9000015258789}],"Thrive Sahara":[{"product":"SEAHORSE PRO PLUS","units":1,"revenue":40.0,"cost":34.0,"profit":6.0,"transactions":1,"margin":15.0},{"product":"SEAHORSE CERAMIC COIL - LOOKAH","units":1,"revenue":12.600000381469727,"cost":8.670000076293945,"profit":3.930000066757202,"transactions":1,"margin":31.200000762939453}]},"store_summary":[{"store_clean":"Thrive Jackpot","units":210,"revenue":13565.9296875,"cost":7298.5498046875,"profit":6267.3798828125,"discounts":2566.070068359375,"margin":46.20000076293945,"discount_rate":15.899999618530273},{"store_clean":"Thrive Reno","units":99,"revenue":4572.990234375,"cost":2359.030029296875,"profit":2213.9599609375,"discounts":529.010009765625,"margin":48.400001525878906,"discount_rate":10.399999618530273},{"store_clean":"Thrive Sahara","units":2,"revenue":52.599998474121094,"cost":42.66999816894531,"profit":9.930000305175781,"discounts":45.400001525878906,"margin":18.899999618530273,"discount_rate":46.29999923706055}],"recommendations":[{"severity":"red","title":"ACCESSORY: BELOW CATEGORY AVERAGE","detail":"Margin (46.1%) is 15 pts below ACCESSORY average. Ranked #0 of 0. Strong case for cost negotiation.","action":"Request 8% cost reduction or evaluate alternative ACCESSORY brands."},{"severity":"yellow","title":"CATEGORY BENCHMARK GAP","detail":"Overall margin (46.7%) trails ACCESSORY average (61.1%) by 14.4 pts.","action":"Negotiate cost reduction or increase retail price."},{"severity":"red","title":"LOW DISCOUNTED MARGIN","detail":"Margin drops to 34.9% when discounted.","action":"Cap discount depth at 20% or negotiate lower wholesale cost."},{"severity":"info","title":"VOLUME LEVERAGE","detail":"$18,192 revenue provides negotiating leverage.","action":"Use volume as leverage in next vendor meeting."}],"comparison":null}