{"brand":"ELEMENTS","date_range":"2024-01-01 00:00:00 to 2026-01-31 00:00:00","period_label":"All Time","summary":{"total_units":576,"total_revenue":1927.8750610351562,"total_cost":9158.399658203125,"total_discounts":232.12501525878906,"total_profit":-7230.5242919921875,"overall_margin":-375.1000061035156,"fp_margin":-196.6999969482422,"disc_margin":-748.7999877929688,"pct_full_price":67.69999694824219,"avg_discount_rate":10.699999809265137,"fp_revenue":1305.0,"disc_revenue":622.8750610351562,"unique_customers":368,"brand":"ELEMENTS","date_range":"2024-01-01 00:00:00 to 2026-01-31 00:00:00","months_count":22,"avg_monthly_cost":832.5749999999999,"cost_per_unit":31.8,"primary_category":"ACCESSORY","primary_cat_margin":61.099998474121094,"category_rank":36,"category_total":136,"margin_vs_category":-436.20001220703125,"velocity_rank":17},"category_breakdown":[{"category_clean":"ACCESSORY","units":576,"revenue":1927.8749084472656,"cost":9158.399658203125,"profit":-7230.52490234375,"discounts":232.12499618530273,"margin":-375.1000061035156,"category_avg_margin":61.099998474121094,"vs_category":-436.2,"rank":36.0,"total_brands":136.0}],"trend":[{"period":"2025-03","revenue":111.74999237060547,"cost":5035.0,"margin":-4405.6,"units":38,"transactions":36,"profit":-4923.2501220703125,"revenue_change_pct":null,"units_change_pct":null,"margin_change_pts":null},{"period":"2025-04","revenue":253.50000381469727,"cost":3516.5499877929688,"margin":-1287.2,"units":80,"transactions":70,"profit":-3263.0499267578125,"revenue_change_pct":126.8,"units_change_pct":110.5,"margin_change_pts":3118.4},{"period":"2025-05","revenue":168.75,"cost":66.24999523162842,"margin":60.7,"units":50,"transactions":44,"profit":102.5,"revenue_change_pct":-33.4,"units_change_pct":-37.5,"margin_change_pts":1347.9},{"period":"2025-06","revenue":118.50000381469727,"cost":47.699995040893555,"margin":59.7,"units":36,"transactions":32,"profit":70.79999923706055,"revenue_change_pct":-29.8,"units_change_pct":-28.0,"margin_change_pts":-1.0},{"period":"2025-07","revenue":158.99999618530273,"cost":63.59999656677246,"margin":60.0,"units":48,"transactions":44,"profit":95.39999961853027,"revenue_change_pct":34.2,"units_change_pct":33.3,"margin_change_pts":0.3},{"period":"2025-08","revenue":254.24999237060547,"cost":98.04999351501465,"margin":61.4,"units":74,"transactions":54,"profit":156.20000839233398,"revenue_change_pct":59.9,"units_change_pct":54.2,"margin_change_pts":1.4},{"period":"2025-09","revenue":176.25,"cost":68.89999866485596,"margin":60.9,"units":52,"transactions":40,"profit":107.35000610351562,"revenue_change_pct":-30.7,"units_change_pct":-29.7,"margin_change_pts":-0.5},{"period":"2025-10","revenue":371.25,"cost":143.09999465942383,"margin":61.5,"units":108,"transactions":86,"profit":228.15000534057617,"revenue_change_pct":110.6,"units_change_pct":107.7,"margin_change_pts":0.5},{"period":"2025-11","revenue":136.12500190734863,"cost":50.349998474121094,"margin":63.0,"units":38,"transactions":32,"profit":85.77500343322754,"revenue_change_pct":-63.3,"units_change_pct":-64.8,"margin_change_pts":1.6},{"period":"2025-12","revenue":111.00000381469727,"cost":42.39999771118164,"margin":61.8,"units":32,"transactions":30,"profit":68.60000133514404,"revenue_change_pct":-18.5,"units_change_pct":-15.8,"margin_change_pts":-1.2},{"period":"2026-01","revenue":67.5,"cost":26.499998569488525,"margin":60.7,"units":20,"transactions":14,"profit":40.999999046325684,"revenue_change_pct":-39.2,"units_change_pct":-37.5,"margin_change_pts":-1.1}],"share_of_category":[{"category":"ACCESSORY","brand_revenue":1927.8750610351562,"category_revenue":4128754.0625,"revenue_share_pct":0.0,"brand_units":576,"category_units":2130096,"units_share_pct":0.0}],"share_of_category_trend":{"ACCESSORY":[{"period":"2024-01","brand_revenue":0.0,"category_revenue":153543.9453125,"share_pct":0.0},{"period":"2024-02","brand_revenue":0.0,"category_revenue":152399.47265625,"share_pct":0.0},{"period":"2024-03","brand_revenue":0.0,"category_revenue":154678.876953125,"share_pct":0.0},{"period":"2024-04","brand_revenue":0.0,"category_revenue":163353.65234375,"share_pct":0.0},{"period":"2024-05","brand_revenue":0.0,"category_revenue":179676.4453125,"share_pct":0.0},{"period":"2024-06","brand_revenue":0.0,"category_revenue":185008.828125,"share_pct":0.0},{"period":"2024-07","brand_revenue":0.0,"category_revenue":186675.46875,"share_pct":0.0},{"period":"2024-08","brand_revenue":0.0,"category_revenue":180226.328125,"share_pct":0.0},{"period":"2024-09","brand_revenue":0.0,"category_revenue":162386.298828125,"share_pct":0.0},{"period":"2024-10","brand_revenue":0.0,"category_revenue":166088.73046875,"share_pct":0.0},{"period":"2024-11","brand_revenue":0.0,"category_revenue":171706.09375,"share_pct":0.0},{"period":"2024-12","brand_revenue":0.0,"category_revenue":176502.03125,"share_pct":0.0},{"period":"2025-01","brand_revenue":0.0,"category_revenue":167261.34765625,"share_pct":0.0},{"period":"2025-02","brand_revenue":0.0,"category_revenue":155260.927734375,"share_pct":0.0},{"period":"2025-03","brand_revenue":111.74999237060547,"category_revenue":176420.390625,"share_pct":0.10000000149011612},{"period":"2025-04","brand_revenue":253.50000381469727,"category_revenue":182694.82421875,"share_pct":0.10000000149011612},{"period":"2025-05","brand_revenue":168.75,"category_revenue":179904.4921875,"share_pct":0.10000000149011612},{"period":"2025-06","brand_revenue":118.50000381469727,"category_revenue":161148.75,"share_pct":0.10000000149011612},{"period":"2025-07","brand_revenue":158.99999618530273,"category_revenue":165549.8046875,"share_pct":0.10000000149011612},{"period":"2025-08","brand_revenue":254.24999237060547,"category_revenue":171752.05078125,"share_pct":0.10000000149011612},{"period":"2025-09","brand_revenue":176.25,"category_revenue":168198.9453125,"share_pct":0.10000000149011612},{"period":"2025-10","brand_revenue":371.25,"category_revenue":171844.55078125,"share_pct":0.20000000298023224},{"period":"2025-11","brand_revenue":136.12500190734863,"category_revenue":172839.74609375,"share_pct":0.10000000149011612},{"period":"2025-12","brand_revenue":111.00000381469727,"category_revenue":141954.873046875,"share_pct":0.10000000149011612},{"period":"2026-01","brand_revenue":67.5,"category_revenue":81677.1484375,"share_pct":0.10000000149011612}]},"discount_depth":[{"tier":"0% (Full Price)","transactions":288,"pct_of_transactions":59.8,"revenue":1305.0,"avg_discount":0.0},{"tier":"1-10%","transactions":26,"pct_of_transactions":5.4,"revenue":135.00000953674316,"avg_discount":20.0},{"tier":"11-20%","transactions":0,"pct_of_transactions":0.0,"revenue":0.0,"avg_discount":0},{"tier":"21-30%","transactions":162,"pct_of_transactions":33.6,"revenue":467.6250457763672,"avg_discount":59.79999923706055},{"tier":"31%+","transactions":6,"pct_of_transactions":1.2,"revenue":20.250000953674316,"avg_discount":93.4000015258789}],"velocity":{"units_per_day":1.76,"revenue_per_day":5.924999713897705,"avg_units_per_txn":2.4,"days_of_data":326,"total_units":576,"total_transactions":482},"velocity_by_category":[{"category":"ACCESSORY","brand_units_per_day":0.76,"category_avg_units_per_day":20.56,"velocity_index":3.7,"brand_rev_per_unit":2.68,"category_rev_per_unit":1.55,"brands_in_category":136}],"deals":[{"deal_name":"Industry 30% Off","times_used":96,"units":108.0,"revenue":283.49998712539673,"discounts":121.49999678134918,"cost":143.09999227523804,"profit":140.3999948501587,"pre_discount_revenue":405.0,"margin":49.5,"avg_discount":60.0},{"deal_name":"Industry - 30% Off","times_used":40,"units":42.0,"revenue":110.24999499320984,"discounts":47.24999874830246,"cost":2941.4999985694885,"profit":-2831.2500429153442,"pre_discount_revenue":157.5,"margin":-2568.0,"avg_discount":60.0},{"deal_name":"Veterans - 10% Off","times_used":18,"units":30.0,"revenue":101.25000178813934,"discounts":11.250000149011612,"cost":39.74999964237213,"profit":61.4999994635582,"pre_discount_revenue":112.5,"margin":60.7,"avg_discount":20.0},{"deal_name":"Employee 30% - NOT FRIDAYS","times_used":6,"units":8.0,"revenue":20.999999046325684,"discounts":8.999999761581421,"cost":535.2999997138977,"profit":-514.3000078201294,"pre_discount_revenue":30.0,"margin":-2449.0,"avg_discount":60.0},{"deal_name":"Employee - 40% OFF","times_used":2,"units":4.0,"revenue":8.999999761581421,"discounts":6.000000238418579,"cost":530.0,"profit":-520.9999847412109,"pre_discount_revenue":15.0,"margin":-5788.9,"avg_discount":80.0},{"deal_name":"Senior - 10% Off","times_used":2,"units":2.0,"revenue":6.7500001192092896,"discounts":0.7500000298023224,"cost":2.6499998569488525,"profit":4.099999964237213,"pre_discount_revenue":7.5,"margin":60.7,"avg_discount":20.0}],"top_products":[{"product":"PINK KING SIZE CONES 3PK - ELEMENTS","units":344,"revenue":1132.5,"cost":8850.999755859375,"profit":-7718.5003662109375,"transactions":302,"margin":-681.5},{"product":"PINK CONES 6PK - ELEMENTS","units":232,"revenue":795.3749847412109,"cost":307.3999786376953,"profit":487.9750061035156,"transactions":180,"margin":61.400001525878906}],"products_by_store":{"Elevation Springs":[{"product":"PINK KING SIZE CONES 3PK - ELEMENTS","units":344,"revenue":1132.5,"cost":8850.999755859375,"profit":-7718.5003662109375,"transactions":302,"margin":-681.5},{"product":"PINK CONES 6PK - ELEMENTS","units":232,"revenue":795.3749847412109,"cost":307.3999786376953,"profit":487.9750061035156,"transactions":180,"margin":61.400001525878906}]},"store_summary":[{"store_clean":"Elevation Springs","units":576,"revenue":1927.8749084472656,"cost":9158.399658203125,"profit":-7230.52490234375,"discounts":232.12499618530273,"margin":-375.1000061035156,"discount_rate":10.699999809265137}],"recommendations":[{"severity":"red","title":"ACCESSORY: BELOW CATEGORY AVERAGE","detail":"Margin (-375.1%) is 436 pts below ACCESSORY average. Ranked #36 of 136. Strong case for cost negotiation.","action":"Request 218% cost reduction or evaluate alternative ACCESSORY brands."},{"severity":"yellow","title":"CATEGORY BENCHMARK GAP","detail":"Overall margin (-375.1%) trails ACCESSORY average (61.1%) by 436.2 pts.","action":"Negotiate cost reduction or increase retail price."},{"severity":"red","title":"LOW DISCOUNTED MARGIN","detail":"Margin drops to -748.8% when discounted.","action":"Cap discount depth at 20% or negotiate lower wholesale cost."}],"comparison":null}