{"brand":"PANNA","date_range":"2024-01-01 00:00:00 to 2026-01-31 00:00:00","period_label":"All Time","summary":{"total_units":14912,"total_revenue":314167.421875,"total_cost":161952.5,"total_discounts":82062.578125,"total_profit":152214.921875,"overall_margin":48.5,"fp_margin":59.29999923706055,"disc_margin":42.400001525878906,"pct_full_price":36.0,"avg_discount_rate":20.700000762939453,"fp_revenue":113127.5,"disc_revenue":201039.921875,"brand":"PANNA","date_range":"2024-01-01 00:00:00 to 2026-01-31 00:00:00","primary_category":"INFUSED PRE ROLL","store_coverage":"5/7","stores_present":["Elevation Springs","Elevation Mesa","Elevation Midtown","Elevation Boulevard","Elevation Parkway"],"stores_missing":["Elevation Oasis","Elevation Downtown"],"velocity_rank":8,"velocity_total":25},"distribution":[{"store":"Elevation Springs","carries_brand":true,"sku_count":38,"revenue":107114.19921875,"units":5044,"store_total_revenue":51138750.0,"brand_share_pct":0.20000000298023224},{"store":"Elevation Mesa","carries_brand":true,"sku_count":32,"revenue":75693.5546875,"units":3704,"store_total_revenue":47532240.0,"brand_share_pct":0.20000000298023224},{"store":"Elevation Oasis","carries_brand":false,"sku_count":0,"revenue":0.0,"units":0,"store_total_revenue":56050145.0,"brand_share_pct":0},{"store":"Elevation Downtown","carries_brand":false,"sku_count":0,"revenue":0.0,"units":0,"store_total_revenue":1945237.1875,"brand_share_pct":0},{"store":"Elevation Midtown","carries_brand":true,"sku_count":16,"revenue":37314.45068359375,"units":1700,"store_total_revenue":30850185.0,"brand_share_pct":0.10000000149011612},{"store":"Elevation Boulevard","carries_brand":true,"sku_count":26,"revenue":42678.779296875,"units":2072,"store_total_revenue":28757865.0,"brand_share_pct":0.10000000149011612},{"store":"Elevation Parkway","carries_brand":true,"sku_count":26,"revenue":51366.4501953125,"units":2392,"store_total_revenue":21987007.5,"brand_share_pct":0.20000000298023224}],"share_of_category":[{"category":"INFUSED PRE ROLL","brand_revenue":314167.421875,"category_revenue":10308101.25,"revenue_share_pct":3.0,"brand_units":14912,"category_units":488074,"units_share_pct":3.1}],"share_of_category_trend":{"INFUSED PRE ROLL":[{"period":"2024-01","brand_revenue":20993.87451171875,"category_revenue":410907.8515625,"share_pct":5.099999904632568},{"period":"2024-02","brand_revenue":27564.1259765625,"category_revenue":458711.484375,"share_pct":6.0},{"period":"2024-03","brand_revenue":18955.750732421875,"category_revenue":427464.375,"share_pct":4.400000095367432},{"period":"2024-04","brand_revenue":24646.97509765625,"category_revenue":428699.9609375,"share_pct":5.699999809265137},{"period":"2024-05","brand_revenue":17967.60009765625,"category_revenue":501098.3203125,"share_pct":3.5999999046325684},{"period":"2024-06","brand_revenue":12734.825439453125,"category_revenue":477320.78125,"share_pct":2.700000047683716},{"period":"2024-07","brand_revenue":17228.5498046875,"category_revenue":479382.109375,"share_pct":3.5999999046325684},{"period":"2024-08","brand_revenue":17169.000244140625,"category_revenue":474359.1015625,"share_pct":3.5999999046325684},{"period":"2024-09","brand_revenue":16423.00048828125,"category_revenue":424280.1171875,"share_pct":3.9000000953674316},{"period":"2024-10","brand_revenue":27571.39892578125,"category_revenue":470840.6640625,"share_pct":5.900000095367432},{"period":"2024-11","brand_revenue":5224.000244140625,"category_revenue":424285.1171875,"share_pct":1.2000000476837158},{"period":"2024-12","brand_revenue":17234.25048828125,"category_revenue":432093.1640625,"share_pct":4.0},{"period":"2025-01","brand_revenue":32087.5,"category_revenue":358002.890625,"share_pct":9.0},{"period":"2025-02","brand_revenue":14854.000244140625,"category_revenue":325080.17578125,"share_pct":4.599999904632568},{"period":"2025-03","brand_revenue":15711.75048828125,"category_revenue":347380.078125,"share_pct":4.5},{"period":"2025-04","brand_revenue":19392.325439453125,"category_revenue":401341.40625,"share_pct":4.800000190734863},{"period":"2025-05","brand_revenue":7873.499755859375,"category_revenue":378076.09375,"share_pct":2.0999999046325684},{"period":"2025-06","brand_revenue":535.0,"category_revenue":354019.6484375,"share_pct":0.20000000298023224},{"period":"2025-07","brand_revenue":0.0,"category_revenue":416008.203125,"share_pct":0.0},{"period":"2025-08","brand_revenue":0.0,"category_revenue":425283.28125,"share_pct":0.0},{"period":"2025-09","brand_revenue":0.0,"category_revenue":378313.75,"share_pct":0.0},{"period":"2025-10","brand_revenue":0.0,"category_revenue":389168.3203125,"share_pct":0.0},{"period":"2025-11","brand_revenue":0.0,"category_revenue":390541.3671875,"share_pct":0.0},{"period":"2025-12","brand_revenue":0.0,"category_revenue":392812.34375,"share_pct":0.0},{"period":"2026-01","brand_revenue":0.0,"category_revenue":342630.7421875,"share_pct":0.0}]},"velocity_by_category":[{"category":"INFUSED PRE ROLL","brand_units_per_day":19.56,"category_avg_units_per_day":25.62,"velocity_index":76.4,"brand_rev_per_unit":16.85,"category_rev_per_unit":16.9,"brands_in_category":25}],"store_gaps":[{"store":"Elevation Oasis","category":"INFUSED PRE ROLL","category_revenue_at_store":1064605.46875,"opportunity":"Brand not carried"},{"store":"Elevation Downtown","category":"INFUSED PRE ROLL","category_revenue_at_store":134242.0703125,"opportunity":"Brand not carried"}],"product_mix":{"top":[{"product":"PURPLE UNICORN INFUSED PRE ROLL - PANNA","units":2670,"revenue":58848.8525390625,"cost":29717.5,"profit":29131.35009765625,"stores":5,"transactions":2210,"margin":49.5},{"product":"SUPER LEMON HAZE INFUSED PRE ROLL - PANNA","units":1798,"revenue":38115.0244140625,"cost":18700.0,"profit":19415.0244140625,"stores":5,"transactions":1586,"margin":50.900001525878906},{"product":"APPLE PIE INFUSED PRE ROLL - PANNA","units":1580,"revenue":33244.25048828125,"cost":15800.0,"profit":17444.25048828125,"stores":5,"transactions":1404,"margin":52.5},{"product":"STRAWBERRY SHORTCAKE INFUSED PRE ROLL - PANNA","units":1542,"revenue":31784.69970703125,"cost":16610.0,"profit":15174.69970703125,"stores":5,"transactions":1376,"margin":47.70000076293945},{"product":"CHERRY LYMADE INFUSED PRE ROLL - PANNA","units":1478,"revenue":31642.22412109375,"cost":15910.0,"profit":15732.225341796875,"stores":5,"transactions":1274,"margin":49.70000076293945},{"product":"JEALOUS EX INFUSED PRE ROLL - PANNA","units":964,"revenue":21390.3759765625,"cost":12050.0,"profit":9340.374755859375,"stores":4,"transactions":712,"margin":43.70000076293945},{"product":"CHEM OG INFUSED PRE ROLL - PANNA","units":880,"revenue":17320.50048828125,"cost":8800.0,"profit":8520.499877929688,"stores":5,"transactions":770,"margin":49.20000076293945},{"product":"STRAWBERRY MILK INFUSED PRE ROLL - PANNA","units":630,"revenue":14485.92529296875,"cost":7875.0,"profit":6610.9246826171875,"stores":4,"transactions":566,"margin":45.599998474121094},{"product":"GMO INFUSED PRE ROLL - PANNA","units":682,"revenue":14163.82568359375,"cost":7340.0,"profit":6823.8250732421875,"stores":4,"transactions":550,"margin":48.20000076293945},{"product":"BLUEBERRY KUSH INFUSED PRE ROLL - PANNA","units":596,"revenue":11542.750244140625,"cost":5960.0,"profit":5582.750244140625,"stores":5,"transactions":530,"margin":48.400001525878906},{"product":"ZKITTLEZ INFUSED PRE ROLL - PANNA","units":396,"revenue":8693.624877929688,"cost":4950.0,"profit":3743.6248779296875,"stores":3,"transactions":258,"margin":43.099998474121094},{"product":"LEMON DIESEL INFUSED PRE ROLL - PANNA","units":394,"revenue":7039.625244140625,"cost":3940.0,"profit":3099.6249389648438,"stores":3,"transactions":348,"margin":44.0},{"product":"CHERRY TWIZZLERZ INFUSED PRE ROLL - PANNA","units":282,"revenue":6480.0,"cost":3525.0,"profit":2955.0,"stores":4,"transactions":236,"margin":45.599998474121094},{"product":"GARLIC COOKIES INFUSED PRE ROLL - PANNA","units":302,"revenue":6072.750244140625,"cost":3280.0,"profit":2792.7499389648438,"stores":3,"transactions":250,"margin":46.0},{"product":"LEMON COOKIES INFUSED PRE ROLL - PANNA","units":264,"revenue":4909.5001220703125,"cost":2805.0,"profit":2104.499969482422,"stores":3,"transactions":210,"margin":42.900001525878906},{"product":"SOUR DIESEL INFUSED PRE ROLL - PANNA","units":198,"revenue":3585.0,"cost":1980.0,"profit":1605.0,"stores":2,"transactions":162,"margin":44.79999923706055},{"product":"WEDDING CAKE INFUSED PRE ROLL - PANNA","units":196,"revenue":3480.0,"cost":1960.0,"profit":1520.0,"stores":2,"transactions":166,"margin":43.70000076293945},{"product":"ZKITTLEZ INFUSED PRE ROLL 1G - PANNA","units":56,"revenue":1270.7499694824219,"cost":700.0,"profit":570.7500076293945,"stores":1,"transactions":40,"margin":44.900001525878906},{"product":"JUNGLE JUICE LR INFUSED PRE ROLL 1G - PANNA","units":4,"revenue":97.74999618530273,"cost":50.0,"profit":47.750000953674316,"stores":1,"transactions":4,"margin":48.79999923706055}],"bottom":[],"expansion":[{"product":"JEALOUS EX INFUSED PRE ROLL - PANNA","current_stores":4,"total_stores":5,"missing_stores":["Elevation Midtown"],"revenue":21390.3759765625},{"product":"STRAWBERRY MILK INFUSED PRE ROLL - PANNA","current_stores":4,"total_stores":5,"missing_stores":["Elevation Midtown"],"revenue":14485.92529296875},{"product":"GMO INFUSED PRE ROLL - PANNA","current_stores":4,"total_stores":5,"missing_stores":["Elevation Midtown"],"revenue":14163.82568359375},{"product":"ZKITTLEZ INFUSED PRE ROLL - PANNA","current_stores":3,"total_stores":5,"missing_stores":["Elevation Midtown","Elevation Boulevard"],"revenue":8693.624877929688},{"product":"LEMON DIESEL INFUSED PRE ROLL - PANNA","current_stores":3,"total_stores":5,"missing_stores":["Elevation Midtown","Elevation Boulevard"],"revenue":7039.625244140625},{"product":"CHERRY TWIZZLERZ INFUSED PRE ROLL - PANNA","current_stores":4,"total_stores":5,"missing_stores":["Elevation Mesa"],"revenue":6480.0},{"product":"GARLIC COOKIES INFUSED PRE ROLL - PANNA","current_stores":3,"total_stores":5,"missing_stores":["Elevation Midtown","Elevation Parkway"],"revenue":6072.750244140625},{"product":"LEMON COOKIES INFUSED PRE ROLL - PANNA","current_stores":3,"total_stores":5,"missing_stores":["Elevation Midtown","Elevation Parkway"],"revenue":4909.5001220703125},{"product":"SOUR DIESEL INFUSED PRE ROLL - PANNA","current_stores":2,"total_stores":5,"missing_stores":["Elevation Midtown","Elevation Boulevard","Elevation Parkway"],"revenue":3585.0},{"product":"WEDDING CAKE INFUSED PRE ROLL - PANNA","current_stores":2,"total_stores":5,"missing_stores":["Elevation Midtown","Elevation Boulevard","Elevation Parkway"],"revenue":3480.0}]},"pricing_consistency":[{"product":"LEMON DIESEL INFUSED PRE ROLL - PANNA","min_price":31.979166666666664,"max_price":45.76086956521739,"avg_price":37.69145371476782,"std_dev":2.874741750881307,"store_count":6,"price_range":13.781702898550726,"range_pct":36.6},{"product":"GARLIC COOKIES INFUSED PRE ROLL - PANNA","min_price":38.42567237647804,"max_price":46.638892844871236,"avg_price":41.48818840711642,"std_dev":1.794865821539641,"store_count":6,"price_range":8.2132204683932,"range_pct":19.8},{"product":"LEMON COOKIES INFUSED PRE ROLL - PANNA","min_price":33.775510204081634,"max_price":41.1969687721946,"avg_price":37.62415965875874,"std_dev":1.4873642588120186,"store_count":6,"price_range":7.421458568112969,"range_pct":19.7},{"product":"CHERRY LYMADE INFUSED PRE ROLL - PANNA","min_price":40.82835277365572,"max_price":48.54499699519231,"avg_price":43.681633576649084,"std_dev":1.2005142507557218,"store_count":10,"price_range":7.716644221536582,"range_pct":17.7},{"product":"CHERRY TWIZZLERZ INFUSED PRE ROLL - PANNA","min_price":41.38999938964844,"max_price":48.87500127156575,"avg_price":46.38297190107741,"std_dev":1.3823320954620875,"store_count":8,"price_range":7.485001881917315,"range_pct":16.1},{"product":"GMO INFUSED PRE ROLL - PANNA","min_price":40.57444813487294,"max_price":46.58333518288352,"avg_price":42.70336945935093,"std_dev":1.0682450053397972,"store_count":8,"price_range":6.008887048010587,"range_pct":14.1},{"product":"PURPLE UNICORN INFUSED PRE ROLL - PANNA","min_price":40.493417840254935,"max_price":45.602671577331215,"avg_price":43.67790816293485,"std_dev":0.8001709188457579,"store_count":10,"price_range":5.109253737076278,"range_pct":11.7},{"product":"BLUEBERRY KUSH INFUSED PRE ROLL - PANNA","min_price":37.30337078651685,"max_price":41.68032786885246,"avg_price":38.827944178917456,"std_dev":0.6971061692623847,"store_count":10,"price_range":4.3769570823356085,"range_pct":11.3},{"product":"CHEM OG INFUSED PRE ROLL - PANNA","min_price":37.1,"max_price":41.3563829787234,"avg_price":39.45837875863132,"std_dev":0.6218182610800614,"store_count":10,"price_range":4.256382978723403,"range_pct":10.8},{"product":"SOUR DIESEL INFUSED PRE ROLL - PANNA","min_price":34.275000000000006,"max_price":38.18877551020408,"avg_price":36.23188775510204,"std_dev":1.1069828813228568,"store_count":4,"price_range":3.9137755102040783,"range_pct":10.8},{"product":"JEALOUS EX INFUSED PRE ROLL - PANNA","min_price":40.98425971137153,"max_price":45.36842426500822,"avg_price":43.625842906895116,"std_dev":0.7737373185768379,"store_count":8,"price_range":4.384164553636696,"range_pct":10.0},{"product":"SUPER LEMON HAZE INFUSED PRE ROLL - PANNA","min_price":40.974409448818896,"max_price":44.84783561862245,"avg_price":42.28825024074783,"std_dev":0.5962276469058783,"store_count":10,"price_range":3.873426169803551,"range_pct":9.2},{"product":"ZKITTLEZ INFUSED PRE ROLL - PANNA","min_price":42.12754541513871,"max_price":46.06116761552527,"avg_price":43.986106359549865,"std_dev":0.7902911051023218,"store_count":6,"price_range":3.933622200386555,"range_pct":8.9},{"product":"STRAWBERRY MILK INFUSED PRE ROLL - PANNA","min_price":44.1201899601863,"max_price":48.14098979151527,"avg_price":45.9676282610862,"std_dev":0.7800397822086558,"store_count":8,"price_range":4.020799831328965,"range_pct":8.7},{"product":"APPLE PIE INFUSED PRE ROLL - PANNA","min_price":40.625,"max_price":44.131781999454944,"avg_price":42.096266829891306,"std_dev":0.5640627918458859,"store_count":10,"price_range":3.506781999454942,"range_pct":8.3},{"product":"STRAWBERRY SHORTCAKE INFUSED PRE ROLL - PANNA","min_price":39.69429347826087,"max_price":42.504544344815336,"avg_price":41.06532426135356,"std_dev":0.42753976634927127,"store_count":10,"price_range":2.810250866554469,"range_pct":6.8},{"product":"WEDDING CAKE INFUSED PRE ROLL - PANNA","min_price":35.28061224489796,"max_price":35.73979591836735,"avg_price":35.51020408163265,"std_dev":0.129876755728142,"store_count":4,"price_range":0.45918367346938993,"range_pct":1.3}],"promotional_effectiveness":{"lift":{"fp_units_per_day":9.4,"disc_units_per_day":21.1,"lift_pct":124.7,"fp_avg_revenue_per_unit":53.175,"disc_avg_revenue_per_unit":37.725},"by_deal":[{"deal_name":"Industry - 30% Off","uses":1971,"revenue":97863.87581586838,"discounts":42031.12532496452,"units":5218.0,"cost":57117.5,"margin":41.6,"discount_depth":60.0},{"deal_name":"Veterans - 10% Off","uses":229,"revenue":14620.500221252441,"discounts":1624.4999861717224,"units":614.0,"cost":6602.5,"margin":54.8,"discount_depth":20.0},{"deal_name":"30% Off Special","uses":180,"revenue":7621.000106334686,"discounts":3284.000036716461,"units":440.0,"cost":4665.0,"margin":38.8,"discount_depth":60.2},{"deal_name":"4/20 2025 - Flower / Infused","uses":128,"revenue":4370.0,"discounts":4370.0,"units":352.0,"cost":3520.0,"margin":19.5,"discount_depth":100.0},{"deal_name":"Senior - 10% Off","uses":122,"revenue":8448.750081062317,"discounts":938.7499934434891,"units":362.0,"cost":3815.0,"margin":54.8,"discount_depth":20.0},{"deal_name":"Employee 30% - NOT FRIDAYS","uses":58,"revenue":2455.2500009536743,"discounts":1052.2500002384186,"units":140.0,"cost":1400.0,"margin":43.0,"discount_depth":60.0},{"deal_name":"Panna 2 for $25","uses":50,"revenue":3375.0,"discounts":1995.0,"units":216.0,"cost":2160.0,"margin":36.0,"discount_depth":74.4},{"deal_name":"4/20 40% Off!!!!","uses":44,"revenue":1863.0000281333923,"discounts":1241.9999766349792,"units":108.0,"cost":1275.0,"margin":31.6,"discount_depth":80.0},{"deal_name":"Senior / Veterans - 20% Off","uses":37,"revenue":2589.9999856948853,"discounts":647.4999964237213,"units":126.0,"cost":1302.5,"margin":49.7,"discount_depth":40.0},{"deal_name":"Industry 30% Off","uses":15,"revenue":665.0,"discounts":285.0,"units":38.0,"cost":380.0,"margin":42.9,"discount_depth":60.0},{"deal_name":"LVAC - 25% Off","uses":15,"revenue":562.5,"discounts":187.5,"units":30.0,"cost":300.0,"margin":46.7,"discount_depth":50.0},{"deal_name":"PANNA Buy 2 Get 1","uses":14,"revenue":1897.949938774109,"discounts":1034.5499897003174,"units":102.0,"cost":1210.0,"margin":36.2,"discount_depth":70.6},{"deal_name":"50% Off IPR  / PR Packs","uses":12,"revenue":328.75,"discounts":328.75,"units":26.0,"cost":260.0,"margin":20.9,"discount_depth":100.0},{"deal_name":"Panna 1g IPR 2 for $25","uses":11,"revenue":687.5,"discounts":402.5,"units":44.0,"cost":440.0,"margin":36.0,"discount_depth":73.8},{"deal_name":"Employee - 40% OFF","uses":10,"revenue":390.0,"discounts":260.0,"units":26.0,"cost":260.0,"margin":33.3,"discount_depth":80.0},{"deal_name":"25% OFF SALE","uses":2,"revenue":86.25,"discounts":28.75,"units":4.0,"cost":50.0,"margin":42.0,"discount_depth":50.0}]},"growth_opportunities":[{"type":"distribution","title":"Expand to Elevation Oasis","detail":"Store has $425,842 in INFUSED PRE ROLL \u2014 categories where PANNA competes.","priority":"high"},{"type":"distribution","title":"Expand to Elevation Downtown","detail":"Store has $53,697 in INFUSED PRE ROLL \u2014 categories where PANNA competes.","priority":"high"},{"type":"sku_expansion","title":"Add 'CHERRY TWIZZLERZ INFUSED PRE ROLL - PANNA' to 1 more store(s)","detail":"Carried in 4 stores. Missing from: Elevation Mesa","priority":"medium"},{"type":"sku_expansion","title":"Add 'GARLIC COOKIES INFUSED PRE ROLL - PANNA' to 2 more store(s)","detail":"Carried in 3 stores. Missing from: Elevation Midtown, Elevation Parkway","priority":"medium"},{"type":"sku_expansion","title":"Add 'GMO INFUSED PRE ROLL - PANNA' to 1 more store(s)","detail":"Carried in 4 stores. Missing from: Elevation Midtown","priority":"medium"},{"type":"sku_expansion","title":"Add 'JEALOUS EX INFUSED PRE ROLL - PANNA' to 1 more store(s)","detail":"Carried in 4 stores. Missing from: Elevation Midtown","priority":"medium"},{"type":"sku_expansion","title":"Add 'LEMON COOKIES INFUSED PRE ROLL - PANNA' to 2 more store(s)","detail":"Carried in 3 stores. Missing from: Elevation Midtown, Elevation Parkway","priority":"medium"},{"type":"velocity","title":"Improve velocity in INFUSED PRE ROLL","detail":"Velocity index 76 (below category average). 9.8 units/day vs 12.8 avg.","priority":"medium"}],"trend":[{"period":"2024-01","revenue":20993.87451171875,"cost":11000.0,"margin":47.6,"units":880,"transactions":666,"profit":9993.875122070312,"revenue_change_pct":null,"units_change_pct":null,"margin_change_pts":null},{"period":"2024-02","revenue":27564.1259765625,"cost":15700.0,"margin":43.0,"units":1256,"transactions":854,"profit":11864.124755859375,"revenue_change_pct":31.3,"units_change_pct":42.7,"margin_change_pts":-4.6},{"period":"2024-03","revenue":18955.750732421875,"cost":10527.5,"margin":44.5,"units":846,"transactions":608,"profit":8428.250122070312,"revenue_change_pct":-31.2,"units_change_pct":-32.6,"margin_change_pts":1.4},{"period":"2024-04","revenue":24646.97509765625,"cost":12732.5,"margin":48.3,"units":1074,"transactions":782,"profit":11914.47509765625,"revenue_change_pct":30.0,"units_change_pct":27.0,"margin_change_pts":3.9},{"period":"2024-05","revenue":17967.60009765625,"cost":9177.5,"margin":48.9,"units":778,"transactions":602,"profit":8790.10009765625,"revenue_change_pct":-27.1,"units_change_pct":-27.6,"margin_change_pts":0.6},{"period":"2024-06","revenue":12734.825439453125,"cost":6232.5,"margin":51.1,"units":550,"transactions":456,"profit":6502.3248291015625,"revenue_change_pct":-29.1,"units_change_pct":-29.3,"margin_change_pts":2.1},{"period":"2024-07","revenue":17228.5498046875,"cost":8620.0,"margin":50.0,"units":770,"transactions":610,"profit":8608.5498046875,"revenue_change_pct":35.3,"units_change_pct":40.0,"margin_change_pts":-1.1},{"period":"2024-08","revenue":17169.000244140625,"cost":8565.0,"margin":50.1,"units":820,"transactions":634,"profit":8604.000244140625,"revenue_change_pct":-0.3,"units_change_pct":6.5,"margin_change_pts":0.1},{"period":"2024-09","revenue":16423.00048828125,"cost":7755.0,"margin":52.8,"units":774,"transactions":628,"profit":8667.999877929688,"revenue_change_pct":-4.3,"units_change_pct":-5.6,"margin_change_pts":2.7},{"period":"2024-10","revenue":27571.39892578125,"cost":13402.5,"margin":51.4,"units":1340,"transactions":1036,"profit":14168.900146484375,"revenue_change_pct":67.9,"units_change_pct":73.1,"margin_change_pts":-1.4},{"period":"2024-11","revenue":5224.000244140625,"cost":2660.0,"margin":49.1,"units":266,"transactions":194,"profit":2563.9999389648438,"revenue_change_pct":-81.1,"units_change_pct":-80.1,"margin_change_pts":-2.3},{"period":"2024-12","revenue":17234.25048828125,"cost":8320.0,"margin":51.7,"units":832,"transactions":612,"profit":8914.249877929688,"revenue_change_pct":229.9,"units_change_pct":212.8,"margin_change_pts":2.6},{"period":"2025-01","revenue":32087.5,"cost":15520.0,"margin":51.6,"units":1552,"transactions":1162,"profit":16567.5,"revenue_change_pct":86.2,"units_change_pct":86.5,"margin_change_pts":-0.1},{"period":"2025-02","revenue":14854.000244140625,"cost":7360.0,"margin":50.5,"units":736,"transactions":570,"profit":7494.000244140625,"revenue_change_pct":-53.7,"units_change_pct":-52.6,"margin_change_pts":-1.2},{"period":"2025-03","revenue":15711.75048828125,"cost":8460.0,"margin":46.2,"units":846,"transactions":664,"profit":7251.7498779296875,"revenue_change_pct":5.8,"units_change_pct":14.9,"margin_change_pts":-4.3},{"period":"2025-04","revenue":19392.325439453125,"cost":11060.0,"margin":43.0,"units":1106,"transactions":820,"profit":8332.324829101562,"revenue_change_pct":23.4,"units_change_pct":30.7,"margin_change_pts":-3.2},{"period":"2025-05","revenue":7873.499755859375,"cost":4520.0,"margin":42.6,"units":452,"transactions":274,"profit":3353.5000610351562,"revenue_change_pct":-59.4,"units_change_pct":-59.1,"margin_change_pts":-0.4},{"period":"2025-06","revenue":535.0,"cost":340.0,"margin":36.4,"units":34,"transactions":18,"profit":195.0,"revenue_change_pct":-93.2,"units_change_pct":-92.5,"margin_change_pts":-6.1}]}