{"brand":"PANNA","date_range":"2024-01-01 00:00:00 to 2026-01-31 00:00:00","period_label":"All Time","summary":{"total_units":14912,"total_revenue":314167.421875,"total_cost":161952.5,"total_discounts":82062.578125,"total_profit":152214.921875,"overall_margin":48.5,"fp_margin":59.29999923706055,"disc_margin":42.400001525878906,"pct_full_price":36.0,"avg_discount_rate":20.700000762939453,"fp_revenue":113127.5,"disc_revenue":201039.921875,"unique_customers":5710,"brand":"PANNA","date_range":"2024-01-01 00:00:00 to 2026-01-31 00:00:00","months_count":36,"avg_monthly_cost":8997.35,"cost_per_unit":21.724999999999998,"primary_category":"INFUSED PRE ROLL","primary_cat_margin":47.29999923706055,"category_rank":9,"category_total":25,"margin_vs_category":1.2000000476837158,"velocity_rank":8},"category_breakdown":[{"category_clean":"INFUSED PRE ROLL","units":14912,"revenue":314167.421875,"cost":161952.5,"profit":152214.921875,"discounts":82062.578125,"margin":48.5,"category_avg_margin":47.29999923706055,"vs_category":1.2,"rank":9.0,"total_brands":25.0}],"trend":[{"period":"2024-01","revenue":20993.87451171875,"cost":11000.0,"margin":47.6,"units":880,"transactions":666,"profit":9993.875122070312,"revenue_change_pct":null,"units_change_pct":null,"margin_change_pts":null},{"period":"2024-02","revenue":27564.1259765625,"cost":15700.0,"margin":43.0,"units":1256,"transactions":854,"profit":11864.124755859375,"revenue_change_pct":31.3,"units_change_pct":42.7,"margin_change_pts":-4.6},{"period":"2024-03","revenue":18955.750732421875,"cost":10527.5,"margin":44.5,"units":846,"transactions":608,"profit":8428.250122070312,"revenue_change_pct":-31.2,"units_change_pct":-32.6,"margin_change_pts":1.4},{"period":"2024-04","revenue":24646.97509765625,"cost":12732.5,"margin":48.3,"units":1074,"transactions":782,"profit":11914.47509765625,"revenue_change_pct":30.0,"units_change_pct":27.0,"margin_change_pts":3.9},{"period":"2024-05","revenue":17967.60009765625,"cost":9177.5,"margin":48.9,"units":778,"transactions":602,"profit":8790.10009765625,"revenue_change_pct":-27.1,"units_change_pct":-27.6,"margin_change_pts":0.6},{"period":"2024-06","revenue":12734.825439453125,"cost":6232.5,"margin":51.1,"units":550,"transactions":456,"profit":6502.3248291015625,"revenue_change_pct":-29.1,"units_change_pct":-29.3,"margin_change_pts":2.1},{"period":"2024-07","revenue":17228.5498046875,"cost":8620.0,"margin":50.0,"units":770,"transactions":610,"profit":8608.5498046875,"revenue_change_pct":35.3,"units_change_pct":40.0,"margin_change_pts":-1.1},{"period":"2024-08","revenue":17169.000244140625,"cost":8565.0,"margin":50.1,"units":820,"transactions":634,"profit":8604.000244140625,"revenue_change_pct":-0.3,"units_change_pct":6.5,"margin_change_pts":0.1},{"period":"2024-09","revenue":16423.00048828125,"cost":7755.0,"margin":52.8,"units":774,"transactions":628,"profit":8667.999877929688,"revenue_change_pct":-4.3,"units_change_pct":-5.6,"margin_change_pts":2.7},{"period":"2024-10","revenue":27571.39892578125,"cost":13402.5,"margin":51.4,"units":1340,"transactions":1036,"profit":14168.900146484375,"revenue_change_pct":67.9,"units_change_pct":73.1,"margin_change_pts":-1.4},{"period":"2024-11","revenue":5224.000244140625,"cost":2660.0,"margin":49.1,"units":266,"transactions":194,"profit":2563.9999389648438,"revenue_change_pct":-81.1,"units_change_pct":-80.1,"margin_change_pts":-2.3},{"period":"2024-12","revenue":17234.25048828125,"cost":8320.0,"margin":51.7,"units":832,"transactions":612,"profit":8914.249877929688,"revenue_change_pct":229.9,"units_change_pct":212.8,"margin_change_pts":2.6},{"period":"2025-01","revenue":32087.5,"cost":15520.0,"margin":51.6,"units":1552,"transactions":1162,"profit":16567.5,"revenue_change_pct":86.2,"units_change_pct":86.5,"margin_change_pts":-0.1},{"period":"2025-02","revenue":14854.000244140625,"cost":7360.0,"margin":50.5,"units":736,"transactions":570,"profit":7494.000244140625,"revenue_change_pct":-53.7,"units_change_pct":-52.6,"margin_change_pts":-1.2},{"period":"2025-03","revenue":15711.75048828125,"cost":8460.0,"margin":46.2,"units":846,"transactions":664,"profit":7251.7498779296875,"revenue_change_pct":5.8,"units_change_pct":14.9,"margin_change_pts":-4.3},{"period":"2025-04","revenue":19392.325439453125,"cost":11060.0,"margin":43.0,"units":1106,"transactions":820,"profit":8332.324829101562,"revenue_change_pct":23.4,"units_change_pct":30.7,"margin_change_pts":-3.2},{"period":"2025-05","revenue":7873.499755859375,"cost":4520.0,"margin":42.6,"units":452,"transactions":274,"profit":3353.5000610351562,"revenue_change_pct":-59.4,"units_change_pct":-59.1,"margin_change_pts":-0.4},{"period":"2025-06","revenue":535.0,"cost":340.0,"margin":36.4,"units":34,"transactions":18,"profit":195.0,"revenue_change_pct":-93.2,"units_change_pct":-92.5,"margin_change_pts":-6.1}],"share_of_category":[{"category":"INFUSED PRE ROLL","brand_revenue":314167.421875,"category_revenue":10308101.25,"revenue_share_pct":3.0,"brand_units":14912,"category_units":488074,"units_share_pct":3.1}],"share_of_category_trend":{"INFUSED PRE ROLL":[{"period":"2024-01","brand_revenue":20993.87451171875,"category_revenue":410907.8515625,"share_pct":5.099999904632568},{"period":"2024-02","brand_revenue":27564.1259765625,"category_revenue":458711.484375,"share_pct":6.0},{"period":"2024-03","brand_revenue":18955.750732421875,"category_revenue":427464.375,"share_pct":4.400000095367432},{"period":"2024-04","brand_revenue":24646.97509765625,"category_revenue":428699.9609375,"share_pct":5.699999809265137},{"period":"2024-05","brand_revenue":17967.60009765625,"category_revenue":501098.3203125,"share_pct":3.5999999046325684},{"period":"2024-06","brand_revenue":12734.825439453125,"category_revenue":477320.78125,"share_pct":2.700000047683716},{"period":"2024-07","brand_revenue":17228.5498046875,"category_revenue":479382.109375,"share_pct":3.5999999046325684},{"period":"2024-08","brand_revenue":17169.000244140625,"category_revenue":474359.1015625,"share_pct":3.5999999046325684},{"period":"2024-09","brand_revenue":16423.00048828125,"category_revenue":424280.1171875,"share_pct":3.9000000953674316},{"period":"2024-10","brand_revenue":27571.39892578125,"category_revenue":470840.6640625,"share_pct":5.900000095367432},{"period":"2024-11","brand_revenue":5224.000244140625,"category_revenue":424285.1171875,"share_pct":1.2000000476837158},{"period":"2024-12","brand_revenue":17234.25048828125,"category_revenue":432093.1640625,"share_pct":4.0},{"period":"2025-01","brand_revenue":32087.5,"category_revenue":358002.890625,"share_pct":9.0},{"period":"2025-02","brand_revenue":14854.000244140625,"category_revenue":325080.17578125,"share_pct":4.599999904632568},{"period":"2025-03","brand_revenue":15711.75048828125,"category_revenue":347380.078125,"share_pct":4.5},{"period":"2025-04","brand_revenue":19392.325439453125,"category_revenue":401341.40625,"share_pct":4.800000190734863},{"period":"2025-05","brand_revenue":7873.499755859375,"category_revenue":378076.09375,"share_pct":2.0999999046325684},{"period":"2025-06","brand_revenue":535.0,"category_revenue":354019.6484375,"share_pct":0.20000000298023224},{"period":"2025-07","brand_revenue":0.0,"category_revenue":416008.203125,"share_pct":0.0},{"period":"2025-08","brand_revenue":0.0,"category_revenue":425283.28125,"share_pct":0.0},{"period":"2025-09","brand_revenue":0.0,"category_revenue":378313.75,"share_pct":0.0},{"period":"2025-10","brand_revenue":0.0,"category_revenue":389168.3203125,"share_pct":0.0},{"period":"2025-11","brand_revenue":0.0,"category_revenue":390541.3671875,"share_pct":0.0},{"period":"2025-12","brand_revenue":0.0,"category_revenue":392812.34375,"share_pct":0.0},{"period":"2026-01","brand_revenue":0.0,"category_revenue":342630.7421875,"share_pct":0.0}]},"discount_depth":[{"tier":"0% (Full Price)","transactions":3806,"pct_of_transactions":30.1,"revenue":113127.5,"avg_discount":0.0},{"tier":"1-10%","transactions":1044,"pct_of_transactions":8.3,"revenue":31455.72509765625,"avg_discount":20.0},{"tier":"11-20%","transactions":314,"pct_of_transactions":2.5,"revenue":8370.50048828125,"avg_discount":39.0},{"tier":"21-30%","transactions":316,"pct_of_transactions":2.5,"revenue":7184.324951171875,"avg_discount":49.79999923706055},{"tier":"31%+","transactions":1308,"pct_of_transactions":10.3,"revenue":23927.3779296875,"avg_discount":88.5999984741211}],"velocity":{"units_per_day":28.78,"revenue_per_day":606.5000152587891,"avg_units_per_txn":2.66,"days_of_data":518,"total_units":14912,"total_transactions":11190},"velocity_by_category":[{"category":"INFUSED PRE ROLL","brand_units_per_day":19.56,"category_avg_units_per_day":25.62,"velocity_index":76.4,"brand_rev_per_unit":16.85,"category_rev_per_unit":16.9,"brands_in_category":25}],"deals":[{"deal_name":"Industry - 30% Off","times_used":3942,"units":5218.0,"revenue":97863.87581586838,"discounts":42031.12532496452,"cost":57117.5,"profit":40746.37472078204,"pre_discount_revenue":139895.0,"margin":41.6,"avg_discount":60.0},{"deal_name":"Veterans - 10% Off","times_used":458,"units":614.0,"revenue":14620.500221252441,"discounts":1624.4999861717224,"cost":6602.5,"profit":8017.99994468689,"pre_discount_revenue":16245.0,"margin":54.8,"avg_discount":20.0},{"deal_name":"30% Off Special","times_used":360,"units":440.0,"revenue":7621.000106334686,"discounts":3284.000036716461,"cost":4665.0,"profit":2955.9999680519104,"pre_discount_revenue":10905.0,"margin":38.8,"avg_discount":60.2},{"deal_name":"4/20 2025 - Flower / Infused","times_used":256,"units":352.0,"revenue":4370.0,"discounts":4370.0,"cost":3520.0,"profit":850.0,"pre_discount_revenue":8740.0,"margin":19.5,"avg_discount":100.0},{"deal_name":"Senior - 10% Off","times_used":244,"units":362.0,"revenue":8448.750081062317,"discounts":938.7499934434891,"cost":3815.0,"profit":4633.749969005585,"pre_discount_revenue":9387.5,"margin":54.8,"avg_discount":20.0},{"deal_name":"Employee 30% - NOT FRIDAYS","times_used":116,"units":140.0,"revenue":2455.2500009536743,"discounts":1052.2500002384186,"cost":1400.0,"profit":1055.2500009536743,"pre_discount_revenue":3507.5,"margin":43.0,"avg_discount":60.0},{"deal_name":"Panna 2 for $25","times_used":100,"units":216.0,"revenue":3375.0,"discounts":1995.0,"cost":2160.0,"profit":1215.0,"pre_discount_revenue":5370.0,"margin":36.0,"avg_discount":74.4},{"deal_name":"4/20 40% Off!!!!","times_used":88,"units":108.0,"revenue":1863.0000281333923,"discounts":1241.9999766349792,"cost":1275.0,"profit":588.000009059906,"pre_discount_revenue":3105.0,"margin":31.6,"avg_discount":80.0},{"deal_name":"Senior / Veterans - 20% Off","times_used":74,"units":126.0,"revenue":2589.9999856948853,"discounts":647.4999964237213,"cost":1302.5,"profit":1287.499988079071,"pre_discount_revenue":3237.5,"margin":49.7,"avg_discount":40.0},{"deal_name":"Industry 30% Off","times_used":30,"units":38.0,"revenue":665.0,"discounts":285.0,"cost":380.0,"profit":285.0,"pre_discount_revenue":950.0,"margin":42.9,"avg_discount":60.0},{"deal_name":"LVAC - 25% Off","times_used":30,"units":30.0,"revenue":562.5,"discounts":187.5,"cost":300.0,"profit":262.5,"pre_discount_revenue":750.0,"margin":46.7,"avg_discount":50.0},{"deal_name":"PANNA Buy 2 Get 1","times_used":28,"units":102.0,"revenue":1897.949938774109,"discounts":1034.5499897003174,"cost":1210.0,"profit":687.9500091075897,"pre_discount_revenue":2932.5,"margin":36.2,"avg_discount":70.6},{"deal_name":"50% Off IPR  / PR Packs","times_used":24,"units":26.0,"revenue":328.75,"discounts":328.75,"cost":260.0,"profit":68.75,"pre_discount_revenue":657.5,"margin":20.9,"avg_discount":100.0},{"deal_name":"Panna 1g IPR 2 for $25","times_used":22,"units":44.0,"revenue":687.5,"discounts":402.5,"cost":440.0,"profit":247.5,"pre_discount_revenue":1090.0,"margin":36.0,"avg_discount":73.8},{"deal_name":"Employee - 40% OFF","times_used":20,"units":26.0,"revenue":390.0,"discounts":260.0,"cost":260.0,"profit":130.0,"pre_discount_revenue":650.0,"margin":33.3,"avg_discount":80.0},{"deal_name":"25% OFF SALE","times_used":4,"units":4.0,"revenue":86.25,"discounts":28.75,"cost":50.0,"profit":36.25,"pre_discount_revenue":115.0,"margin":42.0,"avg_discount":50.0}],"top_products":[{"product":"PURPLE UNICORN INFUSED PRE ROLL - PANNA","units":2670,"revenue":58848.8525390625,"cost":29717.5,"profit":29131.35009765625,"transactions":2210,"margin":49.5},{"product":"SUPER LEMON HAZE INFUSED PRE ROLL - PANNA","units":1798,"revenue":38115.0244140625,"cost":18700.0,"profit":19415.0244140625,"transactions":1586,"margin":50.900001525878906},{"product":"APPLE PIE INFUSED PRE ROLL - PANNA","units":1580,"revenue":33244.25048828125,"cost":15800.0,"profit":17444.25048828125,"transactions":1404,"margin":52.5},{"product":"STRAWBERRY SHORTCAKE INFUSED PRE ROLL - PANNA","units":1542,"revenue":31784.69970703125,"cost":16610.0,"profit":15174.69970703125,"transactions":1376,"margin":47.70000076293945},{"product":"CHERRY LYMADE INFUSED PRE ROLL - PANNA","units":1478,"revenue":31642.22412109375,"cost":15910.0,"profit":15732.225341796875,"transactions":1274,"margin":49.70000076293945},{"product":"JEALOUS EX INFUSED PRE ROLL - PANNA","units":964,"revenue":21390.3759765625,"cost":12050.0,"profit":9340.374755859375,"transactions":712,"margin":43.70000076293945},{"product":"CHEM OG INFUSED PRE ROLL - PANNA","units":880,"revenue":17320.50048828125,"cost":8800.0,"profit":8520.499877929688,"transactions":770,"margin":49.20000076293945},{"product":"STRAWBERRY MILK INFUSED PRE ROLL - PANNA","units":630,"revenue":14485.92529296875,"cost":7875.0,"profit":6610.9246826171875,"transactions":566,"margin":45.599998474121094},{"product":"GMO INFUSED PRE ROLL - PANNA","units":682,"revenue":14163.82568359375,"cost":7340.0,"profit":6823.8250732421875,"transactions":550,"margin":48.20000076293945},{"product":"BLUEBERRY KUSH INFUSED PRE ROLL - PANNA","units":596,"revenue":11542.750244140625,"cost":5960.0,"profit":5582.750244140625,"transactions":530,"margin":48.400001525878906},{"product":"ZKITTLEZ INFUSED PRE ROLL - PANNA","units":396,"revenue":8693.624877929688,"cost":4950.0,"profit":3743.6248779296875,"transactions":258,"margin":43.099998474121094},{"product":"LEMON DIESEL INFUSED PRE ROLL - PANNA","units":394,"revenue":7039.625244140625,"cost":3940.0,"profit":3099.6249389648438,"transactions":348,"margin":44.0},{"product":"CHERRY TWIZZLERZ INFUSED PRE ROLL - PANNA","units":282,"revenue":6480.0,"cost":3525.0,"profit":2955.0,"transactions":236,"margin":45.599998474121094},{"product":"GARLIC COOKIES INFUSED PRE ROLL - PANNA","units":302,"revenue":6072.750244140625,"cost":3280.0,"profit":2792.7499389648438,"transactions":250,"margin":46.0},{"product":"LEMON COOKIES INFUSED PRE ROLL - PANNA","units":264,"revenue":4909.5001220703125,"cost":2805.0,"profit":2104.499969482422,"transactions":210,"margin":42.900001525878906},{"product":"SOUR DIESEL INFUSED PRE ROLL - PANNA","units":198,"revenue":3585.0,"cost":1980.0,"profit":1605.0,"transactions":162,"margin":44.79999923706055},{"product":"WEDDING CAKE INFUSED PRE ROLL - PANNA","units":196,"revenue":3480.0,"cost":1960.0,"profit":1520.0,"transactions":166,"margin":43.70000076293945},{"product":"ZKITTLEZ INFUSED PRE ROLL 1G - PANNA","units":56,"revenue":1270.7499694824219,"cost":700.0,"profit":570.7500076293945,"transactions":40,"margin":44.900001525878906},{"product":"JUNGLE JUICE LR INFUSED PRE ROLL 1G - PANNA","units":4,"revenue":97.74999618530273,"cost":50.0,"profit":47.750000953674316,"transactions":4,"margin":48.79999923706055}],"products_by_store":{"Elevation Springs":[{"product":"PURPLE UNICORN INFUSED PRE ROLL - PANNA","units":1182,"revenue":26143.92578125,"cost":13262.5,"profit":12881.424560546875,"transactions":986,"margin":49.29999923706055},{"product":"JEALOUS EX INFUSED PRE ROLL - PANNA","units":528,"revenue":11803.525390625,"cost":6600.0,"profit":5203.5247802734375,"transactions":322,"margin":44.099998474121094},{"product":"CHERRY LYMADE INFUSED PRE ROLL - PANNA","units":498,"revenue":10488.125,"cost":5330.0,"profit":5158.125,"transactions":442,"margin":49.20000076293945},{"product":"SUPER LEMON HAZE INFUSED PRE ROLL - PANNA","units":480,"revenue":10055.599975585938,"cost":4975.0,"profit":5080.5999755859375,"transactions":426,"margin":50.5},{"product":"APPLE PIE INFUSED PRE ROLL - PANNA","units":472,"revenue":9862.5,"cost":4720.0,"profit":5142.5,"transactions":436,"margin":52.099998474121094},{"product":"STRAWBERRY SHORTCAKE INFUSED PRE ROLL - PANNA","units":440,"revenue":9351.000366210938,"cost":4912.5,"profit":4438.500061035156,"transactions":408,"margin":47.5},{"product":"ZKITTLEZ INFUSED PRE ROLL - PANNA","units":204,"revenue":4464.5001220703125,"cost":2550.0,"profit":1914.4999694824219,"transactions":90,"margin":42.900001525878906},{"product":"GMO INFUSED PRE ROLL - PANNA","units":202,"revenue":4187.025146484375,"cost":2020.0,"profit":2167.0249938964844,"transactions":150,"margin":51.79999923706055},{"product":"CHEM OG INFUSED PRE ROLL - PANNA","units":188,"revenue":3887.5,"cost":1880.0,"profit":2007.5,"transactions":180,"margin":51.599998474121094},{"product":"STRAWBERRY MILK INFUSED PRE ROLL - PANNA","units":150,"revenue":3530.5001831054688,"cost":1875.0,"profit":1655.5000305175781,"transactions":122,"margin":46.900001525878906},{"product":"BLUEBERRY KUSH INFUSED PRE ROLL - PANNA","units":122,"revenue":2542.5,"cost":1220.0,"profit":1322.5,"transactions":112,"margin":52.0},{"product":"GARLIC COOKIES INFUSED PRE ROLL - PANNA","units":100,"revenue":1970.0,"cost":1000.0,"profit":970.0,"transactions":78,"margin":49.20000076293945},{"product":"LEMON COOKIES INFUSED PRE ROLL - PANNA","units":100,"revenue":1895.0,"cost":1000.0,"profit":895.0,"transactions":80,"margin":47.20000076293945},{"product":"WEDDING CAKE INFUSED PRE ROLL - PANNA","units":98,"revenue":1728.75,"cost":980.0,"profit":748.75,"transactions":80,"margin":43.29999923706055},{"product":"SOUR DIESEL INFUSED PRE ROLL - PANNA","units":100,"revenue":1713.75,"cost":1000.0,"profit":713.75,"transactions":86,"margin":41.599998474121094}],"Elevation Mesa":[{"product":"PURPLE UNICORN INFUSED PRE ROLL - PANNA","units":450,"revenue":10107.825317382812,"cost":5115.0,"profit":4992.825012207031,"transactions":360,"margin":49.400001525878906},{"product":"STRAWBERRY SHORTCAKE INFUSED PRE ROLL - PANNA","units":368,"revenue":7600.0,"cost":4047.5,"profit":3552.5,"transactions":336,"margin":46.70000076293945},{"product":"GMO INFUSED PRE ROLL - PANNA","units":364,"revenue":7384.5501708984375,"cost":3995.0,"profit":3389.5498657226562,"transactions":302,"margin":45.900001525878906},{"product":"CHERRY LYMADE INFUSED PRE ROLL - PANNA","units":358,"revenue":7308.275146484375,"cost":3767.5,"profit":3540.7748413085938,"transactions":312,"margin":48.400001525878906},{"product":"SUPER LEMON HAZE INFUSED PRE ROLL - PANNA","units":338,"revenue":7110.4998779296875,"cost":3560.0,"profit":3550.4998779296875,"transactions":292,"margin":49.900001525878906},{"product":"APPLE PIE INFUSED PRE ROLL - PANNA","units":340,"revenue":6986.25,"cost":3400.0,"profit":3586.25,"transactions":308,"margin":51.29999923706055},{"product":"STRAWBERRY MILK INFUSED PRE ROLL - PANNA","units":208,"revenue":4588.500061035156,"cost":2600.0,"profit":1988.4999084472656,"transactions":200,"margin":43.29999923706055},{"product":"LEMON DIESEL INFUSED PRE ROLL - PANNA","units":252,"revenue":4452.124938964844,"cost":2520.0,"profit":1932.1249389648438,"transactions":212,"margin":43.400001525878906},{"product":"JEALOUS EX INFUSED PRE ROLL - PANNA","units":192,"revenue":4170.274963378906,"cost":2400.0,"profit":1770.2749633789062,"transactions":174,"margin":42.400001525878906},{"product":"CHEM OG INFUSED PRE ROLL - PANNA","units":196,"revenue":3885.0,"cost":1960.0,"profit":1925.0,"transactions":172,"margin":49.5},{"product":"GARLIC COOKIES INFUSED PRE ROLL - PANNA","units":148,"revenue":2843.5000610351562,"cost":1605.0,"profit":1238.499984741211,"transactions":128,"margin":43.599998474121094},{"product":"ZKITTLEZ INFUSED PRE ROLL - PANNA","units":98,"revenue":2064.250030517578,"cost":1225.0,"profit":839.2499542236328,"transactions":78,"margin":40.70000076293945},{"product":"BLUEBERRY KUSH INFUSED PRE ROLL - PANNA","units":98,"revenue":1915.0,"cost":980.0,"profit":935.0,"transactions":92,"margin":48.79999923706055},{"product":"SOUR DIESEL INFUSED PRE ROLL - PANNA","units":98,"revenue":1871.25,"cost":980.0,"profit":891.25,"transactions":76,"margin":47.599998474121094},{"product":"WEDDING CAKE INFUSED PRE ROLL - PANNA","units":98,"revenue":1751.25,"cost":980.0,"profit":771.25,"transactions":86,"margin":44.0}],"Elevation Midtown":[{"product":"PURPLE UNICORN INFUSED PRE ROLL - PANNA","units":474,"revenue":10222.525024414062,"cost":4985.0,"profit":5237.5250244140625,"transactions":400,"margin":51.20000076293945},{"product":"SUPER LEMON HAZE INFUSED PRE ROLL - PANNA","units":392,"revenue":8790.175170898438,"cost":4100.0,"profit":4690.174865722656,"transactions":360,"margin":53.400001525878906},{"product":"APPLE PIE INFUSED PRE ROLL - PANNA","units":258,"revenue":5692.9998779296875,"cost":2580.0,"profit":3112.9998779296875,"transactions":212,"margin":54.70000076293945},{"product":"CHERRY TWIZZLERZ INFUSED PRE ROLL - PANNA","units":148,"revenue":3590.2499389648438,"cost":1850.0,"profit":1740.2499389648438,"transactions":122,"margin":48.5},{"product":"CHERRY LYMADE INFUSED PRE ROLL - PANNA","units":130,"revenue":3155.4251098632812,"cost":1462.5,"profit":1692.9249572753906,"transactions":112,"margin":53.70000076293945},{"product":"CHEM OG INFUSED PRE ROLL - PANNA","units":100,"revenue":2003.0000305175781,"cost":1000.0,"profit":1003.0000305175781,"transactions":70,"margin":50.099998474121094},{"product":"STRAWBERRY SHORTCAKE INFUSED PRE ROLL - PANNA","units":98,"revenue":1979.8249816894531,"cost":980.0,"profit":999.8249816894531,"transactions":90,"margin":50.5},{"product":"BLUEBERRY KUSH INFUSED PRE ROLL - PANNA","units":100,"revenue":1880.2499389648438,"cost":1000.0,"profit":880.2500152587891,"transactions":80,"margin":46.79999923706055}],"Elevation Boulevard":[{"product":"STRAWBERRY SHORTCAKE INFUSED PRE ROLL - PANNA","units":368,"revenue":7303.75,"cost":3865.0,"profit":3438.75,"transactions":328,"margin":47.099998474121094},{"product":"SUPER LEMON HAZE INFUSED PRE ROLL - PANNA","units":334,"revenue":6955.0,"cost":3525.0,"profit":3430.0,"transactions":286,"margin":49.29999923706055},{"product":"CHERRY LYMADE INFUSED PRE ROLL - PANNA","units":246,"revenue":5231.77490234375,"cost":2645.0,"profit":2586.77490234375,"transactions":204,"margin":49.400001525878906},{"product":"APPLE PIE INFUSED PRE ROLL - PANNA","units":200,"revenue":4062.5,"cost":2000.0,"profit":2062.5,"transactions":182,"margin":50.79999923706055},{"product":"PURPLE UNICORN INFUSED PRE ROLL - PANNA","units":190,"revenue":3846.875,"cost":2125.0,"profit":1721.875,"transactions":120,"margin":44.79999923706055},{"product":"CHEM OG INFUSED PRE ROLL - PANNA","units":196,"revenue":3835.0,"cost":1960.0,"profit":1875.0,"transactions":160,"margin":48.900001525878906},{"product":"STRAWBERRY MILK INFUSED PRE ROLL - PANNA","units":100,"revenue":2226.800079345703,"cost":1250.0,"profit":976.8000030517578,"transactions":84,"margin":43.900001525878906},{"product":"CHERRY TWIZZLERZ INFUSED PRE ROLL - PANNA","units":100,"revenue":2069.499969482422,"cost":1250.0,"profit":819.4999694824219,"transactions":84,"margin":39.599998474121094},{"product":"BLUEBERRY KUSH INFUSED PRE ROLL - PANNA","units":98,"revenue":1885.0,"cost":980.0,"profit":905.0,"transactions":92,"margin":48.0},{"product":"GMO INFUSED PRE ROLL - PANNA","units":66,"revenue":1537.2500610351562,"cost":825.0,"profit":712.2499847412109,"transactions":60,"margin":46.29999923706055},{"product":"LEMON COOKIES INFUSED PRE ROLL - PANNA","units":66,"revenue":1359.4999694824219,"cost":825.0,"profit":534.5000076293945,"transactions":50,"margin":39.29999923706055},{"product":"GARLIC COOKIES INFUSED PRE ROLL - PANNA","units":54,"revenue":1259.2500305175781,"cost":675.0,"profit":584.2499923706055,"transactions":44,"margin":46.400001525878906},{"product":"JEALOUS EX INFUSED PRE ROLL - PANNA","units":54,"revenue":1106.5750122070312,"cost":675.0,"profit":431.57501220703125,"transactions":50,"margin":39.0}],"Elevation Parkway":[{"product":"PURPLE UNICORN INFUSED PRE ROLL - PANNA","units":374,"revenue":8527.7001953125,"cost":4230.0,"profit":4297.699890136719,"transactions":344,"margin":50.400001525878906},{"product":"APPLE PIE INFUSED PRE ROLL - PANNA","units":310,"revenue":6640.0,"cost":3100.0,"profit":3540.0,"transactions":266,"margin":53.29999923706055},{"product":"STRAWBERRY SHORTCAKE INFUSED PRE ROLL - PANNA","units":268,"revenue":5550.1251220703125,"cost":2805.0,"profit":2745.1251220703125,"transactions":214,"margin":49.5},{"product":"CHERRY LYMADE INFUSED PRE ROLL - PANNA","units":246,"revenue":5458.6248779296875,"cost":2705.0,"profit":2753.6248779296875,"transactions":204,"margin":50.400001525878906},{"product":"SUPER LEMON HAZE INFUSED PRE ROLL - PANNA","units":254,"revenue":5203.75,"cost":2540.0,"profit":2663.75,"transactions":222,"margin":51.20000076293945},{"product":"JEALOUS EX INFUSED PRE ROLL - PANNA","units":190,"revenue":4310.0,"cost":2375.0,"profit":1935.0,"transactions":166,"margin":44.900001525878906},{"product":"STRAWBERRY MILK INFUSED PRE ROLL - PANNA","units":172,"revenue":4140.1251220703125,"cost":2150.0,"profit":1990.1249694824219,"transactions":160,"margin":48.099998474121094},{"product":"CHEM OG INFUSED PRE ROLL - PANNA","units":200,"revenue":3710.0,"cost":2000.0,"profit":1710.0,"transactions":188,"margin":46.099998474121094},{"product":"BLUEBERRY KUSH INFUSED PRE ROLL - PANNA","units":178,"revenue":3320.0,"cost":1780.0,"profit":1540.0,"transactions":154,"margin":46.400001525878906},{"product":"ZKITTLEZ INFUSED PRE ROLL - PANNA","units":94,"revenue":2164.875030517578,"cost":1175.0,"profit":989.8750305175781,"transactions":90,"margin":45.70000076293945},{"product":"GMO INFUSED PRE ROLL - PANNA","units":50,"revenue":1055.0,"cost":500.0,"profit":555.0,"transactions":38,"margin":52.599998474121094},{"product":"LEMON DIESEL INFUSED PRE ROLL - PANNA","units":46,"revenue":1052.5,"cost":460.0,"profit":592.5,"transactions":44,"margin":56.29999923706055},{"product":"CHERRY TWIZZLERZ INFUSED PRE ROLL - PANNA","units":10,"revenue":233.75,"cost":125.0,"profit":108.75,"transactions":10,"margin":46.5}]},"store_summary":[{"store_clean":"Elevation Springs","units":5044,"revenue":107114.19921875,"cost":55335.0,"profit":51779.19921875,"discounts":28650.80078125,"margin":48.29999923706055,"discount_rate":21.100000381469727},{"store_clean":"Elevation Mesa","units":3704,"revenue":75693.5498046875,"cost":40115.0,"profit":35578.5498046875,"discounts":22178.9501953125,"margin":47.0,"discount_rate":22.700000762939453},{"store_clean":"Elevation Parkway","units":2392,"revenue":51366.4501953125,"cost":25945.0,"profit":25421.4501953125,"discounts":12416.0498046875,"margin":49.5,"discount_rate":19.5},{"store_clean":"Elevation Boulevard","units":2072,"revenue":42678.7744140625,"cost":22600.0,"profit":20078.7744140625,"discounts":12571.2255859375,"margin":47.0,"discount_rate":22.799999237060547},{"store_clean":"Elevation Midtown","units":1700,"revenue":37314.45068359375,"cost":17957.5,"profit":19356.949462890625,"discounts":6245.5499267578125,"margin":51.900001525878906,"discount_rate":14.300000190734863}],"recommendations":[{"severity":"info","title":"VOLUME LEVERAGE","detail":"$125,667 revenue provides negotiating leverage.","action":"Use volume as leverage in next vendor meeting."}],"comparison":null}