{"brand":"COOKIES","date_range":"2024-01-01 00:00:00 to 2026-01-31 00:00:00","period_label":"All Time","summary":{"total_units":11798,"total_revenue":372848.28125,"total_cost":185567.3046875,"total_discounts":121059.21875,"total_profit":187280.9765625,"overall_margin":50.20000076293945,"fp_margin":64.0999984741211,"disc_margin":47.20000076293945,"pct_full_price":17.799999237060547,"avg_discount_rate":24.5,"fp_revenue":66255.0,"disc_revenue":306593.28125,"brand":"COOKIES","date_range":"2024-01-01 00:00:00 to 2026-01-31 00:00:00","primary_category":"FLOWER","store_coverage":"7/7","stores_present":["Elevation Springs","Elevation Mesa","Elevation Oasis","Elevation Downtown","Elevation Midtown","Elevation Boulevard","Elevation Parkway"],"stores_missing":[],"velocity_rank":38,"velocity_total":64},"distribution":[{"store":"Elevation Springs","carries_brand":true,"sku_count":40,"revenue":81759.43359375,"units":2718,"store_total_revenue":51138750.0,"brand_share_pct":0.20000000298023224},{"store":"Elevation Mesa","carries_brand":true,"sku_count":50,"revenue":91430.60546875,"units":2996,"store_total_revenue":47532240.0,"brand_share_pct":0.20000000298023224},{"store":"Elevation Oasis","carries_brand":true,"sku_count":52,"revenue":79676.9775390625,"units":2160,"store_total_revenue":56050145.0,"brand_share_pct":0.10000000149011612},{"store":"Elevation Downtown","carries_brand":true,"sku_count":22,"revenue":11811.25,"units":462,"store_total_revenue":1945237.1875,"brand_share_pct":0.6000000238418579},{"store":"Elevation Midtown","carries_brand":true,"sku_count":30,"revenue":40737.67578125,"units":1100,"store_total_revenue":30850185.0,"brand_share_pct":0.10000000149011612},{"store":"Elevation Boulevard","carries_brand":true,"sku_count":24,"revenue":27920.09765625,"units":888,"store_total_revenue":28757865.0,"brand_share_pct":0.10000000149011612},{"store":"Elevation Parkway","carries_brand":true,"sku_count":28,"revenue":39512.2509765625,"units":1474,"store_total_revenue":21987007.5,"brand_share_pct":0.20000000298023224}],"share_of_category":[{"category":"FLOWER","brand_revenue":304400.7421875,"category_revenue":77755450.0,"revenue_share_pct":0.4000000059604645,"brand_units":6940,"category_units":2708446,"units_share_pct":0.3},{"category":"PRE ROLL","brand_revenue":63849.27734375,"category_revenue":14009791.25,"revenue_share_pct":0.5,"brand_units":4676,"category_units":1485736,"units_share_pct":0.3},{"category":"ACCESSORY","brand_revenue":4568.2501220703125,"category_revenue":4128754.0625,"revenue_share_pct":0.10000000149011612,"brand_units":180,"category_units":2130096,"units_share_pct":0.0},{"category":0.0,"brand_revenue":0.0,"category_revenue":0.0,"revenue_share_pct":0.0,"brand_units":0,"category_units":0,"units_share_pct":0.0}],"share_of_category_trend":{"FLOWER":[{"period":"2024-01","brand_revenue":0.0,"category_revenue":3552357.8125,"share_pct":0.0},{"period":"2024-02","brand_revenue":0.0,"category_revenue":3535245.625,"share_pct":0.0},{"period":"2024-03","brand_revenue":0.0,"category_revenue":3693805.625,"share_pct":0.0},{"period":"2024-04","brand_revenue":0.0,"category_revenue":3541899.6875,"share_pct":0.0},{"period":"2024-05","brand_revenue":0.0,"category_revenue":3537479.375,"share_pct":0.0},{"period":"2024-06","brand_revenue":0.0,"category_revenue":3403269.6875,"share_pct":0.0},{"period":"2024-07","brand_revenue":0.0,"category_revenue":3457705.9375,"share_pct":0.0},{"period":"2024-08","brand_revenue":0.0,"category_revenue":3453819.375,"share_pct":0.0},{"period":"2024-09","brand_revenue":0.0,"category_revenue":3316441.5625,"share_pct":0.0},{"period":"2024-10","brand_revenue":0.0,"category_revenue":3585775.0,"share_pct":0.0},{"period":"2024-11","brand_revenue":0.0,"category_revenue":3454855.3125,"share_pct":0.0},{"period":"2024-12","brand_revenue":0.0,"category_revenue":3226567.8125,"share_pct":0.0},{"period":"2025-01","brand_revenue":0.0,"category_revenue":2984938.125,"share_pct":0.0},{"period":"2025-02","brand_revenue":0.0,"category_revenue":2816220.0,"share_pct":0.0},{"period":"2025-03","brand_revenue":0.0,"category_revenue":2911379.6875,"share_pct":0.0},{"period":"2025-04","brand_revenue":0.0,"category_revenue":3118895.3125,"share_pct":0.0},{"period":"2025-05","brand_revenue":0.0,"category_revenue":2887345.0,"share_pct":0.0},{"period":"2025-06","brand_revenue":0.0,"category_revenue":2773698.125,"share_pct":0.0},{"period":"2025-07","brand_revenue":24527.5,"category_revenue":2782763.125,"share_pct":0.8999999761581421},{"period":"2025-08","brand_revenue":2307.624969482422,"category_revenue":2733122.8125,"share_pct":0.10000000149011612},{"period":"2025-09","brand_revenue":41540.9521484375,"category_revenue":2603501.5625,"share_pct":1.600000023841858},{"period":"2025-10","brand_revenue":63655.80078125,"category_revenue":2663705.0,"share_pct":2.4000000953674316},{"period":"2025-11","brand_revenue":70394.1015625,"category_revenue":2700189.0625,"share_pct":2.5999999046325684},{"period":"2025-12","brand_revenue":38734.1748046875,"category_revenue":2515209.53125,"share_pct":1.5},{"period":"2026-01","brand_revenue":63240.6005859375,"category_revenue":2505261.875,"share_pct":2.5}],"PRE ROLL":[{"period":"2024-01","brand_revenue":0.0,"category_revenue":508338.515625,"share_pct":0.0},{"period":"2024-02","brand_revenue":0.0,"category_revenue":489393.671875,"share_pct":0.0},{"period":"2024-03","brand_revenue":0.0,"category_revenue":520052.3828125,"share_pct":0.0},{"period":"2024-04","brand_revenue":0.0,"category_revenue":491300.6640625,"share_pct":0.0},{"period":"2024-05","brand_revenue":0.0,"category_revenue":542202.890625,"share_pct":0.0},{"period":"2024-06","brand_revenue":0.0,"category_revenue":507288.8671875,"share_pct":0.0},{"period":"2024-07","brand_revenue":0.0,"category_revenue":524250.9765625,"share_pct":0.0},{"period":"2024-08","brand_revenue":0.0,"category_revenue":612518.7109375,"share_pct":0.0},{"period":"2024-09","brand_revenue":0.0,"category_revenue":586543.0078125,"share_pct":0.0},{"period":"2024-10","brand_revenue":0.0,"category_revenue":641449.1796875,"share_pct":0.0},{"period":"2024-11","brand_revenue":0.0,"category_revenue":579866.71875,"share_pct":0.0},{"period":"2024-12","brand_revenue":0.0,"category_revenue":582999.5703125,"share_pct":0.0},{"period":"2025-01","brand_revenue":0.0,"category_revenue":544095.3125,"share_pct":0.0},{"period":"2025-02","brand_revenue":0.0,"category_revenue":500875.5859375,"share_pct":0.0},{"period":"2025-03","brand_revenue":0.0,"category_revenue":551422.0703125,"share_pct":0.0},{"period":"2025-04","brand_revenue":0.0,"category_revenue":568189.375,"share_pct":0.0},{"period":"2025-05","brand_revenue":0.0,"category_revenue":565516.875,"share_pct":0.0},{"period":"2025-06","brand_revenue":0.0,"category_revenue":560506.71875,"share_pct":0.0},{"period":"2025-07","brand_revenue":0.0,"category_revenue":600916.09375,"share_pct":0.0},{"period":"2025-08","brand_revenue":3691.0501098632812,"category_revenue":620247.5,"share_pct":0.6000000238418579},{"period":"2025-09","brand_revenue":12256.25,"category_revenue":608971.09375,"share_pct":2.0},{"period":"2025-10","brand_revenue":16739.25048828125,"category_revenue":645293.1640625,"share_pct":2.5999999046325684},{"period":"2025-11","brand_revenue":10336.14990234375,"category_revenue":581113.4765625,"share_pct":1.7999999523162842},{"period":"2025-12","brand_revenue":11575.374755859375,"category_revenue":553088.5546875,"share_pct":2.0999999046325684},{"period":"2026-01","brand_revenue":9251.199951171875,"category_revenue":523350.9375,"share_pct":1.7999999523162842}],"ACCESSORY":[{"period":"2024-01","brand_revenue":0.0,"category_revenue":153543.9453125,"share_pct":0.0},{"period":"2024-02","brand_revenue":0.0,"category_revenue":152399.47265625,"share_pct":0.0},{"period":"2024-03","brand_revenue":0.0,"category_revenue":154678.876953125,"share_pct":0.0},{"period":"2024-04","brand_revenue":0.0,"category_revenue":163353.65234375,"share_pct":0.0},{"period":"2024-05","brand_revenue":0.0,"category_revenue":179676.4453125,"share_pct":0.0},{"period":"2024-06","brand_revenue":0.0,"category_revenue":185008.828125,"share_pct":0.0},{"period":"2024-07","brand_revenue":0.0,"category_revenue":186675.46875,"share_pct":0.0},{"period":"2024-08","brand_revenue":0.0,"category_revenue":180226.328125,"share_pct":0.0},{"period":"2024-09","brand_revenue":0.0,"category_revenue":162386.298828125,"share_pct":0.0},{"period":"2024-10","brand_revenue":0.0,"category_revenue":166088.73046875,"share_pct":0.0},{"period":"2024-11","brand_revenue":0.0,"category_revenue":171706.09375,"share_pct":0.0},{"period":"2024-12","brand_revenue":0.0,"category_revenue":176502.03125,"share_pct":0.0},{"period":"2025-01","brand_revenue":496.50001525878906,"category_revenue":167261.34765625,"share_pct":0.30000001192092896},{"period":"2025-02","brand_revenue":726.25,"category_revenue":155260.927734375,"share_pct":0.5},{"period":"2025-03","brand_revenue":1340.7499694824219,"category_revenue":176420.390625,"share_pct":0.800000011920929},{"period":"2025-04","brand_revenue":320.99998474121094,"category_revenue":182694.82421875,"share_pct":0.20000000298023224},{"period":"2025-05","brand_revenue":224.50000762939453,"category_revenue":179904.4921875,"share_pct":0.10000000149011612},{"period":"2025-06","brand_revenue":83.99999618530273,"category_revenue":161148.75,"share_pct":0.10000000149011612},{"period":"2025-07","brand_revenue":271.49999618530273,"category_revenue":165549.8046875,"share_pct":0.20000000298023224},{"period":"2025-08","brand_revenue":214.50000762939453,"category_revenue":171752.05078125,"share_pct":0.10000000149011612},{"period":"2025-09","brand_revenue":70.50000190734863,"category_revenue":168198.9453125,"share_pct":0.0},{"period":"2025-10","brand_revenue":451.25,"category_revenue":171844.55078125,"share_pct":0.30000001192092896},{"period":"2025-11","brand_revenue":0.0,"category_revenue":172839.74609375,"share_pct":0.0},{"period":"2025-12","brand_revenue":0.0,"category_revenue":141954.873046875,"share_pct":0.0},{"period":"2026-01","brand_revenue":367.5,"category_revenue":81677.1484375,"share_pct":0.4000000059604645}]},"velocity_by_category":[{"category":"FLOWER","brand_units_per_day":9.1,"category_avg_units_per_day":55.54,"velocity_index":16.4,"brand_rev_per_unit":35.09,"category_rev_per_unit":22.97,"brands_in_category":64},{"category":"PRE ROLL","brand_units_per_day":6.14,"category_avg_units_per_day":42.38,"velocity_index":14.5,"brand_rev_per_unit":10.92,"category_rev_per_unit":7.54,"brands_in_category":46},{"category":"ACCESSORY","brand_units_per_day":0.24,"category_avg_units_per_day":20.56,"velocity_index":1.1,"brand_rev_per_unit":20.3,"category_rev_per_unit":1.55,"brands_in_category":136},{"category":0.0,"brand_units_per_day":0.0,"category_avg_units_per_day":0,"velocity_index":0,"brand_rev_per_unit":0.0,"category_rev_per_unit":0.0,"brands_in_category":0}],"store_gaps":[{"store":"Elevation Springs","category":"ACCESSORY","category_revenue_at_store":898382.421875,"opportunity":"Category not carried at this store"},{"store":"Elevation Midtown","category":"ACCESSORY","category_revenue_at_store":796566.25,"opportunity":"Category not carried at this store"},{"store":"Elevation Mesa","category":"ACCESSORY","category_revenue_at_store":552719.140625,"opportunity":"Category not carried at this store"},{"store":"Elevation Boulevard","category":"ACCESSORY","category_revenue_at_store":466482.890625,"opportunity":"Category not carried at this store"},{"store":"Elevation Parkway","category":"ACCESSORY","category_revenue_at_store":435759.453125,"opportunity":"Category not carried at this store"},{"store":"Elevation Downtown","category":"ACCESSORY","category_revenue_at_store":61539.7021484375,"opportunity":"Category not carried at this store"}],"product_mix":{"top":[{"product":"THAT BADU EIGHTH - COOKIES","units":1140,"revenue":51815.927734375,"cost":26216.07421875,"profit":25599.85107421875,"stores":6,"transactions":968,"margin":49.400001525878906},{"product":"BATSH!T EIGHTH - COOKIES","units":1014,"revenue":43731.1767578125,"cost":23317.275390625,"profit":20413.900146484375,"stores":6,"transactions":870,"margin":46.70000076293945},{"product":"BLACKBERRY CAVIAR EIGHTH - COOKIES","units":612,"revenue":27531.72607421875,"cost":14074.149169921875,"profit":13457.57568359375,"stores":7,"transactions":514,"margin":48.900001525878906},{"product":"GARY PAYTON EIGHTH - COOKIES","units":678,"revenue":27122.900390625,"cost":15481.35009765625,"profit":11641.55029296875,"stores":7,"transactions":572,"margin":42.900001525878906},{"product":"BIRTHDAY FACE EIGHTH - COOKIES","units":552,"revenue":25606.4501953125,"cost":12691.59912109375,"profit":12914.849853515625,"stores":7,"transactions":468,"margin":50.400001525878906},{"product":"PACMAN EIGHTH - COOKIES","units":452,"revenue":20647.7490234375,"cost":10393.275146484375,"profit":10254.47509765625,"stores":4,"transactions":376,"margin":49.70000076293945},{"product":"BERNIE HANA BUTTER EIGHTH - COOKIES","units":446,"revenue":20471.075439453125,"cost":10254.874267578125,"profit":10216.199951171875,"stores":4,"transactions":370,"margin":49.900001525878906},{"product":"MOON WALKERS EIGHTH - COOKIES","units":484,"revenue":20342.2998046875,"cost":11130.474853515625,"profit":9211.824951171875,"stores":5,"transactions":400,"margin":45.29999923706055},{"product":"BIRTHDAY FACE PRE ROLL - COOKIES","units":1194,"revenue":16615.92529296875,"cost":5970.0,"profit":10645.92529296875,"stores":7,"transactions":974,"margin":64.0999984741211},{"product":"HOMAGE PRE ROLL - COOKIES","units":996,"revenue":13620.374755859375,"cost":4980.0,"profit":8640.374755859375,"stores":7,"transactions":848,"margin":63.400001525878906},{"product":"LONDON POUND CAKE 75 PRE ROLL - COOKIES","units":980,"revenue":13348.00048828125,"cost":4900.0,"profit":8447.999877929688,"stores":7,"transactions":722,"margin":63.29999923706055},{"product":"LONDON POUND CAKE EIGHTH - COOKIES","units":254,"revenue":11739.000244140625,"cost":5839.9249267578125,"profit":5899.0753173828125,"stores":2,"transactions":178,"margin":50.29999923706055},{"product":"HOLLYWOOD EIGHTH - COOKIES","units":234,"revenue":10232.0751953125,"cost":5380.224609375,"profit":4851.8499755859375,"stores":5,"transactions":204,"margin":47.400001525878906},{"product":"FROZEN GRAPES EIGHTH - COOKIES","units":224,"revenue":9796.14990234375,"cost":5151.0247802734375,"profit":4645.1251220703125,"stores":5,"transactions":204,"margin":47.400001525878906},{"product":"VIENNA EIGHTH - COOKIES","units":214,"revenue":9514.224853515625,"cost":4921.5997314453125,"profit":4592.6251220703125,"stores":4,"transactions":192,"margin":48.29999923706055},{"product":"ADIOS MOTHER F**KER EIGHTH - COOKIES","units":200,"revenue":7329.4500732421875,"cost":4599.7747802734375,"profit":2729.6749877929688,"stores":3,"transactions":172,"margin":37.20000076293945},{"product":"GARY PAYTON PRE ROLL - COOKIES","units":520,"revenue":7273.2501220703125,"cost":2600.0,"profit":4673.2501220703125,"stores":4,"transactions":396,"margin":64.30000305175781},{"product":"BLUE RAZ EIGHTH - COOKIES","units":150,"revenue":6993.75,"cost":3448.9999389648438,"profit":3544.7500610351562,"stores":2,"transactions":142,"margin":50.70000076293945},{"product":"BLUE RAZ PRE ROLL - COOKIES","units":440,"revenue":5767.9998779296875,"cost":2200.0,"profit":3567.9998779296875,"stores":3,"transactions":364,"margin":61.900001525878906},{"product":"FRIED BANANAS EIGHTH - COOKIES","units":144,"revenue":5295.7501220703125,"cost":3311.9000244140625,"profit":1983.8499450683594,"stores":2,"transactions":130,"margin":37.5}],"bottom":[{"product":"FLOWCYCLER BONG - COOKIES","units":2,"revenue":367.5,"cost":250.0,"profit":117.5,"stores":1,"transactions":2,"margin":32.0},{"product":"COOKIES 408 BAYSIDE SERIES - COOKIES","units":4,"revenue":361.25,"cost":200.0,"profit":161.25,"stores":1,"transactions":4,"margin":44.599998474121094},{"product":"916 BAYSIDE SERIES - COOKIES","units":4,"revenue":315.0,"cost":225.0,"profit":90.0,"stores":1,"transactions":4,"margin":28.600000381469727},{"product":"COOKIES POCKET HITTER - COOKIES","units":8,"revenue":253.75,"cost":160.0,"profit":93.75,"stores":1,"transactions":8,"margin":36.900001525878906},{"product":"FROZEN GRAPES PRE ROLL - COOKIES","units":16,"revenue":227.99999237060547,"cost":80.0,"profit":148.00000190734863,"stores":1,"transactions":12,"margin":64.9000015258789},{"product":"BERNIE HANA BUTTER PRE ROLL - COOKIES","units":12,"revenue":154.50000762939453,"cost":60.0,"profit":94.50000762939453,"stores":2,"transactions":12,"margin":61.20000076293945},{"product":"650 BAYSIDE SERIES","units":2,"revenue":148.75,"cost":100.0,"profit":48.75,"stores":1,"transactions":2,"margin":32.79999923706055},{"product":"COOKIES SMOKE KIT","units":2,"revenue":131.25,"cost":100.0,"profit":31.25,"stores":1,"transactions":2,"margin":23.799999237060547},{"product":"COOKIES CLOUD ROLLER","units":2,"revenue":30.0,"cost":0.024999999441206455,"profit":29.97499942779541,"stores":1,"transactions":2,"margin":99.9000015258789},{"product":"ADIOS MOTHER F**KER PRE ROLL - COOKIES","units":2,"revenue":24.500000476837158,"cost":10.0,"profit":14.500000476837158,"stores":1,"transactions":2,"margin":59.20000076293945}],"expansion":[{"product":"THAT BADU EIGHTH - COOKIES","current_stores":6,"total_stores":7,"missing_stores":["Elevation Oasis"],"revenue":51815.927734375},{"product":"BATSH!T EIGHTH - COOKIES","current_stores":6,"total_stores":7,"missing_stores":["Elevation Downtown"],"revenue":43731.1767578125},{"product":"PACMAN EIGHTH - COOKIES","current_stores":4,"total_stores":7,"missing_stores":["Elevation Midtown","Elevation Boulevard","Elevation Parkway"],"revenue":20647.7490234375},{"product":"BERNIE HANA BUTTER EIGHTH - COOKIES","current_stores":4,"total_stores":7,"missing_stores":["Elevation Springs","Elevation Downtown","Elevation Parkway"],"revenue":20471.075439453125},{"product":"MOON WALKERS EIGHTH - COOKIES","current_stores":5,"total_stores":7,"missing_stores":["Elevation Midtown","Elevation Boulevard"],"revenue":20342.2998046875},{"product":"LONDON POUND CAKE EIGHTH - COOKIES","current_stores":2,"total_stores":7,"missing_stores":["Elevation Mesa","Elevation Downtown","Elevation Midtown","Elevation Boulevard","Elevation Parkway"],"revenue":11739.000244140625},{"product":"HOLLYWOOD EIGHTH - COOKIES","current_stores":5,"total_stores":7,"missing_stores":["Elevation Oasis","Elevation Downtown"],"revenue":10232.0751953125},{"product":"FROZEN GRAPES EIGHTH - COOKIES","current_stores":5,"total_stores":7,"missing_stores":["Elevation Oasis","Elevation Downtown"],"revenue":9796.14990234375},{"product":"VIENNA EIGHTH - COOKIES","current_stores":4,"total_stores":7,"missing_stores":["Elevation Downtown","Elevation Boulevard","Elevation Parkway"],"revenue":9514.224853515625},{"product":"ADIOS MOTHER F**KER EIGHTH - COOKIES","current_stores":3,"total_stores":7,"missing_stores":["Elevation Downtown","Elevation Midtown","Elevation Boulevard","Elevation Parkway"],"revenue":7329.4500732421875}]},"pricing_consistency":[{"product":"LONDON POUND CAKE 75 PRE ROLL - COOKIES","min_price":20.280000305175783,"max_price":31.39430844686865,"avg_price":27.017003162736334,"std_dev":1.5271584043657422,"store_count":14,"price_range":11.114308141692867,"range_pct":41.1},{"product":"GARY PAYTON EIGHTH - COOKIES","min_price":65.43800048828125,"max_price":90.9124984741211,"avg_price":82.2532178961215,"std_dev":3.6039196448073607,"store_count":14,"price_range":25.47449798583985,"range_pct":31.0},{"product":"BATSH!T EIGHTH - COOKIES","min_price":72.35401294849537,"max_price":94.1298685445414,"avg_price":86.98450678732071,"std_dev":3.1979770283262634,"store_count":12,"price_range":21.77585559604602,"range_pct":25.0},{"product":"HOLLYWOOD EIGHTH - COOKIES","min_price":79.52000122070314,"max_price":98.55000305175781,"avg_price":89.13299872950503,"std_dev":2.761370324429869,"store_count":10,"price_range":19.03000183105469,"range_pct":21.4},{"product":"HOMAGE PRE ROLL - COOKIES","min_price":25.35,"max_price":31.04000244140625,"avg_price":27.001366556244385,"std_dev":0.7440489827941172,"store_count":14,"price_range":5.69000244140625,"range_pct":21.1},{"product":"VIENNA EIGHTH - COOKIES","min_price":79.21375274658203,"max_price":97.40475609188988,"avg_price":89.03891208739508,"std_dev":3.0145626280616384,"store_count":8,"price_range":18.19100334530784,"range_pct":20.4},{"product":"BIRTHDAY FACE PRE ROLL - COOKIES","min_price":26.347548540900732,"max_price":31.960631843626967,"avg_price":27.61392467611065,"std_dev":0.7961393481310166,"store_count":14,"price_range":5.613083302726234,"range_pct":20.3},{"product":"BLACKBERRY CAVIAR EIGHTH - COOKIES","min_price":84.0625,"max_price":100.94999694824219,"avg_price":90.2110461723623,"std_dev":2.367421064066731,"store_count":14,"price_range":16.88749694824219,"range_pct":18.7},{"product":"MOON WALKERS EIGHTH - COOKIES","min_price":78.32849731445313,"max_price":93.93000488281251,"avg_price":85.23823083802364,"std_dev":2.295744661345768,"store_count":10,"price_range":15.60150756835938,"range_pct":18.3},{"product":"ADIOS MOTHER F**KER EIGHTH - COOKIES","min_price":67.32000122070312,"max_price":80.75,"avg_price":75.28600260416667,"std_dev":2.82237445477575,"store_count":6,"price_range":13.42999877929687,"range_pct":17.8},{"product":"FROZEN GRAPES EIGHTH - COOKIES","min_price":79.61110998083045,"max_price":93.89583587646484,"avg_price":88.0553905253298,"std_dev":2.2464078846516267,"store_count":10,"price_range":14.2847258956344,"range_pct":16.2},{"product":"PACMAN PRE ROLL - COOKIES","min_price":25.08999938964844,"max_price":28.900001525878906,"avg_price":27.09862575299812,"std_dev":0.6063116112744256,"store_count":10,"price_range":3.810002136230466,"range_pct":14.1},{"product":"BERNIE HANA BUTTER EIGHTH - COOKIES","min_price":82.53703929759838,"max_price":94.4781040160124,"avg_price":89.90116131668394,"std_dev":2.1077433978446143,"store_count":8,"price_range":11.941064718414012,"range_pct":13.3},{"product":"BIRTHDAY FACE EIGHTH - COOKIES","min_price":88.52499999999999,"max_price":99.74500732421875,"avg_price":92.80778294613485,"std_dev":1.5259231921713137,"store_count":14,"price_range":11.22000732421876,"range_pct":12.1},{"product":"PACMAN EIGHTH - COOKIES","min_price":82.25000381469727,"max_price":92.737392578125,"avg_price":88.65277990925068,"std_dev":1.796963055237284,"store_count":8,"price_range":10.487388763427727,"range_pct":11.8},{"product":"BLUE RAZ PRE ROLL - COOKIES","min_price":25.513638583096593,"max_price":28.579998779296876,"avg_price":26.84297704033673,"std_dev":0.6293228687223574,"store_count":6,"price_range":3.066360196200284,"range_pct":11.4},{"product":"GARY PAYTON PRE ROLL - COOKIES","min_price":26.91400146484375,"max_price":29.876470229204962,"avg_price":27.89261838127585,"std_dev":0.5563502547056651,"store_count":8,"price_range":2.96246876436121,"range_pct":10.6},{"product":"BERNIE HANA BUTTER PRE ROLL - COOKIES","min_price":24.666666984558105,"max_price":26.83333396911621,"avg_price":25.750000476837158,"std_dev":0.6128259669416181,"store_count":4,"price_range":2.1666669845581055,"range_pct":8.4},{"product":"THAT BADU EIGHTH - COOKIES","min_price":87.50506426836994,"max_price":94.62670731217895,"avg_price":91.74065155558816,"std_dev":1.2358898445953739,"store_count":12,"price_range":7.121643043809005,"range_pct":7.8},{"product":"FRIED BANANAS EIGHTH - COOKIES","min_price":72.09500122070312,"max_price":76.86363913796166,"avg_price":74.47932017933239,"std_dev":1.3487744833267197,"store_count":4,"price_range":4.768637917258527,"range_pct":6.4},{"product":"LONDON POUND CAKE EIGHTH - COOKIES","min_price":89.78365384615385,"max_price":94.26999511718749,"avg_price":92.02682448167067,"std_dev":1.268928934185986,"store_count":4,"price_range":4.486341271033645,"range_pct":4.9},{"product":"MOON WALKERS PRE ROLL - COOKIES","min_price":26.212499618530273,"max_price":26.939999389648438,"avg_price":26.576249504089358,"std_dev":0.20576800858772634,"store_count":4,"price_range":0.7274997711181674,"range_pct":2.7},{"product":"BLUE RAZ EIGHTH - COOKIES","min_price":91.99000854492186,"max_price":93.87999877929687,"avg_price":92.93500366210937,"std_dev":0.5345699644411656,"store_count":4,"price_range":1.8899902343749986,"range_pct":2.0}],"promotional_effectiveness":{"lift":{"fp_units_per_day":10.28,"disc_units_per_day":43.2,"lift_pct":319.9,"fp_avg_revenue_per_unit":63.775000000000006,"disc_avg_revenue_per_unit":63.075},"by_deal":[{"deal_name":"Lit4Less - 1/4 for $75","uses":874,"revenue":133766.6749572754,"discounts":34482.07500100136,"units":2865.0,"cost":65813.3983206749,"margin":50.8,"discount_depth":41.0},{"deal_name":"Industry 30% Off","uses":797,"revenue":71709.30292248726,"discounts":31025.700585842133,"units":2186.0,"cost":39434.93660211563,"margin":45.0,"discount_depth":60.4},{"deal_name":"Lit4Less - Premium PR - 5 for $50","uses":557,"revenue":26458.574995994568,"discounts":10693.925001621246,"units":2123.0,"cost":10615.0,"margin":59.9,"discount_depth":57.6},{"deal_name":"50% Off - G2B","uses":304,"revenue":22399.633334477745,"discounts":22659.533332188927,"units":899.6666666666666,"cost":17278.045489788055,"margin":22.9,"discount_depth":100.6},{"deal_name":"Employee 30% - NOT FRIDAYS","uses":77,"revenue":5160.1002150774,"discounts":2358.650040626526,"units":161.0,"cost":2863.349931240082,"margin":44.5,"discount_depth":62.8},{"deal_name":"Employee - 40% OFF","uses":61,"revenue":4638.162604868412,"discounts":3234.3373799324036,"units":152.0,"cost":3017.37492504064,"margin":34.9,"discount_depth":82.2},{"deal_name":"Jackpot - Locals 30% Off","uses":47,"revenue":4217.500162124634,"discounts":1807.500033378601,"units":112.0,"cost":2395.27494430542,"margin":43.2,"discount_depth":60.0},{"deal_name":"Senior - 10% Off","uses":40,"revenue":2492.9999792575836,"discounts":276.99999183416367,"units":96.0,"cost":1070.7249784469604,"margin":57.1,"discount_depth":20.0},{"deal_name":"Veterans - 10% Off","uses":39,"revenue":3001.9374692440033,"discounts":448.0624920129776,"units":84.0,"cost":1283.7624716758728,"margin":57.2,"discount_depth":26.0},{"deal_name":"Senior / Veterans - 20% Off","uses":33,"revenue":2625.9999012947083,"discounts":656.4999753236771,"units":72.0,"cost":1275.7499694824219,"margin":51.4,"discount_depth":40.0},{"deal_name":"30% Off Special","uses":21,"revenue":563.5000109672546,"discounts":241.49998903274536,"units":46.0,"cost":230.0,"margin":59.2,"discount_depth":60.0},{"deal_name":"Store Credit - $15","uses":20,"revenue":1228.2958300908406,"discounts":643.3708318074544,"units":34.666666666666664,"cost":725.2458167076111,"margin":41.0,"discount_depth":68.8},{"deal_name":"Store Credit - $25","uses":19,"revenue":1169.2375016212463,"discounts":797.0125019550323,"units":44.0,"cost":741.8499827384949,"margin":36.6,"discount_depth":81.0},{"deal_name":"Store Credit - $50","uses":10,"revenue":388.83749693632126,"discounts":368.66249680519104,"units":15.0,"cost":290.92499256134033,"margin":25.2,"discount_depth":97.4},{"deal_name":"40% Off Special","uses":8,"revenue":209.99999523162842,"discounts":139.9999964237213,"units":20.0,"cost":100.0,"margin":52.4,"discount_depth":80.0},{"deal_name":"Sammy Davis Early Bird - 15% Off","uses":7,"revenue":267.74999141693115,"discounts":47.24999785423279,"units":18.0,"cost":90.0,"margin":66.4,"discount_depth":30.0},{"deal_name":"LVAC - 25% Off","uses":7,"revenue":722.6249980926514,"discounts":334.87500190734863,"units":18.0,"cost":413.97499084472656,"margin":42.7,"discount_depth":63.4},{"deal_name":"Main St Happy Hour - 25% Off","uses":5,"revenue":369.375,"discounts":123.125,"units":14.0,"cost":166.99999809265137,"margin":54.8,"discount_depth":50.0},{"deal_name":"Store Credit - $75","uses":5,"revenue":228.2708319028219,"discounts":315.89582999547326,"units":10.666666666666666,"cost":209.27082777023315,"margin":8.3,"discount_depth":116.2},{"deal_name":"Medical - 10%","uses":3,"revenue":168.75,"discounts":18.749999403953552,"units":6.0,"cost":65.99999904632568,"margin":60.9,"discount_depth":20.0}]},"growth_opportunities":[{"type":"sku_expansion","title":"Add 'ADIOS MOTHER F**KER EIGHTH - COOKIES' to 4 more store(s)","detail":"Carried in 3 stores. Missing from: Elevation Downtown, Elevation Midtown, Elevation Boulevard, Elevation Parkway","priority":"medium"},{"type":"sku_expansion","title":"Add 'BATSH!T EIGHTH - COOKIES' to 1 more store(s)","detail":"Carried in 6 stores. Missing from: Elevation Downtown","priority":"medium"},{"type":"sku_expansion","title":"Add 'BERNIE HANA BUTTER EIGHTH - COOKIES' to 3 more store(s)","detail":"Carried in 4 stores. Missing from: Elevation Springs, Elevation Downtown, Elevation Parkway","priority":"medium"},{"type":"sku_expansion","title":"Add 'BERNIE HANA BUTTER PRE ROLL - COOKIES' to 5 more store(s)","detail":"Carried in 2 stores. Missing from: Elevation Oasis, Elevation Downtown, Elevation Midtown, Elevation Boulevard, Elevation Parkway","priority":"medium"},{"type":"sku_expansion","title":"Add 'BLUE RAZ EIGHTH - COOKIES' to 5 more store(s)","detail":"Carried in 2 stores. Missing from: Elevation Mesa, Elevation Oasis, Elevation Downtown, Elevation Midtown, Elevation Boulevard","priority":"medium"},{"type":"velocity","title":"Improve velocity in FLOWER","detail":"Velocity index 16 (below category average). 4.5 units/day vs 27.8 avg.","priority":"medium"},{"type":"velocity","title":"Improve velocity in PRE ROLL","detail":"Velocity index 14 (below category average). 3.1 units/day vs 21.2 avg.","priority":"medium"},{"type":"velocity","title":"Improve velocity in ACCESSORY","detail":"Velocity index 1 (below category average). 0.1 units/day vs 10.3 avg.","priority":"medium"},{"type":"velocity","title":"Improve velocity in nan","detail":"Velocity index 0 (below category average). 0.0 units/day vs 0.0 avg.","priority":"medium"}],"trend":[{"period":"2025-01","revenue":496.50001525878906,"cost":265.0,"margin":46.6,"units":6,"transactions":6,"profit":231.49999618530273,"revenue_change_pct":null,"units_change_pct":null,"margin_change_pts":null},{"period":"2025-02","revenue":726.25,"cost":540.0,"margin":25.6,"units":6,"transactions":6,"profit":186.25,"revenue_change_pct":46.3,"units_change_pct":0,"margin_change_pts":-21.0},{"period":"2025-03","revenue":1340.7499694824219,"cost":752.5,"margin":43.9,"units":20,"transactions":20,"profit":588.2500076293945,"revenue_change_pct":84.6,"units_change_pct":233.3,"margin_change_pts":18.2},{"period":"2025-04","revenue":350.99998474121094,"cost":172.52498626708984,"margin":50.8,"units":28,"transactions":24,"profit":178.4749984741211,"revenue_change_pct":-73.8,"units_change_pct":40.0,"margin_change_pts":7.0},{"period":"2025-05","revenue":224.50000762939453,"cost":195.0,"margin":13.1,"units":20,"transactions":14,"profit":29.50000286102295,"revenue_change_pct":-36.0,"units_change_pct":-28.6,"margin_change_pts":-37.7},{"period":"2025-06","revenue":83.99999618530273,"cost":30.0,"margin":64.3,"units":12,"transactions":12,"profit":54.000000953674316,"revenue_change_pct":-62.6,"units_change_pct":-40.0,"margin_change_pts":51.1},{"period":"2025-07","revenue":24799.00146484375,"cost":12558.275146484375,"margin":49.4,"units":580,"transactions":492,"profit":12240.72509765625,"revenue_change_pct":29422.6,"units_change_pct":4733.3,"margin_change_pts":-14.9},{"period":"2025-08","revenue":6213.175048828125,"cost":2514.7250366210938,"margin":59.5,"units":338,"transactions":272,"profit":3698.4500122070312,"revenue_change_pct":-74.9,"units_change_pct":-41.7,"margin_change_pts":10.2},{"period":"2025-09","revenue":53867.7001953125,"cost":25358.29833984375,"margin":52.9,"units":1802,"transactions":1318,"profit":28509.3994140625,"revenue_change_pct":767.0,"units_change_pct":433.1,"margin_change_pts":-6.6},{"period":"2025-10","revenue":80846.298828125,"cost":38080.6494140625,"margin":52.9,"units":2584,"transactions":1724,"profit":42765.6494140625,"revenue_change_pct":50.1,"units_change_pct":43.4,"margin_change_pts":-0.0},{"period":"2025-11","revenue":80730.2490234375,"cost":45248.3251953125,"margin":44.0,"units":2636,"transactions":1828,"profit":35481.92626953125,"revenue_change_pct":-0.1,"units_change_pct":2.0,"margin_change_pts":-8.9},{"period":"2025-12","revenue":50309.55078125,"cost":24043.24951171875,"margin":52.2,"units":1706,"transactions":1184,"profit":26266.30126953125,"revenue_change_pct":-37.7,"units_change_pct":-35.3,"margin_change_pts":8.3},{"period":"2026-01","revenue":72859.3017578125,"cost":35808.75,"margin":50.9,"units":2060,"transactions":1412,"profit":37050.54931640625,"revenue_change_pct":44.8,"units_change_pct":20.8,"margin_change_pts":-1.4}]}