{"brand":"COOKIES","date_range":"2024-01-01 00:00:00 to 2026-01-31 00:00:00","period_label":"All Time","summary":{"total_units":11798,"total_revenue":372848.28125,"total_cost":185567.3046875,"total_discounts":121059.21875,"total_profit":187280.9765625,"overall_margin":50.20000076293945,"fp_margin":64.0999984741211,"disc_margin":47.20000076293945,"pct_full_price":17.799999237060547,"avg_discount_rate":24.5,"fp_revenue":66255.0,"disc_revenue":306593.28125,"unique_customers":5922,"brand":"COOKIES","date_range":"2024-01-01 00:00:00 to 2026-01-31 00:00:00","months_count":26,"avg_monthly_cost":14274.400000000001,"cost_per_unit":31.45,"primary_category":"FLOWER","primary_cat_margin":54.099998474121094,"category_rank":37,"category_total":64,"margin_vs_category":-3.9000000953674316,"velocity_rank":38},"category_breakdown":[{"category_clean":"FLOWER","units":6940,"revenue":304400.76171875,"cost":159477.275390625,"profit":144923.4765625,"discounts":101714.248046875,"margin":47.599998474121094,"category_avg_margin":54.099998474121094,"vs_category":-6.5,"rank":37.0,"total_brands":64.0},{"category_clean":"PRE ROLL","units":4676,"revenue":63849.27734375,"cost":23380.0,"profit":40469.27490234375,"discounts":17980.72509765625,"margin":63.400001525878906,"category_avg_margin":48.29999923706055,"vs_category":15.1,"rank":25.0,"total_brands":46.0},{"category_clean":"ACCESSORY","units":180,"revenue":4568.2501220703125,"cost":2710.0,"profit":1858.2499694824219,"discounts":1344.2500305175781,"margin":40.70000076293945,"category_avg_margin":61.099998474121094,"vs_category":-20.4,"rank":22.0,"total_brands":136.0}],"trend":[{"period":"2025-01","revenue":496.50001525878906,"cost":265.0,"margin":46.6,"units":6,"transactions":6,"profit":231.49999618530273,"revenue_change_pct":null,"units_change_pct":null,"margin_change_pts":null},{"period":"2025-02","revenue":726.25,"cost":540.0,"margin":25.6,"units":6,"transactions":6,"profit":186.25,"revenue_change_pct":46.3,"units_change_pct":0,"margin_change_pts":-21.0},{"period":"2025-03","revenue":1340.7499694824219,"cost":752.5,"margin":43.9,"units":20,"transactions":20,"profit":588.2500076293945,"revenue_change_pct":84.6,"units_change_pct":233.3,"margin_change_pts":18.2},{"period":"2025-04","revenue":350.99998474121094,"cost":172.52498626708984,"margin":50.8,"units":28,"transactions":24,"profit":178.4749984741211,"revenue_change_pct":-73.8,"units_change_pct":40.0,"margin_change_pts":7.0},{"period":"2025-05","revenue":224.50000762939453,"cost":195.0,"margin":13.1,"units":20,"transactions":14,"profit":29.50000286102295,"revenue_change_pct":-36.0,"units_change_pct":-28.6,"margin_change_pts":-37.7},{"period":"2025-06","revenue":83.99999618530273,"cost":30.0,"margin":64.3,"units":12,"transactions":12,"profit":54.000000953674316,"revenue_change_pct":-62.6,"units_change_pct":-40.0,"margin_change_pts":51.1},{"period":"2025-07","revenue":24799.00146484375,"cost":12558.275146484375,"margin":49.4,"units":580,"transactions":492,"profit":12240.72509765625,"revenue_change_pct":29422.6,"units_change_pct":4733.3,"margin_change_pts":-14.9},{"period":"2025-08","revenue":6213.175048828125,"cost":2514.7250366210938,"margin":59.5,"units":338,"transactions":272,"profit":3698.4500122070312,"revenue_change_pct":-74.9,"units_change_pct":-41.7,"margin_change_pts":10.2},{"period":"2025-09","revenue":53867.7001953125,"cost":25358.29833984375,"margin":52.9,"units":1802,"transactions":1318,"profit":28509.3994140625,"revenue_change_pct":767.0,"units_change_pct":433.1,"margin_change_pts":-6.6},{"period":"2025-10","revenue":80846.298828125,"cost":38080.6494140625,"margin":52.9,"units":2584,"transactions":1724,"profit":42765.6494140625,"revenue_change_pct":50.1,"units_change_pct":43.4,"margin_change_pts":-0.0},{"period":"2025-11","revenue":80730.2490234375,"cost":45248.3251953125,"margin":44.0,"units":2636,"transactions":1828,"profit":35481.92626953125,"revenue_change_pct":-0.1,"units_change_pct":2.0,"margin_change_pts":-8.9},{"period":"2025-12","revenue":50309.55078125,"cost":24043.24951171875,"margin":52.2,"units":1706,"transactions":1184,"profit":26266.30126953125,"revenue_change_pct":-37.7,"units_change_pct":-35.3,"margin_change_pts":8.3},{"period":"2026-01","revenue":72859.3017578125,"cost":35808.75,"margin":50.9,"units":2060,"transactions":1412,"profit":37050.54931640625,"revenue_change_pct":44.8,"units_change_pct":20.8,"margin_change_pts":-1.4}],"share_of_category":[{"category":"FLOWER","brand_revenue":304400.7421875,"category_revenue":77755450.0,"revenue_share_pct":0.4000000059604645,"brand_units":6940,"category_units":2708446,"units_share_pct":0.3},{"category":"PRE ROLL","brand_revenue":63849.27734375,"category_revenue":14009791.25,"revenue_share_pct":0.5,"brand_units":4676,"category_units":1485736,"units_share_pct":0.3},{"category":"ACCESSORY","brand_revenue":4568.2501220703125,"category_revenue":4128754.0625,"revenue_share_pct":0.10000000149011612,"brand_units":180,"category_units":2130096,"units_share_pct":0.0},{"category":0.0,"brand_revenue":0.0,"category_revenue":0.0,"revenue_share_pct":0.0,"brand_units":0,"category_units":0,"units_share_pct":0.0}],"share_of_category_trend":{"FLOWER":[{"period":"2024-01","brand_revenue":0.0,"category_revenue":3552357.8125,"share_pct":0.0},{"period":"2024-02","brand_revenue":0.0,"category_revenue":3535245.625,"share_pct":0.0},{"period":"2024-03","brand_revenue":0.0,"category_revenue":3693805.625,"share_pct":0.0},{"period":"2024-04","brand_revenue":0.0,"category_revenue":3541899.6875,"share_pct":0.0},{"period":"2024-05","brand_revenue":0.0,"category_revenue":3537479.375,"share_pct":0.0},{"period":"2024-06","brand_revenue":0.0,"category_revenue":3403269.6875,"share_pct":0.0},{"period":"2024-07","brand_revenue":0.0,"category_revenue":3457705.9375,"share_pct":0.0},{"period":"2024-08","brand_revenue":0.0,"category_revenue":3453819.375,"share_pct":0.0},{"period":"2024-09","brand_revenue":0.0,"category_revenue":3316441.5625,"share_pct":0.0},{"period":"2024-10","brand_revenue":0.0,"category_revenue":3585775.0,"share_pct":0.0},{"period":"2024-11","brand_revenue":0.0,"category_revenue":3454855.3125,"share_pct":0.0},{"period":"2024-12","brand_revenue":0.0,"category_revenue":3226567.8125,"share_pct":0.0},{"period":"2025-01","brand_revenue":0.0,"category_revenue":2984938.125,"share_pct":0.0},{"period":"2025-02","brand_revenue":0.0,"category_revenue":2816220.0,"share_pct":0.0},{"period":"2025-03","brand_revenue":0.0,"category_revenue":2911379.6875,"share_pct":0.0},{"period":"2025-04","brand_revenue":0.0,"category_revenue":3118895.3125,"share_pct":0.0},{"period":"2025-05","brand_revenue":0.0,"category_revenue":2887345.0,"share_pct":0.0},{"period":"2025-06","brand_revenue":0.0,"category_revenue":2773698.125,"share_pct":0.0},{"period":"2025-07","brand_revenue":24527.5,"category_revenue":2782763.125,"share_pct":0.8999999761581421},{"period":"2025-08","brand_revenue":2307.624969482422,"category_revenue":2733122.8125,"share_pct":0.10000000149011612},{"period":"2025-09","brand_revenue":41540.9521484375,"category_revenue":2603501.5625,"share_pct":1.600000023841858},{"period":"2025-10","brand_revenue":63655.80078125,"category_revenue":2663705.0,"share_pct":2.4000000953674316},{"period":"2025-11","brand_revenue":70394.1015625,"category_revenue":2700189.0625,"share_pct":2.5999999046325684},{"period":"2025-12","brand_revenue":38734.1748046875,"category_revenue":2515209.53125,"share_pct":1.5},{"period":"2026-01","brand_revenue":63240.6005859375,"category_revenue":2505261.875,"share_pct":2.5}],"PRE ROLL":[{"period":"2024-01","brand_revenue":0.0,"category_revenue":508338.515625,"share_pct":0.0},{"period":"2024-02","brand_revenue":0.0,"category_revenue":489393.671875,"share_pct":0.0},{"period":"2024-03","brand_revenue":0.0,"category_revenue":520052.3828125,"share_pct":0.0},{"period":"2024-04","brand_revenue":0.0,"category_revenue":491300.6640625,"share_pct":0.0},{"period":"2024-05","brand_revenue":0.0,"category_revenue":542202.890625,"share_pct":0.0},{"period":"2024-06","brand_revenue":0.0,"category_revenue":507288.8671875,"share_pct":0.0},{"period":"2024-07","brand_revenue":0.0,"category_revenue":524250.9765625,"share_pct":0.0},{"period":"2024-08","brand_revenue":0.0,"category_revenue":612518.7109375,"share_pct":0.0},{"period":"2024-09","brand_revenue":0.0,"category_revenue":586543.0078125,"share_pct":0.0},{"period":"2024-10","brand_revenue":0.0,"category_revenue":641449.1796875,"share_pct":0.0},{"period":"2024-11","brand_revenue":0.0,"category_revenue":579866.71875,"share_pct":0.0},{"period":"2024-12","brand_revenue":0.0,"category_revenue":582999.5703125,"share_pct":0.0},{"period":"2025-01","brand_revenue":0.0,"category_revenue":544095.3125,"share_pct":0.0},{"period":"2025-02","brand_revenue":0.0,"category_revenue":500875.5859375,"share_pct":0.0},{"period":"2025-03","brand_revenue":0.0,"category_revenue":551422.0703125,"share_pct":0.0},{"period":"2025-04","brand_revenue":0.0,"category_revenue":568189.375,"share_pct":0.0},{"period":"2025-05","brand_revenue":0.0,"category_revenue":565516.875,"share_pct":0.0},{"period":"2025-06","brand_revenue":0.0,"category_revenue":560506.71875,"share_pct":0.0},{"period":"2025-07","brand_revenue":0.0,"category_revenue":600916.09375,"share_pct":0.0},{"period":"2025-08","brand_revenue":3691.0501098632812,"category_revenue":620247.5,"share_pct":0.6000000238418579},{"period":"2025-09","brand_revenue":12256.25,"category_revenue":608971.09375,"share_pct":2.0},{"period":"2025-10","brand_revenue":16739.25048828125,"category_revenue":645293.1640625,"share_pct":2.5999999046325684},{"period":"2025-11","brand_revenue":10336.14990234375,"category_revenue":581113.4765625,"share_pct":1.7999999523162842},{"period":"2025-12","brand_revenue":11575.374755859375,"category_revenue":553088.5546875,"share_pct":2.0999999046325684},{"period":"2026-01","brand_revenue":9251.199951171875,"category_revenue":523350.9375,"share_pct":1.7999999523162842}],"ACCESSORY":[{"period":"2024-01","brand_revenue":0.0,"category_revenue":153543.9453125,"share_pct":0.0},{"period":"2024-02","brand_revenue":0.0,"category_revenue":152399.47265625,"share_pct":0.0},{"period":"2024-03","brand_revenue":0.0,"category_revenue":154678.876953125,"share_pct":0.0},{"period":"2024-04","brand_revenue":0.0,"category_revenue":163353.65234375,"share_pct":0.0},{"period":"2024-05","brand_revenue":0.0,"category_revenue":179676.4453125,"share_pct":0.0},{"period":"2024-06","brand_revenue":0.0,"category_revenue":185008.828125,"share_pct":0.0},{"period":"2024-07","brand_revenue":0.0,"category_revenue":186675.46875,"share_pct":0.0},{"period":"2024-08","brand_revenue":0.0,"category_revenue":180226.328125,"share_pct":0.0},{"period":"2024-09","brand_revenue":0.0,"category_revenue":162386.298828125,"share_pct":0.0},{"period":"2024-10","brand_revenue":0.0,"category_revenue":166088.73046875,"share_pct":0.0},{"period":"2024-11","brand_revenue":0.0,"category_revenue":171706.09375,"share_pct":0.0},{"period":"2024-12","brand_revenue":0.0,"category_revenue":176502.03125,"share_pct":0.0},{"period":"2025-01","brand_revenue":496.50001525878906,"category_revenue":167261.34765625,"share_pct":0.30000001192092896},{"period":"2025-02","brand_revenue":726.25,"category_revenue":155260.927734375,"share_pct":0.5},{"period":"2025-03","brand_revenue":1340.7499694824219,"category_revenue":176420.390625,"share_pct":0.800000011920929},{"period":"2025-04","brand_revenue":320.99998474121094,"category_revenue":182694.82421875,"share_pct":0.20000000298023224},{"period":"2025-05","brand_revenue":224.50000762939453,"category_revenue":179904.4921875,"share_pct":0.10000000149011612},{"period":"2025-06","brand_revenue":83.99999618530273,"category_revenue":161148.75,"share_pct":0.10000000149011612},{"period":"2025-07","brand_revenue":271.49999618530273,"category_revenue":165549.8046875,"share_pct":0.20000000298023224},{"period":"2025-08","brand_revenue":214.50000762939453,"category_revenue":171752.05078125,"share_pct":0.10000000149011612},{"period":"2025-09","brand_revenue":70.50000190734863,"category_revenue":168198.9453125,"share_pct":0.0},{"period":"2025-10","brand_revenue":451.25,"category_revenue":171844.55078125,"share_pct":0.30000001192092896},{"period":"2025-11","brand_revenue":0.0,"category_revenue":172839.74609375,"share_pct":0.0},{"period":"2025-12","brand_revenue":0.0,"category_revenue":141954.873046875,"share_pct":0.0},{"period":"2026-01","brand_revenue":367.5,"category_revenue":81677.1484375,"share_pct":0.4000000059604645}]},"discount_depth":[{"tier":"0% (Full Price)","transactions":1990,"pct_of_transactions":20.3,"revenue":66255.0,"avg_discount":0.0},{"tier":"1-10%","transactions":224,"pct_of_transactions":2.3,"revenue":7967.5,"avg_discount":19.600000381469727},{"tier":"11-20%","transactions":148,"pct_of_transactions":1.5,"revenue":5974.4000244140625,"avg_discount":37.20000076293945},{"tier":"21-30%","transactions":4452,"pct_of_transactions":45.4,"revenue":172356.15234375,"avg_discount":49.400001525878906},{"tier":"31%+","transactions":1108,"pct_of_transactions":11.3,"revenue":34795.4736328125,"avg_discount":96.4000015258789}],"velocity":{"units_per_day":31.8,"revenue_per_day":1004.9749755859375,"avg_units_per_txn":2.84,"days_of_data":371,"total_units":11798,"total_transactions":8312},"velocity_by_category":[{"category":"FLOWER","brand_units_per_day":9.1,"category_avg_units_per_day":55.54,"velocity_index":16.4,"brand_rev_per_unit":35.09,"category_rev_per_unit":22.97,"brands_in_category":64},{"category":"PRE ROLL","brand_units_per_day":6.14,"category_avg_units_per_day":42.38,"velocity_index":14.5,"brand_rev_per_unit":10.92,"category_rev_per_unit":7.54,"brands_in_category":46},{"category":"ACCESSORY","brand_units_per_day":0.24,"category_avg_units_per_day":20.56,"velocity_index":1.1,"brand_rev_per_unit":20.3,"category_rev_per_unit":1.55,"brands_in_category":136},{"category":0.0,"brand_units_per_day":0.0,"category_avg_units_per_day":0,"velocity_index":0,"brand_rev_per_unit":0.0,"category_rev_per_unit":0.0,"brands_in_category":0}],"deals":[{"deal_name":"Lit4Less - 1/4 for $75","times_used":1748,"units":2865.0,"revenue":133766.6749572754,"discounts":34482.07500100136,"cost":65813.3983206749,"profit":67953.27660560608,"pre_discount_revenue":168248.75,"margin":50.8,"avg_discount":41.0},{"deal_name":"Industry 30% Off","times_used":1594,"units":2186.0,"revenue":71709.30292248726,"discounts":31025.700585842133,"cost":39434.93660211563,"profit":32274.362758509815,"pre_discount_revenue":102735.0,"margin":45.0,"avg_discount":60.4},{"deal_name":"Lit4Less - Premium PR - 5 for $50","times_used":1114,"units":2123.0,"revenue":26458.574995994568,"discounts":10693.925001621246,"cost":10615.0,"profit":15843.574998378754,"pre_discount_revenue":37152.5,"margin":59.9,"avg_discount":57.6},{"deal_name":"50% Off - G2B","times_used":608,"units":899.6666666666666,"revenue":22399.633334477745,"discounts":22659.533332188927,"cost":17278.045489788055,"profit":5121.587451718127,"pre_discount_revenue":45059.16666666667,"margin":22.9,"avg_discount":100.6},{"deal_name":"Employee 30% - NOT FRIDAYS","times_used":154,"units":161.0,"revenue":5160.1002150774,"discounts":2358.650040626526,"cost":2863.349931240082,"profit":2296.7500242590904,"pre_discount_revenue":7518.75,"margin":44.5,"avg_discount":62.8},{"deal_name":"Employee - 40% OFF","times_used":122,"units":152.0,"revenue":4638.162604868412,"discounts":3234.3373799324036,"cost":3017.37492504064,"profit":1620.7875463366508,"pre_discount_revenue":7872.5,"margin":34.9,"avg_discount":82.2},{"deal_name":"Jackpot - Locals 30% Off","times_used":94,"units":112.0,"revenue":4217.500162124634,"discounts":1807.500033378601,"cost":2395.27494430542,"profit":1822.225022315979,"pre_discount_revenue":6025.0,"margin":43.2,"avg_discount":60.0},{"deal_name":"Senior - 10% Off","times_used":80,"units":96.0,"revenue":2492.9999792575836,"discounts":276.99999183416367,"cost":1070.7249784469604,"profit":1422.2749984264374,"pre_discount_revenue":2770.0,"margin":57.1,"avg_discount":20.0},{"deal_name":"Veterans - 10% Off","times_used":78,"units":84.0,"revenue":3001.9374692440033,"discounts":448.0624920129776,"cost":1283.7624716758728,"profit":1718.1749975681305,"pre_discount_revenue":3450.0,"margin":57.2,"avg_discount":26.0},{"deal_name":"Senior / Veterans - 20% Off","times_used":66,"units":72.0,"revenue":2625.9999012947083,"discounts":656.4999753236771,"cost":1275.7499694824219,"profit":1350.250004529953,"pre_discount_revenue":3282.5,"margin":51.4,"avg_discount":40.0},{"deal_name":"30% Off Special","times_used":42,"units":46.0,"revenue":563.5000109672546,"discounts":241.49998903274536,"cost":230.0,"profit":333.50001096725464,"pre_discount_revenue":805.0,"margin":59.2,"avg_discount":60.0},{"deal_name":"Store Credit - $15","times_used":40,"units":34.666666666666664,"revenue":1228.2958300908406,"discounts":643.3708318074544,"cost":725.2458167076111,"profit":503.05001082209253,"pre_discount_revenue":1871.6666666666665,"margin":41.0,"avg_discount":68.8},{"deal_name":"Store Credit - $25","times_used":38,"units":44.0,"revenue":1169.2375016212463,"discounts":797.0125019550323,"cost":741.8499827384949,"profit":427.3875020071864,"pre_discount_revenue":1966.25,"margin":36.6,"avg_discount":81.0},{"deal_name":"Store Credit - $50","times_used":20,"units":15.0,"revenue":388.83749693632126,"discounts":368.66249680519104,"cost":290.92499256134033,"profit":97.9124990105629,"pre_discount_revenue":757.5,"margin":25.2,"avg_discount":97.4},{"deal_name":"40% Off Special","times_used":16,"units":20.0,"revenue":209.99999523162842,"discounts":139.9999964237213,"cost":100.0,"profit":110.0000011920929,"pre_discount_revenue":350.0,"margin":52.4,"avg_discount":80.0},{"deal_name":"Sammy Davis Early Bird - 15% Off","times_used":14,"units":18.0,"revenue":267.74999141693115,"discounts":47.24999785423279,"cost":90.0,"profit":177.7500021457672,"pre_discount_revenue":315.0,"margin":66.4,"avg_discount":30.0},{"deal_name":"LVAC - 25% Off","times_used":14,"units":18.0,"revenue":722.6249980926514,"discounts":334.87500190734863,"cost":413.97499084472656,"profit":308.6500072479248,"pre_discount_revenue":1057.5,"margin":42.7,"avg_discount":63.4},{"deal_name":"Main St Happy Hour - 25% Off","times_used":10,"units":14.0,"revenue":369.375,"discounts":123.125,"cost":166.99999809265137,"profit":202.37500190734863,"pre_discount_revenue":492.5,"margin":54.8,"avg_discount":50.0},{"deal_name":"Store Credit - $75","times_used":10,"units":10.666666666666666,"revenue":228.2708319028219,"discounts":315.89582999547326,"cost":209.27082777023315,"profit":19.000001152356468,"pre_discount_revenue":544.1666666666666,"margin":8.3,"avg_discount":116.2},{"deal_name":"Medical - 10%","times_used":6,"units":6.0,"revenue":168.75,"discounts":18.749999403953552,"cost":65.99999904632568,"profit":102.75000095367432,"pre_discount_revenue":187.5,"margin":60.9,"avg_discount":20.0},{"deal_name":"Reno - Early Bird - Senior / Veterans - 20%","times_used":4,"units":3.0,"revenue":125.37499666213989,"discounts":50.874998569488525,"cost":68.96249771118164,"profit":56.412497758865356,"pre_discount_revenue":176.25,"margin":45.0,"avg_discount":57.8},{"deal_name":"Neighborhood / ShareDowntown - 15%","times_used":2,"units":2.0,"revenue":99.87500190734863,"discounts":17.625000476837158,"cost":45.999999046325684,"profit":53.87499809265137,"pre_discount_revenue":117.5,"margin":53.9,"avg_discount":30.0},{"deal_name":"Store Credit - $100","times_used":2,"units":2.0,"revenue":68.75,"discounts":48.75,"cost":45.974998474121094,"profit":22.774999141693115,"pre_discount_revenue":117.5,"margin":33.1,"avg_discount":83.0}],"top_products":[{"product":"THAT BADU EIGHTH - COOKIES","units":1140,"revenue":51815.927734375,"cost":26216.07421875,"profit":25599.85107421875,"transactions":968,"margin":49.400001525878906},{"product":"BATSH!T EIGHTH - COOKIES","units":1014,"revenue":43731.1767578125,"cost":23317.275390625,"profit":20413.900146484375,"transactions":870,"margin":46.70000076293945},{"product":"BLACKBERRY CAVIAR EIGHTH - COOKIES","units":612,"revenue":27531.72607421875,"cost":14074.149169921875,"profit":13457.57568359375,"transactions":514,"margin":48.900001525878906},{"product":"GARY PAYTON EIGHTH - COOKIES","units":678,"revenue":27122.900390625,"cost":15481.35009765625,"profit":11641.55029296875,"transactions":572,"margin":42.900001525878906},{"product":"BIRTHDAY FACE EIGHTH - COOKIES","units":552,"revenue":25606.4501953125,"cost":12691.59912109375,"profit":12914.849853515625,"transactions":468,"margin":50.400001525878906},{"product":"PACMAN EIGHTH - COOKIES","units":452,"revenue":20647.7490234375,"cost":10393.275146484375,"profit":10254.47509765625,"transactions":376,"margin":49.70000076293945},{"product":"BERNIE HANA BUTTER EIGHTH - COOKIES","units":446,"revenue":20471.075439453125,"cost":10254.874267578125,"profit":10216.199951171875,"transactions":370,"margin":49.900001525878906},{"product":"MOON WALKERS EIGHTH - COOKIES","units":484,"revenue":20342.2998046875,"cost":11130.474853515625,"profit":9211.824951171875,"transactions":400,"margin":45.29999923706055},{"product":"BIRTHDAY FACE PRE ROLL - COOKIES","units":1194,"revenue":16615.92529296875,"cost":5970.0,"profit":10645.92529296875,"transactions":974,"margin":64.0999984741211},{"product":"HOMAGE PRE ROLL - COOKIES","units":996,"revenue":13620.374755859375,"cost":4980.0,"profit":8640.374755859375,"transactions":848,"margin":63.400001525878906},{"product":"LONDON POUND CAKE 75 PRE ROLL - COOKIES","units":980,"revenue":13348.00048828125,"cost":4900.0,"profit":8447.999877929688,"transactions":722,"margin":63.29999923706055},{"product":"LONDON POUND CAKE EIGHTH - COOKIES","units":254,"revenue":11739.000244140625,"cost":5839.9249267578125,"profit":5899.0753173828125,"transactions":178,"margin":50.29999923706055},{"product":"HOLLYWOOD EIGHTH - COOKIES","units":234,"revenue":10232.0751953125,"cost":5380.224609375,"profit":4851.8499755859375,"transactions":204,"margin":47.400001525878906},{"product":"FROZEN GRAPES EIGHTH - COOKIES","units":224,"revenue":9796.14990234375,"cost":5151.0247802734375,"profit":4645.1251220703125,"transactions":204,"margin":47.400001525878906},{"product":"VIENNA EIGHTH - COOKIES","units":214,"revenue":9514.224853515625,"cost":4921.5997314453125,"profit":4592.6251220703125,"transactions":192,"margin":48.29999923706055},{"product":"ADIOS MOTHER F**KER EIGHTH - COOKIES","units":200,"revenue":7329.4500732421875,"cost":4599.7747802734375,"profit":2729.6749877929688,"transactions":172,"margin":37.20000076293945},{"product":"GARY PAYTON PRE ROLL - COOKIES","units":520,"revenue":7273.2501220703125,"cost":2600.0,"profit":4673.2501220703125,"transactions":396,"margin":64.30000305175781},{"product":"BLUE RAZ EIGHTH - COOKIES","units":150,"revenue":6993.75,"cost":3448.9999389648438,"profit":3544.7500610351562,"transactions":142,"margin":50.70000076293945},{"product":"BLUE RAZ PRE ROLL - COOKIES","units":440,"revenue":5767.9998779296875,"cost":2200.0,"profit":3567.9998779296875,"transactions":364,"margin":61.900001525878906},{"product":"FRIED BANANAS EIGHTH - COOKIES","units":144,"revenue":5295.7501220703125,"cost":3311.9000244140625,"profit":1983.8499450683594,"transactions":130,"margin":37.5},{"product":"BLUEBERRY CAVIAR EIGHTH - COOKIES","units":98,"revenue":4322.650146484375,"cost":2252.7749633789062,"profit":2069.875030517578,"transactions":86,"margin":47.900001525878906},{"product":"PACMAN PRE ROLL - COOKIES","units":280,"revenue":3759.7250366210938,"cost":1400.0,"profit":2359.7250366210938,"transactions":232,"margin":62.79999923706055},{"product":"MOON WALKERS PRE ROLL - COOKIES","units":130,"revenue":1721.9999694824219,"cost":650.0,"profit":1071.9999694824219,"transactions":100,"margin":62.29999923706055},{"product":"HOLLYWOOD PRE ROLL - COOKIES","units":106,"revenue":1335.0,"cost":530.0,"profit":805.0,"transactions":94,"margin":60.29999923706055},{"product":"ORIGINAL BEAKER / STRAIGHT TUBE - COOKIES","units":6,"revenue":1120.0,"cost":750.0,"profit":370.0,"transactions":6,"margin":33.0}],"products_by_store":{"Elevation Springs":[{"product":"THAT BADU EIGHTH - COOKIES","units":310,"revenue":13977.550048828125,"cost":7129.27490234375,"profit":6848.275146484375,"transactions":270,"margin":49.0},{"product":"BATSH!T EIGHTH - COOKIES","units":174,"revenue":7828.02490234375,"cost":4001.6998291015625,"profit":3826.3250732421875,"transactions":158,"margin":48.900001525878906},{"product":"GARY PAYTON EIGHTH - COOKIES","units":154,"revenue":6196.624755859375,"cost":3541.300048828125,"profit":2655.3250122070312,"transactions":136,"margin":42.900001525878906},{"product":"BLUE RAZ EIGHTH - COOKIES","units":100,"revenue":4693.999938964844,"cost":2298.9999389648438,"profit":2395.0,"transactions":96,"margin":51.0},{"product":"LONDON POUND CAKE EIGHTH - COOKIES","units":104,"revenue":4668.75,"cost":2390.699920654297,"profit":2278.050079345703,"transactions":92,"margin":48.79999923706055},{"product":"BLACKBERRY CAVIAR EIGHTH - COOKIES","units":106,"revenue":4655.6500244140625,"cost":2437.9998779296875,"profit":2217.6499938964844,"transactions":94,"margin":47.599998474121094},{"product":"BIRTHDAY FACE EIGHTH - COOKIES","units":100,"revenue":4499.100036621094,"cost":2298.75,"profit":2200.3500366210938,"transactions":92,"margin":48.900001525878906},{"product":"PACMAN EIGHTH - COOKIES","units":100,"revenue":4475.6500244140625,"cost":2298.9749145507812,"profit":2176.6751098632812,"transactions":96,"margin":48.599998474121094},{"product":"VIENNA EIGHTH - COOKIES","units":100,"revenue":4429.200134277344,"cost":2300.0,"profit":2129.199981689453,"transactions":90,"margin":48.099998474121094},{"product":"BIRTHDAY FACE PRE ROLL - COOKIES","units":312,"revenue":4116.9000244140625,"cost":1560.0,"profit":2556.9000244140625,"transactions":236,"margin":62.099998474121094},{"product":"GARY PAYTON PRE ROLL - COOKIES","units":250,"revenue":3364.2498779296875,"cost":1250.0,"profit":2114.250030517578,"transactions":176,"margin":62.79999923706055},{"product":"LONDON POUND CAKE 75 PRE ROLL - COOKIES","units":252,"revenue":3220.7501220703125,"cost":1260.0,"profit":1960.7499694824219,"transactions":140,"margin":60.900001525878906},{"product":"BLUE RAZ PRE ROLL - COOKIES","units":220,"revenue":2806.4999389648438,"cost":1100.0,"profit":1706.4999389648438,"transactions":156,"margin":60.79999923706055},{"product":"HOMAGE PRE ROLL - COOKIES","units":200,"revenue":2695.150146484375,"cost":1000.0,"profit":1695.1499938964844,"transactions":156,"margin":62.900001525878906},{"product":"MOON WALKERS EIGHTH - COOKIES","units":50,"revenue":2348.2501220703125,"cost":1149.7750091552734,"profit":1198.4750366210938,"transactions":42,"margin":51.0}],"Elevation Mesa":[{"product":"THAT BADU EIGHTH - COOKIES","units":338,"revenue":15113.00048828125,"cost":7773.499755859375,"profit":7339.5001220703125,"transactions":276,"margin":48.599998474121094},{"product":"BATSH!T EIGHTH - COOKIES","units":254,"revenue":10962.625732421875,"cost":5842.0001220703125,"profit":5120.625,"transactions":238,"margin":46.70000076293945},{"product":"BLACKBERRY CAVIAR EIGHTH - COOKIES","units":178,"revenue":7846.3250732421875,"cost":4093.9999389648438,"profit":3752.3251342773438,"transactions":146,"margin":47.79999923706055},{"product":"GARY PAYTON EIGHTH - COOKIES","units":162,"revenue":6232.0001220703125,"cost":3724.749755859375,"profit":2507.2500610351562,"transactions":150,"margin":40.20000076293945},{"product":"BIRTHDAY FACE EIGHTH - COOKIES","units":100,"revenue":4577.749938964844,"cost":2300.0,"profit":2277.7500915527344,"transactions":92,"margin":49.79999923706055},{"product":"BERNIE HANA BUTTER EIGHTH - COOKIES","units":100,"revenue":4491.97509765625,"cost":2300.0,"profit":2191.97509765625,"transactions":96,"margin":48.79999923706055},{"product":"PACMAN EIGHTH - COOKIES","units":98,"revenue":4415.425109863281,"cost":2253.9999389648438,"profit":2161.425018310547,"transactions":90,"margin":49.0},{"product":"BLUEBERRY CAVIAR EIGHTH - COOKIES","units":98,"revenue":4322.650146484375,"cost":2252.7749633789062,"profit":2069.875030517578,"transactions":86,"margin":47.900001525878906},{"product":"HOLLYWOOD EIGHTH - COOKIES","units":96,"revenue":4186.875,"cost":2206.7999267578125,"profit":1980.0750732421875,"transactions":82,"margin":47.29999923706055},{"product":"LONDON POUND CAKE 75 PRE ROLL - COOKIES","units":314,"revenue":4081.77490234375,"cost":1570.0,"profit":2511.7750549316406,"transactions":214,"margin":61.5},{"product":"MOON WALKERS EIGHTH - COOKIES","units":100,"revenue":3916.4251708984375,"cost":2300.0,"profit":1616.4250183105469,"transactions":94,"margin":41.29999923706055},{"product":"FRIED BANANAS EIGHTH - COOKIES","units":100,"revenue":3604.7500610351562,"cost":2300.0,"profit":1304.7500610351562,"transactions":94,"margin":36.20000076293945},{"product":"BIRTHDAY FACE PRE ROLL - COOKIES","units":220,"revenue":2903.5000610351562,"cost":1100.0,"profit":1803.5000610351562,"transactions":172,"margin":62.099998474121094},{"product":"HOMAGE PRE ROLL - COOKIES","units":198,"revenue":2620.4998779296875,"cost":990.0,"profit":1630.5000305175781,"transactions":166,"margin":62.20000076293945},{"product":"BLUE RAZ PRE ROLL - COOKIES","units":170,"revenue":2246.999969482422,"cost":850.0,"profit":1396.9999694824219,"transactions":160,"margin":62.20000076293945}],"Elevation Oasis":[{"product":"PACMAN EIGHTH - COOKIES","units":250,"revenue":11592.17529296875,"cost":5748.299560546875,"profit":5843.8751220703125,"transactions":186,"margin":50.400001525878906},{"product":"BERNIE HANA BUTTER EIGHTH - COOKIES","units":242,"revenue":11431.849365234375,"cost":5564.1748046875,"profit":5867.6751708984375,"transactions":182,"margin":51.29999923706055},{"product":"MOON WALKERS EIGHTH - COOKIES","units":248,"revenue":10441.75048828125,"cost":5702.9498291015625,"profit":4738.800048828125,"transactions":186,"margin":45.400001525878906},{"product":"BATSH!T EIGHTH - COOKIES","units":154,"revenue":7247.9998779296875,"cost":3540.0747680664062,"profit":3707.9251098632812,"transactions":106,"margin":51.20000076293945},{"product":"BIRTHDAY FACE EIGHTH - COOKIES","units":152,"revenue":7192.6751708984375,"cost":3494.0997314453125,"profit":3698.5751342773438,"transactions":106,"margin":51.400001525878906},{"product":"LONDON POUND CAKE EIGHTH - COOKIES","units":150,"revenue":7070.250244140625,"cost":3449.224853515625,"profit":3621.0250854492188,"transactions":86,"margin":51.20000076293945},{"product":"BLACKBERRY CAVIAR EIGHTH - COOKIES","units":150,"revenue":6923.5748291015625,"cost":3448.9248657226562,"profit":3474.6499633789062,"transactions":108,"margin":50.20000076293945},{"product":"ADIOS MOTHER F**KER EIGHTH - COOKIES","units":100,"revenue":3366.0000610351562,"cost":2300.0,"profit":1065.999984741211,"transactions":78,"margin":31.700000762939453},{"product":"GARY PAYTON EIGHTH - COOKIES","units":100,"revenue":3271.9000244140625,"cost":2300.0,"profit":971.9000244140625,"transactions":72,"margin":29.700000762939453},{"product":"VIENNA EIGHTH - COOKIES","units":32,"revenue":1455.2499389648438,"cost":735.7999420166016,"profit":719.4499969482422,"transactions":28,"margin":49.400001525878906},{"product":"BIRTHDAY FACE PRE ROLL - COOKIES","units":100,"revenue":1354.2999267578125,"cost":500.0,"profit":854.3000030517578,"transactions":88,"margin":63.099998474121094},{"product":"HOMAGE PRE ROLL - COOKIES","units":100,"revenue":1296.0000610351562,"cost":500.0,"profit":795.9999847412109,"transactions":74,"margin":61.400001525878906},{"product":"PACMAN PRE ROLL - COOKIES","units":100,"revenue":1254.4999694824219,"cost":500.0,"profit":754.4999694824219,"transactions":78,"margin":60.099998474121094},{"product":"ORIGINAL BEAKER / STRAIGHT TUBE - COOKIES","units":6,"revenue":1120.0,"cost":750.0,"profit":370.0,"transactions":6,"margin":33.0},{"product":"ONE HITTER - COOKIES","units":144,"revenue":1000.5000305175781,"cost":360.0,"profit":640.5000305175781,"transactions":122,"margin":64.0}],"Elevation Downtown":[{"product":"BIRTHDAY FACE EIGHTH - COOKIES","units":50,"revenue":2364.6249389648438,"cost":1150.0,"profit":1214.625015258789,"transactions":46,"margin":51.400001525878906},{"product":"THAT BADU EIGHTH - COOKIES","units":50,"revenue":2358.249969482422,"cost":1150.0,"profit":1208.2499694824219,"transactions":40,"margin":51.20000076293945},{"product":"MOON WALKERS EIGHTH - COOKIES","units":36,"revenue":1561.5000915527344,"cost":827.9999542236328,"profit":733.4999847412109,"transactions":36,"margin":47.0},{"product":"BIRTHDAY FACE PRE ROLL - COOKIES","units":104,"revenue":1430.5000305175781,"cost":520.0,"profit":910.5000305175781,"transactions":82,"margin":63.599998474121094},{"product":"HOMAGE PRE ROLL - COOKIES","units":100,"revenue":1329.2500305175781,"cost":500.0,"profit":829.2500305175781,"transactions":90,"margin":62.400001525878906},{"product":"GARY PAYTON EIGHTH - COOKIES","units":20,"revenue":909.1249847412109,"cost":350.0,"profit":559.1249847412109,"transactions":20,"margin":61.5},{"product":"MOON WALKERS PRE ROLL - COOKIES","units":50,"revenue":673.4999847412109,"cost":250.0,"profit":423.49998474121094,"transactions":36,"margin":62.900001525878906},{"product":"BLACKBERRY CAVIAR EIGHTH - COOKIES","units":10,"revenue":504.74998474121094,"cost":230.0,"profit":274.75000381469727,"transactions":10,"margin":54.400001525878906},{"product":"PACMAN PRE ROLL - COOKIES","units":32,"revenue":430.25001525878906,"cost":160.0,"profit":270.24999618530273,"transactions":26,"margin":62.79999923706055},{"product":"PACMAN EIGHTH - COOKIES","units":4,"revenue":164.50000762939453,"cost":91.99999809265137,"profit":72.5,"transactions":4,"margin":44.099998474121094},{"product":"LONDON POUND CAKE 75 PRE ROLL - COOKIES","units":6,"revenue":85.0,"cost":30.0,"profit":55.0,"transactions":4,"margin":64.69999694824219}],"Elevation Midtown":[{"product":"BATSH!T EIGHTH - COOKIES","units":200,"revenue":8557.60009765625,"cost":4597.5,"profit":3960.10009765625,"transactions":156,"margin":46.29999923706055},{"product":"THAT BADU EIGHTH - COOKIES","units":148,"revenue":6984.000244140625,"cost":3403.02490234375,"profit":3580.9750366210938,"transactions":118,"margin":51.29999923706055},{"product":"BLACKBERRY CAVIAR EIGHTH - COOKIES","units":112,"revenue":5239.2498779296875,"cost":2575.3500366210938,"profit":2663.900146484375,"transactions":102,"margin":50.79999923706055},{"product":"GARY PAYTON EIGHTH - COOKIES","units":100,"revenue":4421.25,"cost":2299.375,"profit":2121.875,"transactions":74,"margin":48.0},{"product":"BERNIE HANA BUTTER EIGHTH - COOKIES","units":50,"revenue":2318.75,"cost":1149.375,"profit":1169.375,"transactions":44,"margin":50.400001525878906},{"product":"BIRTHDAY FACE EIGHTH - COOKIES","units":50,"revenue":2213.125,"cost":1149.375,"profit":1063.75,"transactions":40,"margin":48.099998474121094},{"product":"FROZEN GRAPES EIGHTH - COOKIES","units":50,"revenue":2136.4999389648438,"cost":1149.375,"profit":987.1250152587891,"transactions":44,"margin":46.20000076293945},{"product":"VIENNA EIGHTH - COOKIES","units":42,"revenue":2045.5000305175781,"cost":965.8000183105469,"profit":1079.7000122070312,"transactions":34,"margin":52.79999923706055},{"product":"HOLLYWOOD EIGHTH - COOKIES","units":50,"revenue":1988.0000305175781,"cost":1149.4999694824219,"profit":838.5000610351562,"transactions":44,"margin":42.20000076293945},{"product":"BIRTHDAY FACE PRE ROLL - COOKIES","units":102,"revenue":1343.7249755859375,"cost":510.0,"profit":833.7249755859375,"transactions":92,"margin":62.0},{"product":"HOMAGE PRE ROLL - COOKIES","units":98,"revenue":1307.9750061035156,"cost":490.0,"profit":817.9750061035156,"transactions":88,"margin":62.5},{"product":"POMEGRANATE SHAKE EIGHTH - COOKIES","units":24,"revenue":1069.4999694824219,"cost":551.974983215332,"profit":517.5250244140625,"transactions":22,"margin":48.400001525878906},{"product":"LONDON POUND CAKE 75 PRE ROLL - COOKIES","units":48,"revenue":749.0000152587891,"cost":240.0,"profit":509.00001525878906,"transactions":40,"margin":68.0},{"product":"PACMAN PRE ROLL - COOKIES","units":24,"revenue":339.00001525878906,"cost":120.0,"profit":218.99999618530273,"transactions":22,"margin":64.5999984741211},{"product":"ADIOS MOTHER F**KER PRE ROLL - COOKIES","units":2,"revenue":24.500000476837158,"cost":10.0,"profit":14.500000476837158,"transactions":2,"margin":59.20000076293945}],"Elevation Boulevard":[{"product":"THAT BADU EIGHTH - COOKIES","units":148,"revenue":6475.3753662109375,"cost":3403.5247802734375,"profit":3071.8499755859375,"transactions":130,"margin":47.400001525878906},{"product":"BATSH!T EIGHTH - COOKIES","units":162,"revenue":5860.675048828125,"cost":3726.0000610351562,"profit":2134.6749877929688,"transactions":144,"margin":36.400001525878906},{"product":"BIRTHDAY FACE EIGHTH - COOKIES","units":50,"revenue":2265.550079345703,"cost":1149.375,"profit":1116.1750030517578,"transactions":46,"margin":49.29999923706055},{"product":"BERNIE HANA BUTTER EIGHTH - COOKIES","units":54,"revenue":2228.5000610351562,"cost":1241.3249206542969,"profit":987.1749877929688,"transactions":48,"margin":44.29999923706055},{"product":"GARY PAYTON EIGHTH - COOKIES","units":48,"revenue":2156.25,"cost":1103.9999389648438,"profit":1052.249984741211,"transactions":36,"margin":48.79999923706055},{"product":"FROZEN GRAPES EIGHTH - COOKIES","units":54,"revenue":2149.5001220703125,"cost":1241.9499969482422,"profit":907.5499725341797,"transactions":50,"margin":42.20000076293945},{"product":"BIRTHDAY FACE PRE ROLL - COOKIES","units":102,"revenue":1408.0000305175781,"cost":510.0,"profit":898.0000305175781,"transactions":80,"margin":63.79999923706055},{"product":"BLACKBERRY CAVIAR EIGHTH - COOKIES","units":32,"revenue":1353.4249877929688,"cost":735.8750152587891,"profit":617.5500106811523,"transactions":30,"margin":45.599998474121094},{"product":"HOLLYWOOD EIGHTH - COOKIES","units":30,"revenue":1332.3750305175781,"cost":690.0,"profit":642.3750305175781,"transactions":28,"margin":48.20000076293945},{"product":"HOMAGE PRE ROLL - COOKIES","units":100,"revenue":1267.5,"cost":500.0,"profit":767.5,"transactions":96,"margin":60.599998474121094},{"product":"LONDON POUND CAKE 75 PRE ROLL - COOKIES","units":64,"revenue":842.9750061035156,"cost":320.0,"profit":522.9750061035156,"transactions":58,"margin":62.0},{"product":"PACMAN PRE ROLL - COOKIES","units":44,"revenue":579.9750137329102,"cost":220.0,"profit":359.97501373291016,"transactions":40,"margin":62.099998474121094}],"Elevation Parkway":[{"product":"THAT BADU EIGHTH - COOKIES","units":146,"revenue":6907.750244140625,"cost":3356.7498779296875,"profit":3551.0000610351562,"transactions":134,"margin":51.400001525878906},{"product":"BIRTHDAY FACE PRE ROLL - COOKIES","units":254,"revenue":4058.9999389648438,"cost":1270.0,"profit":2788.9999389648438,"transactions":224,"margin":68.69999694824219},{"product":"GARY PAYTON EIGHTH - COOKIES","units":94,"revenue":3935.7501220703125,"cost":2161.9248962402344,"profit":1773.8250732421875,"transactions":84,"margin":45.099998474121094},{"product":"LONDON POUND CAKE 75 PRE ROLL - COOKIES","units":246,"revenue":3861.4999389648438,"cost":1230.0,"profit":2631.4999389648438,"transactions":230,"margin":68.0999984741211},{"product":"BATSH!T EIGHTH - COOKIES","units":70,"revenue":3274.2501831054688,"cost":1610.0,"profit":1664.2500305175781,"transactions":68,"margin":50.79999923706055},{"product":"HOMAGE PRE ROLL - COOKIES","units":200,"revenue":3103.9999389648438,"cost":1000.0,"profit":2103.9999389648438,"transactions":178,"margin":67.80000305175781},{"product":"GARY PAYTON PRE ROLL - COOKIES","units":170,"revenue":2539.499969482422,"cost":850.0,"profit":1689.4999694824219,"transactions":148,"margin":66.5},{"product":"BIRTHDAY FACE EIGHTH - COOKIES","units":50,"revenue":2493.625030517578,"cost":1150.0,"profit":1343.6250305175781,"transactions":46,"margin":53.900001525878906},{"product":"BLUE RAZ EIGHTH - COOKIES","units":50,"revenue":2299.7500610351562,"cost":1150.0,"profit":1149.749984741211,"transactions":46,"margin":50.0},{"product":"FROZEN GRAPES EIGHTH - COOKIES","units":50,"revenue":2254.0000915527344,"cost":1150.0,"profit":1104.000015258789,"transactions":44,"margin":49.0},{"product":"MOON WALKERS EIGHTH - COOKIES","units":50,"revenue":2074.375,"cost":1149.749984741211,"profit":924.6250152587891,"transactions":42,"margin":44.599998474121094},{"product":"BLACKBERRY CAVIAR EIGHTH - COOKIES","units":24,"revenue":1008.75,"cost":551.9999694824219,"profit":456.74999237060547,"transactions":24,"margin":45.29999923706055},{"product":"HOLLYWOOD EIGHTH - COOKIES","units":20,"revenue":985.5000305175781,"cost":460.0,"profit":525.4999923706055,"transactions":16,"margin":53.29999923706055},{"product":"BLUE RAZ PRE ROLL - COOKIES","units":50,"revenue":714.4999694824219,"cost":250.0,"profit":464.50000762939453,"transactions":48,"margin":65.0}]},"store_summary":[{"store_clean":"Elevation Mesa","units":2996,"revenue":91430.60546875,"cost":46583.8232421875,"profit":44846.77734375,"discounts":33434.3994140625,"margin":49.099998474121094,"discount_rate":26.799999237060547},{"store_clean":"Elevation Springs","units":2718,"revenue":81759.423828125,"cost":40186.77490234375,"profit":41572.6513671875,"discounts":26773.076171875,"margin":50.79999923706055,"discount_rate":24.700000762939453},{"store_clean":"Elevation Oasis","units":2160,"revenue":79676.9775390625,"cost":40993.57421875,"profit":38683.40087890625,"discounts":25993.02490234375,"margin":48.599998474121094,"discount_rate":24.600000381469727},{"store_clean":"Elevation Midtown","units":1100,"revenue":40737.67578125,"cost":20360.6494140625,"profit":20377.025146484375,"discounts":12584.825439453125,"margin":50.0,"discount_rate":23.600000381469727},{"store_clean":"Elevation Parkway","units":1474,"revenue":39512.2509765625,"cost":17340.4248046875,"profit":22171.826171875,"discounts":9135.250244140625,"margin":56.099998474121094,"discount_rate":18.799999237060547},{"store_clean":"Elevation Boulevard","units":888,"revenue":27920.10009765625,"cost":14842.049560546875,"profit":13078.050537109375,"discounts":9852.39990234375,"margin":46.79999923706055,"discount_rate":26.100000381469727},{"store_clean":"Elevation Downtown","units":462,"revenue":11811.25,"cost":5260.0,"profit":6551.25,"discounts":3286.25,"margin":55.5,"discount_rate":21.799999237060547}],"recommendations":[{"severity":"red","title":"ACCESSORY: BELOW CATEGORY AVERAGE","detail":"Margin (40.7%) is 20 pts below ACCESSORY average. Ranked #22 of 136. Strong case for cost negotiation.","action":"Request 10% cost reduction or evaluate alternative ACCESSORY brands."},{"severity":"red","title":"HIGH PROMOTION DEPENDENCY","detail":"Only 18% sells at full price. Heavy discounting required.","action":"Test reducing deal frequency \u2014 track velocity without promos."},{"severity":"info","title":"VOLUME LEVERAGE","detail":"$149,139 revenue provides negotiating leverage.","action":"Use volume as leverage in next vendor meeting."}],"comparison":null}