{"brand":"WYNK","date_range":"2024-01-01 00:00:00 to 2026-01-31 00:00:00","period_label":"All Time","summary":{"total_units":366,"total_revenue":2107.5,"total_cost":915.0,"total_discounts":180.0,"total_profit":1192.5,"overall_margin":56.599998474121094,"fp_margin":60.0,"disc_margin":44.70000076293945,"pct_full_price":77.69999694824219,"avg_discount_rate":7.900000095367432,"fp_revenue":1637.5,"disc_revenue":470.0,"brand":"WYNK","date_range":"2024-01-01 00:00:00 to 2026-01-31 00:00:00","primary_category":"EDIBLE","store_coverage":"4/7","stores_present":["Elevation Springs","Elevation Mesa","Elevation Oasis","Elevation Boulevard"],"stores_missing":["Elevation Downtown","Elevation Midtown","Elevation Parkway"],"velocity_rank":30,"velocity_total":32},"distribution":[{"store":"Elevation Springs","carries_brand":true,"sku_count":6,"revenue":277.5,"units":56,"store_total_revenue":51138750.0,"brand_share_pct":0.0},{"store":"Elevation Mesa","carries_brand":true,"sku_count":6,"revenue":1035.0,"units":174,"store_total_revenue":47532240.0,"brand_share_pct":0.0},{"store":"Elevation Oasis","carries_brand":true,"sku_count":6,"revenue":456.25,"units":76,"store_total_revenue":56050145.0,"brand_share_pct":0.0},{"store":"Elevation Downtown","carries_brand":false,"sku_count":0,"revenue":0.0,"units":0,"store_total_revenue":1945237.1875,"brand_share_pct":0},{"store":"Elevation Midtown","carries_brand":false,"sku_count":0,"revenue":0.0,"units":0,"store_total_revenue":30850185.0,"brand_share_pct":0},{"store":"Elevation Boulevard","carries_brand":true,"sku_count":4,"revenue":338.75,"units":60,"store_total_revenue":28757865.0,"brand_share_pct":0.0},{"store":"Elevation Parkway","carries_brand":false,"sku_count":0,"revenue":0.0,"units":0,"store_total_revenue":21987007.5,"brand_share_pct":0}],"share_of_category":[{"category":"EDIBLE","brand_revenue":2107.5,"category_revenue":29378492.5,"revenue_share_pct":0.0,"brand_units":366,"category_units":1706530,"units_share_pct":0.0}],"share_of_category_trend":{"EDIBLE":[{"period":"2024-01","brand_revenue":1917.5,"category_revenue":1115754.921875,"share_pct":0.20000000298023224},{"period":"2024-02","brand_revenue":190.0,"category_revenue":1235210.0,"share_pct":0.0},{"period":"2024-03","brand_revenue":0.0,"category_revenue":1273343.671875,"share_pct":0.0},{"period":"2024-04","brand_revenue":0.0,"category_revenue":1298159.0625,"share_pct":0.0},{"period":"2024-05","brand_revenue":0.0,"category_revenue":1215880.78125,"share_pct":0.0},{"period":"2024-06","brand_revenue":0.0,"category_revenue":1181362.421875,"share_pct":0.0},{"period":"2024-07","brand_revenue":0.0,"category_revenue":1128302.8125,"share_pct":0.0},{"period":"2024-08","brand_revenue":0.0,"category_revenue":1167724.921875,"share_pct":0.0},{"period":"2024-09","brand_revenue":0.0,"category_revenue":1114619.53125,"share_pct":0.0},{"period":"2024-10","brand_revenue":0.0,"category_revenue":1205149.0625,"share_pct":0.0},{"period":"2024-11","brand_revenue":0.0,"category_revenue":1236132.421875,"share_pct":0.0},{"period":"2024-12","brand_revenue":0.0,"category_revenue":1207318.046875,"share_pct":0.0},{"period":"2025-01","brand_revenue":0.0,"category_revenue":1176202.578125,"share_pct":0.0},{"period":"2025-02","brand_revenue":0.0,"category_revenue":1097683.359375,"share_pct":0.0},{"period":"2025-03","brand_revenue":0.0,"category_revenue":1228067.265625,"share_pct":0.0},{"period":"2025-04","brand_revenue":0.0,"category_revenue":1290106.171875,"share_pct":0.0},{"period":"2025-05","brand_revenue":0.0,"category_revenue":1191670.3125,"share_pct":0.0},{"period":"2025-06","brand_revenue":0.0,"category_revenue":1110702.109375,"share_pct":0.0},{"period":"2025-07","brand_revenue":0.0,"category_revenue":1096938.125,"share_pct":0.0},{"period":"2025-08","brand_revenue":0.0,"category_revenue":1145920.859375,"share_pct":0.0},{"period":"2025-09","brand_revenue":0.0,"category_revenue":1070074.53125,"share_pct":0.0},{"period":"2025-10","brand_revenue":0.0,"category_revenue":1168865.78125,"share_pct":0.0},{"period":"2025-11","brand_revenue":0.0,"category_revenue":1192334.453125,"share_pct":0.0},{"period":"2025-12","brand_revenue":0.0,"category_revenue":1138094.375,"share_pct":0.0},{"period":"2026-01","brand_revenue":0.0,"category_revenue":1092874.21875,"share_pct":0.0}]},"velocity_by_category":[{"category":"EDIBLE","brand_units_per_day":0.48,"category_avg_units_per_day":69.98,"velocity_index":0.7,"brand_rev_per_unit":4.61,"category_rev_per_unit":13.77,"brands_in_category":32}],"store_gaps":[{"store":"Elevation Midtown","category":"EDIBLE","category_revenue_at_store":4759505.625,"opportunity":"Brand not carried"},{"store":"Elevation Parkway","category":"EDIBLE","category_revenue_at_store":3389549.375,"opportunity":"Brand not carried"},{"store":"Elevation Downtown","category":"EDIBLE","category_revenue_at_store":354431.015625,"opportunity":"Brand not carried"}],"product_mix":{"top":[{"product":"1:1 THC/CBD LIME TWIST SELTZER - WYNK","units":154,"revenue":876.25,"cost":385.0,"profit":491.25,"stores":4,"transactions":66,"margin":56.099998474121094},{"product":"1:1 THC/CBD JUICY MANGO SELTZER - WYNK","units":116,"revenue":673.75,"cost":290.0,"profit":383.75,"stores":4,"transactions":62,"margin":57.0},{"product":"1:1 THC/CBD BLACK CHERRY FIZZ SELTZER - WYNK","units":96,"revenue":557.5,"cost":240.0,"profit":317.5,"stores":3,"transactions":52,"margin":57.0}],"bottom":[],"expansion":[{"product":"1:1 THC/CBD BLACK CHERRY FIZZ SELTZER - WYNK","current_stores":3,"total_stores":4,"missing_stores":["Elevation Boulevard"],"revenue":557.5}]},"pricing_consistency":[{"product":"1:1 THC/CBD LIME TWIST SELTZER - WYNK","min_price":9.342105263157896,"max_price":12.5,"avg_price":11.462128879892038,"std_dev":0.573645403547334,"store_count":8,"price_range":3.1578947368421053,"range_pct":27.6},{"product":"1:1 THC/CBD JUICY MANGO SELTZER - WYNK","min_price":10.625,"max_price":12.159090909090908,"avg_price":11.441930465367967,"std_dev":0.30712870065403713,"store_count":8,"price_range":1.5340909090909083,"range_pct":13.4},{"product":"1:1 THC/CBD BLACK CHERRY FIZZ SELTZER - WYNK","min_price":11.25,"max_price":11.71875,"avg_price":11.528799019607845,"std_dev":0.09867289085000336,"store_count":6,"price_range":0.46875,"range_pct":4.1}],"promotional_effectiveness":{"lift":{"fp_units_per_day":11.4,"disc_units_per_day":6.94,"lift_pct":-39.1,"fp_avg_revenue_per_unit":12.5,"disc_avg_revenue_per_unit":9.05},"by_deal":[{"deal_name":"Industry - 30% Off","uses":8,"revenue":210.0,"discounts":90.0,"units":48.0,"cost":120.0,"margin":42.9,"discount_depth":60.0},{"deal_name":"Veterans - 10% Off","uses":1,"revenue":11.25,"discounts":1.25,"units":2.0,"cost":5.0,"margin":55.6,"discount_depth":20.0}]},"growth_opportunities":[{"type":"distribution","title":"Expand to Elevation Downtown","detail":"Store has $141,772 in EDIBLE \u2014 categories where WYNK competes.","priority":"high"},{"type":"distribution","title":"Expand to Elevation Midtown","detail":"Store has $1,903,802 in EDIBLE \u2014 categories where WYNK competes.","priority":"high"},{"type":"distribution","title":"Expand to Elevation Parkway","detail":"Store has $1,355,820 in EDIBLE \u2014 categories where WYNK competes.","priority":"high"},{"type":"sku_expansion","title":"Add '1:1 THC/CBD BLACK CHERRY FIZZ SELTZER - WYNK' to 1 more store(s)","detail":"Carried in 3 stores. Missing from: Elevation Boulevard","priority":"medium"},{"type":"velocity","title":"Improve velocity in EDIBLE","detail":"Velocity index 1 (below category average). 0.2 units/day vs 35.0 avg.","priority":"medium"}],"trend":[{"period":"2024-01","revenue":1917.5,"cost":830.0,"margin":56.7,"units":332,"transactions":116,"profit":1087.5,"revenue_change_pct":null,"units_change_pct":null,"margin_change_pts":null},{"period":"2024-02","revenue":190.0,"cost":85.0,"margin":55.3,"units":34,"transactions":10,"profit":105.0,"revenue_change_pct":-90.1,"units_change_pct":-89.8,"margin_change_pts":-1.5}]}