{"brand":"WYNK","date_range":"2024-01-01 00:00:00 to 2026-01-31 00:00:00","period_label":"All Time","summary":{"total_units":183,"total_revenue":843.0,"total_cost":366.0,"total_discounts":72.0,"total_profit":477.0,"overall_margin":56.599998474121094,"fp_margin":60.0,"disc_margin":44.70000076293945,"pct_full_price":77.69999694824219,"avg_discount_rate":7.900000095367432,"fp_revenue":655.0,"disc_revenue":188.0,"unique_customers":53,"brand":"WYNK","date_range":"2024-01-01 00:00:00 to 2026-01-31 00:00:00","months_count":2,"avg_monthly_cost":183.0,"cost_per_unit":2.0,"primary_category":"EDIBLE","primary_cat_margin":50.0,"category_rank":30,"category_total":32,"margin_vs_category":6.599999904632568,"velocity_rank":30},"category_breakdown":[{"category_clean":"EDIBLE","units":183,"revenue":843.0,"cost":366.0,"profit":477.0,"discounts":72.0,"margin":56.599998474121094,"category_avg_margin":50.0,"vs_category":6.6,"rank":30.0,"total_brands":32.0}],"trend":[{"period":"2024-01","revenue":767.0,"cost":332.0,"margin":56.7,"units":166,"transactions":58,"profit":435.0,"revenue_change_pct":null,"units_change_pct":null,"margin_change_pts":null},{"period":"2024-02","revenue":76.0,"cost":34.0,"margin":55.3,"units":17,"transactions":5,"profit":42.0,"revenue_change_pct":-90.1,"units_change_pct":-89.8,"margin_change_pts":-1.5}],"share_of_category":[{"category":"EDIBLE","brand_revenue":843.0,"category_revenue":11751397.0,"revenue_share_pct":0.0,"brand_units":183,"category_units":853265,"units_share_pct":0.0}],"share_of_category_trend":{"EDIBLE":[{"period":"2024-01","brand_revenue":767.0,"category_revenue":446301.96875,"share_pct":0.20000000298023224},{"period":"2024-02","brand_revenue":76.0,"category_revenue":494084.0,"share_pct":0.0},{"period":"2024-03","brand_revenue":0.0,"category_revenue":509337.46875,"share_pct":0.0},{"period":"2024-04","brand_revenue":0.0,"category_revenue":519263.625,"share_pct":0.0},{"period":"2024-05","brand_revenue":0.0,"category_revenue":486352.3125,"share_pct":0.0},{"period":"2024-06","brand_revenue":0.0,"category_revenue":472544.96875,"share_pct":0.0},{"period":"2024-07","brand_revenue":0.0,"category_revenue":451321.125,"share_pct":0.0},{"period":"2024-08","brand_revenue":0.0,"category_revenue":467089.96875,"share_pct":0.0},{"period":"2024-09","brand_revenue":0.0,"category_revenue":445847.8125,"share_pct":0.0},{"period":"2024-10","brand_revenue":0.0,"category_revenue":482059.625,"share_pct":0.0},{"period":"2024-11","brand_revenue":0.0,"category_revenue":494452.96875,"share_pct":0.0},{"period":"2024-12","brand_revenue":0.0,"category_revenue":482927.21875,"share_pct":0.0},{"period":"2025-01","brand_revenue":0.0,"category_revenue":470481.03125,"share_pct":0.0},{"period":"2025-02","brand_revenue":0.0,"category_revenue":439073.34375,"share_pct":0.0},{"period":"2025-03","brand_revenue":0.0,"category_revenue":491226.90625,"share_pct":0.0},{"period":"2025-04","brand_revenue":0.0,"category_revenue":516042.46875,"share_pct":0.0},{"period":"2025-05","brand_revenue":0.0,"category_revenue":476668.125,"share_pct":0.0},{"period":"2025-06","brand_revenue":0.0,"category_revenue":444280.84375,"share_pct":0.0},{"period":"2025-07","brand_revenue":0.0,"category_revenue":438775.25,"share_pct":0.0},{"period":"2025-08","brand_revenue":0.0,"category_revenue":458368.34375,"share_pct":0.0},{"period":"2025-09","brand_revenue":0.0,"category_revenue":428029.8125,"share_pct":0.0},{"period":"2025-10","brand_revenue":0.0,"category_revenue":467546.3125,"share_pct":0.0},{"period":"2025-11","brand_revenue":0.0,"category_revenue":476933.78125,"share_pct":0.0},{"period":"2025-12","brand_revenue":0.0,"category_revenue":455237.75,"share_pct":0.0},{"period":"2026-01","brand_revenue":0.0,"category_revenue":437149.6875,"share_pct":0.0}]},"discount_depth":[{"tier":"0% (Full Price)","transactions":66,"pct_of_transactions":73.3,"revenue":655.0,"avg_discount":0.0},{"tier":"1-10%","transactions":6,"pct_of_transactions":6.7,"revenue":36.0,"avg_discount":10.0},{"tier":"11-20%","transactions":2,"pct_of_transactions":2.2,"revenue":16.0,"avg_discount":20.0},{"tier":"21-30%","transactions":0,"pct_of_transactions":0.0,"revenue":0.0,"avg_discount":0},{"tier":"31%+","transactions":1,"pct_of_transactions":1.1,"revenue":10.0,"avg_discount":50.0}],"velocity":{"units_per_day":4.36,"revenue_per_day":20.06999969482422,"avg_units_per_txn":2.9,"days_of_data":42,"total_units":183,"total_transactions":63},"velocity_by_category":[{"category":"EDIBLE","brand_units_per_day":0.24,"category_avg_units_per_day":34.99,"velocity_index":0.7,"brand_rev_per_unit":4.61,"category_rev_per_unit":13.77,"brands_in_category":32}],"deals":[{"deal_name":"Industry - 30% Off","times_used":8,"units":24.0,"revenue":84.0,"discounts":36.0,"cost":48.0,"profit":36.0,"pre_discount_revenue":120.0,"margin":42.9,"avg_discount":30.0},{"deal_name":"Veterans - 10% Off","times_used":1,"units":1.0,"revenue":4.5,"discounts":0.5,"cost":2.0,"profit":2.5,"pre_discount_revenue":5.0,"margin":55.6,"avg_discount":10.0}],"top_products":[{"product":"1:1 THC/CBD LIME TWIST SELTZER - WYNK","units":77,"revenue":350.5,"cost":154.0,"profit":196.5,"transactions":33,"margin":56.099998474121094},{"product":"1:1 THC/CBD JUICY MANGO SELTZER - WYNK","units":58,"revenue":269.5,"cost":116.0,"profit":153.5,"transactions":31,"margin":57.0},{"product":"1:1 THC/CBD BLACK CHERRY FIZZ SELTZER - WYNK","units":48,"revenue":223.0,"cost":96.0,"profit":127.0,"transactions":26,"margin":57.0}],"products_by_store":{"Thrive Cactus":[{"product":"1:1 THC/CBD LIME TWIST SELTZER - WYNK","units":19,"revenue":71.0,"cost":38.0,"profit":33.0,"transactions":7,"margin":46.5},{"product":"1:1 THC/CBD BLACK CHERRY FIZZ SELTZER - WYNK","units":7,"revenue":31.5,"cost":14.0,"profit":17.5,"transactions":5,"margin":55.599998474121094},{"product":"1:1 THC/CBD JUICY MANGO SELTZER - WYNK","units":2,"revenue":8.5,"cost":4.0,"profit":4.5,"transactions":2,"margin":52.900001525878906}],"Thrive Cheyenne":[{"product":"1:1 THC/CBD LIME TWIST SELTZER - WYNK","units":39,"revenue":186.0,"cost":78.0,"profit":108.0,"transactions":15,"margin":58.099998474121094},{"product":"1:1 THC/CBD JUICY MANGO SELTZER - WYNK","units":24,"revenue":115.5,"cost":48.0,"profit":67.5,"transactions":12,"margin":58.400001525878906},{"product":"1:1 THC/CBD BLACK CHERRY FIZZ SELTZER - WYNK","units":24,"revenue":112.5,"cost":48.0,"profit":64.5,"transactions":14,"margin":57.29999923706055}],"Thrive Jackpot":[{"product":"1:1 THC/CBD BLACK CHERRY FIZZ SELTZER - WYNK","units":17,"revenue":79.0,"cost":34.0,"profit":45.0,"transactions":7,"margin":57.0},{"product":"1:1 THC/CBD JUICY MANGO SELTZER - WYNK","units":11,"revenue":53.5,"cost":22.0,"profit":31.5,"transactions":3,"margin":58.900001525878906},{"product":"1:1 THC/CBD LIME TWIST SELTZER - WYNK","units":10,"revenue":50.0,"cost":20.0,"profit":30.0,"transactions":3,"margin":60.0}],"Thrive Sahara":[{"product":"1:1 THC/CBD JUICY MANGO SELTZER - WYNK","units":21,"revenue":92.0,"cost":42.0,"profit":50.0,"transactions":14,"margin":54.29999923706055},{"product":"1:1 THC/CBD LIME TWIST SELTZER - WYNK","units":9,"revenue":43.5,"cost":18.0,"profit":25.5,"transactions":8,"margin":58.599998474121094}]},"store_summary":[{"store_clean":"Thrive Cheyenne","units":87,"revenue":414.0,"cost":174.0,"profit":240.0,"discounts":21.0,"margin":58.0,"discount_rate":4.800000190734863},{"store_clean":"Thrive Jackpot","units":38,"revenue":182.5,"cost":76.0,"profit":106.5,"discounts":7.5,"margin":58.400001525878906,"discount_rate":3.9000000953674316},{"store_clean":"Thrive Sahara","units":30,"revenue":135.5,"cost":60.0,"profit":75.5,"discounts":14.5,"margin":55.70000076293945,"discount_rate":9.699999809265137},{"store_clean":"Thrive Cactus","units":28,"revenue":111.0,"cost":56.0,"profit":55.0,"discounts":29.0,"margin":49.5,"discount_rate":20.700000762939453}],"recommendations":[],"comparison":null}