{"brand":"ZENGAZ","date_range":"2024-01-01 00:00:00 to 2026-01-31 00:00:00","period_label":"All Time","summary":{"total_units":392,"total_revenue":2398.75,"total_cost":852.2200317382812,"total_discounts":561.25,"total_profit":1546.530029296875,"overall_margin":64.5,"fp_margin":71.5,"disc_margin":56.70000076293945,"pct_full_price":52.599998474121094,"avg_discount_rate":19.0,"fp_revenue":1262.0,"disc_revenue":1136.7501220703125,"brand":"ZENGAZ","date_range":"2024-01-01 00:00:00 to 2026-01-31 00:00:00","primary_category":"ACCESSORY","store_coverage":"4/7","stores_present":["Thrive Cactus","Thrive Jackpot","Thrive Sahara","Thrive Sammy"],"stores_missing":["Thrive Cheyenne","Thrive Main Street","Thrive Reno"],"velocity_rank":13,"velocity_total":136},"distribution":[{"store":"Thrive Cactus","carries_brand":true,"sku_count":1,"revenue":120.04999542236328,"units":20,"store_total_revenue":20455500.0,"brand_share_pct":0.0},{"store":"Thrive Cheyenne","carries_brand":false,"sku_count":0,"revenue":0,"units":0,"store_total_revenue":19012896.0,"brand_share_pct":0},{"store":"Thrive Jackpot","carries_brand":true,"sku_count":1,"revenue":273.70001220703125,"units":41,"store_total_revenue":22420058.0,"brand_share_pct":0.0},{"store":"Thrive Main Street","carries_brand":false,"sku_count":0,"revenue":0,"units":0,"store_total_revenue":778094.875,"brand_share_pct":0},{"store":"Thrive Reno","carries_brand":false,"sku_count":0,"revenue":0,"units":0,"store_total_revenue":12340074.0,"brand_share_pct":0},{"store":"Thrive Sahara","carries_brand":true,"sku_count":2,"revenue":1834.5001220703125,"units":312,"store_total_revenue":11503146.0,"brand_share_pct":0.0},{"store":"Thrive Sammy","carries_brand":true,"sku_count":1,"revenue":170.5,"units":19,"store_total_revenue":8794803.0,"brand_share_pct":0.0}],"share_of_category":[{"category":"ACCESSORY","brand_revenue":2398.75,"category_revenue":1651501.625,"revenue_share_pct":0.10000000149011612,"brand_units":392,"category_units":1065048,"units_share_pct":0.0}],"share_of_category_trend":{"ACCESSORY":[{"period":"2024-01","brand_revenue":127.4000015258789,"category_revenue":61417.578125,"share_pct":0.20000000298023224},{"period":"2024-02","brand_revenue":336.0,"category_revenue":60959.7890625,"share_pct":0.6000000238418579},{"period":"2024-03","brand_revenue":445.8999938964844,"category_revenue":61871.55078125,"share_pct":0.699999988079071},{"period":"2024-04","brand_revenue":219.8000030517578,"category_revenue":65341.4609375,"share_pct":0.30000001192092896},{"period":"2024-05","brand_revenue":171.0,"category_revenue":71870.578125,"share_pct":0.20000000298023224},{"period":"2024-06","brand_revenue":107.0999984741211,"category_revenue":74003.53125,"share_pct":0.10000000149011612},{"period":"2024-07","brand_revenue":101.0999984741211,"category_revenue":74670.1875,"share_pct":0.10000000149011612},{"period":"2024-08","brand_revenue":212.6999969482422,"category_revenue":72090.53125,"share_pct":0.30000001192092896},{"period":"2024-09","brand_revenue":46.20000076293945,"category_revenue":64954.51953125,"share_pct":0.10000000149011612},{"period":"2024-10","brand_revenue":60.900001525878906,"category_revenue":66435.4921875,"share_pct":0.10000000149011612},{"period":"2024-11","brand_revenue":53.20000076293945,"category_revenue":68682.4375,"share_pct":0.10000000149011612},{"period":"2024-12","brand_revenue":0.0,"category_revenue":70600.8125,"share_pct":0.0},{"period":"2025-01","brand_revenue":56.0,"category_revenue":66904.5390625,"share_pct":0.10000000149011612},{"period":"2025-02","brand_revenue":136.0,"category_revenue":62104.37109375,"share_pct":0.20000000298023224},{"period":"2025-03","brand_revenue":70.0,"category_revenue":70568.15625,"share_pct":0.10000000149011612},{"period":"2025-04","brand_revenue":52.5,"category_revenue":73077.9296875,"share_pct":0.10000000149011612},{"period":"2025-05","brand_revenue":36.0,"category_revenue":71961.796875,"share_pct":0.10000000149011612},{"period":"2025-06","brand_revenue":99.05000305175781,"category_revenue":64459.5,"share_pct":0.20000000298023224},{"period":"2025-07","brand_revenue":42.0,"category_revenue":66219.921875,"share_pct":0.10000000149011612},{"period":"2025-08","brand_revenue":0.0,"category_revenue":68700.8203125,"share_pct":0.0},{"period":"2025-09","brand_revenue":0.0,"category_revenue":67279.578125,"share_pct":0.0},{"period":"2025-10","brand_revenue":7.0,"category_revenue":68737.8203125,"share_pct":0.0},{"period":"2025-11","brand_revenue":0.0,"category_revenue":69135.8984375,"share_pct":0.0},{"period":"2025-12","brand_revenue":0.0,"category_revenue":56781.94921875,"share_pct":0.0},{"period":"2026-01","brand_revenue":18.899999618530273,"category_revenue":32670.859375,"share_pct":0.10000000149011612}]},"velocity_by_category":[{"category":"ACCESSORY","brand_units_per_day":0.51,"category_avg_units_per_day":10.28,"velocity_index":5.0,"brand_rev_per_unit":6.12,"category_rev_per_unit":1.55,"brands_in_category":136}],"store_gaps":[{"store":"Thrive Reno","category":"ACCESSORY","category_revenue_at_store":318626.5,"opportunity":"Brand not carried"},{"store":"Thrive Cheyenne","category":"ACCESSORY","category_revenue_at_store":221087.65625,"opportunity":"Brand not carried"},{"store":"Thrive Main Street","category":"ACCESSORY","category_revenue_at_store":24615.880859375,"opportunity":"Brand not carried"}],"product_mix":{"top":[{"product":"$7 Torch Lighter","units":320,"revenue":1849.75,"cost":687.3400268554688,"profit":1162.4100341796875,"stores":3,"transactions":278,"margin":62.79999923706055},{"product":"$10 ZENGAZ TOURCH","units":72,"revenue":549.0,"cost":164.8800048828125,"profit":384.1199951171875,"stores":2,"transactions":63,"margin":70.0}],"bottom":[],"expansion":[{"product":"$7 Torch Lighter","current_stores":3,"total_stores":4,"missing_stores":["Thrive Sammy"],"revenue":1849.75},{"product":"$10 ZENGAZ TOURCH","current_stores":2,"total_stores":4,"missing_stores":["Thrive Cactus","Thrive Jackpot"],"revenue":549.0}]},"pricing_consistency":[{"product":"$10 ZENGAZ TOURCH","min_price":7.1415094339622645,"max_price":8.973684210526315,"avg_price":8.057596822244289,"std_dev":1.2955432088273884,"store_count":2,"price_range":1.8321747765640506,"range_pct":22.7},{"product":"$7 Torch Lighter","min_price":5.62162209293557,"max_price":6.675610053830031,"avg_price":6.099910639294588,"std_dev":0.5337033945524233,"store_count":3,"price_range":1.0539879608944611,"range_pct":17.3}],"promotional_effectiveness":{"lift":{"fp_units_per_day":1.42,"disc_units_per_day":1.64,"lift_pct":16.1,"fp_avg_revenue_per_unit":7.42,"disc_avg_revenue_per_unit":5.12},"by_deal":[{"deal_name":"Industry - 30% Off","uses":78,"revenue":465.5000058412552,"discounts":214.49999380111694,"units":89.0,"cost":200.24999928474426,"margin":57.0,"discount_depth":31.5},{"deal_name":"Senior - 10% Off","uses":7,"revenue":50.400001525878906,"discounts":5.599999904632568,"units":8.0,"cost":15.72000002861023,"margin":68.8,"discount_depth":10.0},{"deal_name":"Veterans - 10% Off","uses":7,"revenue":53.10000133514404,"discounts":5.899999916553497,"units":8.0,"cost":16.519999980926514,"margin":68.9,"discount_depth":10.0},{"deal_name":"Industry 30% Off","uses":4,"revenue":29.40000057220459,"discounts":12.59999942779541,"units":6.0,"cost":13.5,"margin":54.1,"discount_depth":30.0},{"deal_name":"Jackpot - Locals 30% Off","uses":2,"revenue":9.800000190734863,"discounts":4.199999809265137,"units":2.0,"cost":2.4800000190734863,"margin":74.7,"discount_depth":30.0},{"deal_name":"Senior / Veterans - 20% Off","uses":2,"revenue":11.199999809265137,"discounts":2.799999952316284,"units":2.0,"cost":2.9800000190734863,"margin":73.4,"discount_depth":20.0}]},"growth_opportunities":[{"type":"distribution","title":"Expand to Thrive Cheyenne","detail":"Store has $221,088 in ACCESSORY \u2014 categories where ZENGAZ competes.","priority":"high"},{"type":"distribution","title":"Expand to Thrive Main Street","detail":"Store has $24,616 in ACCESSORY \u2014 categories where ZENGAZ competes.","priority":"high"},{"type":"distribution","title":"Expand to Thrive Reno","detail":"Store has $318,626 in ACCESSORY \u2014 categories where ZENGAZ competes.","priority":"high"},{"type":"sku_expansion","title":"Add '$10 ZENGAZ TOURCH' to 2 more store(s)","detail":"Carried in 2 stores. Missing from: Thrive Cactus, Thrive Jackpot","priority":"medium"},{"type":"sku_expansion","title":"Add '$7 Torch Lighter' to 1 more store(s)","detail":"Carried in 3 stores. Missing from: Thrive Sammy","priority":"medium"},{"type":"velocity","title":"Improve velocity in ACCESSORY","detail":"Velocity index 5 (below category average). 0.5 units/day vs 10.3 avg.","priority":"medium"}],"trend":[{"period":"2024-01","revenue":127.4000015258789,"cost":56.97999954223633,"margin":55.3,"units":26,"transactions":20,"profit":70.41999816894531,"revenue_change_pct":null,"units_change_pct":null,"margin_change_pts":null},{"period":"2024-02","revenue":336.0,"cost":121.41000366210938,"margin":63.9,"units":57,"transactions":52,"profit":214.58999633789062,"revenue_change_pct":163.7,"units_change_pct":119.2,"margin_change_pts":8.6},{"period":"2024-03","revenue":445.8999938964844,"cost":171.6699981689453,"margin":61.5,"units":79,"transactions":65,"profit":274.2300109863281,"revenue_change_pct":32.7,"units_change_pct":38.6,"margin_change_pts":-2.4},{"period":"2024-04","revenue":219.8000030517578,"cost":74.16000366210938,"margin":66.3,"units":36,"transactions":34,"profit":145.63999938964844,"revenue_change_pct":-50.7,"units_change_pct":-54.4,"margin_change_pts":4.8},{"period":"2024-05","revenue":171.0,"cost":62.23999786376953,"margin":63.6,"units":28,"transactions":25,"profit":108.76000213623047,"revenue_change_pct":-22.2,"units_change_pct":-22.2,"margin_change_pts":-2.7},{"period":"2024-06","revenue":107.0999984741211,"cost":38.97999954223633,"margin":63.6,"units":18,"transactions":17,"profit":68.12000274658203,"revenue_change_pct":-37.4,"units_change_pct":-35.7,"margin_change_pts":0.0},{"period":"2024-07","revenue":101.0999984741211,"cost":30.939998626708984,"margin":69.4,"units":14,"transactions":13,"profit":70.16000366210938,"revenue_change_pct":-5.6,"units_change_pct":-22.2,"margin_change_pts":5.8},{"period":"2024-08","revenue":212.6999969482422,"cost":61.25,"margin":71.2,"units":29,"transactions":24,"profit":151.4499969482422,"revenue_change_pct":110.4,"units_change_pct":107.1,"margin_change_pts":1.8},{"period":"2024-09","revenue":46.20000076293945,"cost":22.5,"margin":51.3,"units":10,"transactions":5,"profit":23.700000762939453,"revenue_change_pct":-78.3,"units_change_pct":-65.5,"margin_change_pts":-19.9},{"period":"2024-10","revenue":60.900001525878906,"cost":24.75,"margin":59.4,"units":11,"transactions":11,"profit":36.150001525878906,"revenue_change_pct":31.8,"units_change_pct":10.0,"margin_change_pts":8.1},{"period":"2024-11","revenue":53.20000076293945,"cost":18.0,"margin":66.2,"units":8,"transactions":8,"profit":35.20000076293945,"revenue_change_pct":-12.6,"units_change_pct":-27.3,"margin_change_pts":6.8},{"period":"2025-01","revenue":56.0,"cost":20.610000610351562,"margin":63.2,"units":9,"transactions":8,"profit":35.38999938964844,"revenue_change_pct":5.3,"units_change_pct":12.5,"margin_change_pts":-3.0},{"period":"2025-02","revenue":136.0,"cost":43.5099983215332,"margin":68.0,"units":19,"transactions":15,"profit":92.48999786376953,"revenue_change_pct":142.9,"units_change_pct":111.1,"margin_change_pts":4.8},{"period":"2025-03","revenue":70.0,"cost":20.610000610351562,"margin":70.6,"units":9,"transactions":9,"profit":49.38999938964844,"revenue_change_pct":-48.5,"units_change_pct":-52.6,"margin_change_pts":2.5},{"period":"2025-04","revenue":52.5,"cost":16.029998779296875,"margin":69.5,"units":7,"transactions":7,"profit":36.470001220703125,"revenue_change_pct":-25.0,"units_change_pct":-22.2,"margin_change_pts":-1.1},{"period":"2025-05","revenue":36.0,"cost":11.40999984741211,"margin":68.3,"units":5,"transactions":5,"profit":24.59000015258789,"revenue_change_pct":-31.4,"units_change_pct":-28.6,"margin_change_pts":-1.2},{"period":"2025-06","revenue":99.05000305175781,"cost":38.25,"margin":61.4,"units":17,"transactions":15,"profit":60.79999923706055,"revenue_change_pct":175.1,"units_change_pct":240.0,"margin_change_pts":-6.9},{"period":"2025-07","revenue":42.0,"cost":13.699999809265137,"margin":67.4,"units":6,"transactions":4,"profit":28.299999237060547,"revenue_change_pct":-57.6,"units_change_pct":-64.7,"margin_change_pts":6.0},{"period":"2025-10","revenue":7.0,"cost":2.25,"margin":67.9,"units":1,"transactions":1,"profit":4.75,"revenue_change_pct":-83.3,"units_change_pct":-83.3,"margin_change_pts":0.5},{"period":"2026-01","revenue":18.899999618530273,"cost":2.9700000286102295,"margin":84.3,"units":3,"transactions":3,"profit":15.930000305175781,"revenue_change_pct":170.0,"units_change_pct":200.0,"margin_change_pts":16.4}]}