{"brand":"SUPERIOR","date_range":"2024-01-01 00:00:00 to 2026-01-31 00:00:00","period_label":"All Time","summary":{"total_units":13270,"total_revenue":397679.5703125,"total_cost":153208.017578125,"total_discounts":99945.44921875,"total_profit":244471.5234375,"overall_margin":61.5,"fp_margin":69.0,"disc_margin":59.5,"pct_full_price":20.799999237060547,"avg_discount_rate":20.100000381469727,"fp_revenue":82875.0,"disc_revenue":314804.5703125,"brand":"SUPERIOR","date_range":"2024-01-01 00:00:00 to 2026-01-31 00:00:00","primary_category":"FLOWER","store_coverage":"6/7","stores_present":["Elevation Springs","Elevation Mesa","Elevation Oasis","Elevation Midtown","Elevation Boulevard","Elevation Parkway"],"stores_missing":["Elevation Downtown"],"velocity_rank":31,"velocity_total":64},"distribution":[{"store":"Elevation Springs","carries_brand":true,"sku_count":16,"revenue":94433.0078125,"units":3208,"store_total_revenue":51138750.0,"brand_share_pct":0.20000000298023224},{"store":"Elevation Mesa","carries_brand":true,"sku_count":16,"revenue":81385.380859375,"units":2728,"store_total_revenue":47532240.0,"brand_share_pct":0.20000000298023224},{"store":"Elevation Oasis","carries_brand":true,"sku_count":18,"revenue":93091.25,"units":3054,"store_total_revenue":56050145.0,"brand_share_pct":0.20000000298023224},{"store":"Elevation Downtown","carries_brand":false,"sku_count":0,"revenue":0.0,"units":0,"store_total_revenue":1945237.1875,"brand_share_pct":0},{"store":"Elevation Midtown","carries_brand":true,"sku_count":14,"revenue":47470.126953125,"units":1562,"store_total_revenue":30850185.0,"brand_share_pct":0.20000000298023224},{"store":"Elevation Boulevard","carries_brand":true,"sku_count":18,"revenue":48649.375,"units":1686,"store_total_revenue":28757865.0,"brand_share_pct":0.20000000298023224},{"store":"Elevation Parkway","carries_brand":true,"sku_count":14,"revenue":32650.4248046875,"units":1032,"store_total_revenue":21987007.5,"brand_share_pct":0.10000000149011612}],"share_of_category":[{"category":"FLOWER","brand_revenue":397679.5703125,"category_revenue":77755450.0,"revenue_share_pct":0.5,"brand_units":13270,"category_units":2708446,"units_share_pct":0.5}],"share_of_category_trend":{"FLOWER":[{"period":"2024-01","brand_revenue":0.0,"category_revenue":3552357.8125,"share_pct":0.0},{"period":"2024-02","brand_revenue":0.0,"category_revenue":3535245.625,"share_pct":0.0},{"period":"2024-03","brand_revenue":0.0,"category_revenue":3693805.625,"share_pct":0.0},{"period":"2024-04","brand_revenue":0.0,"category_revenue":3541899.6875,"share_pct":0.0},{"period":"2024-05","brand_revenue":0.0,"category_revenue":3537479.375,"share_pct":0.0},{"period":"2024-06","brand_revenue":0.0,"category_revenue":3403269.6875,"share_pct":0.0},{"period":"2024-07","brand_revenue":0.0,"category_revenue":3457705.9375,"share_pct":0.0},{"period":"2024-08","brand_revenue":0.0,"category_revenue":3453819.375,"share_pct":0.0},{"period":"2024-09","brand_revenue":0.0,"category_revenue":3316441.5625,"share_pct":0.0},{"period":"2024-10","brand_revenue":0.0,"category_revenue":3585775.0,"share_pct":0.0},{"period":"2024-11","brand_revenue":0.0,"category_revenue":3454855.3125,"share_pct":0.0},{"period":"2024-12","brand_revenue":0.0,"category_revenue":3226567.8125,"share_pct":0.0},{"period":"2025-01","brand_revenue":0.0,"category_revenue":2984938.125,"share_pct":0.0},{"period":"2025-02","brand_revenue":0.0,"category_revenue":2816220.0,"share_pct":0.0},{"period":"2025-03","brand_revenue":0.0,"category_revenue":2911379.6875,"share_pct":0.0},{"period":"2025-04","brand_revenue":18125.999755859375,"category_revenue":3118895.3125,"share_pct":0.6000000238418579},{"period":"2025-05","brand_revenue":24817.0751953125,"category_revenue":2887345.0,"share_pct":0.8999999761581421},{"period":"2025-06","brand_revenue":49023.7255859375,"category_revenue":2773698.125,"share_pct":1.7999999523162842},{"period":"2025-07","brand_revenue":36153.75,"category_revenue":2782763.125,"share_pct":1.2999999523162842},{"period":"2025-08","brand_revenue":49646.15234375,"category_revenue":2733122.8125,"share_pct":1.7999999523162842},{"period":"2025-09","brand_revenue":14947.900390625,"category_revenue":2603501.5625,"share_pct":0.6000000238418579},{"period":"2025-10","brand_revenue":50168.1494140625,"category_revenue":2663705.0,"share_pct":1.899999976158142},{"period":"2025-11","brand_revenue":74687.6513671875,"category_revenue":2700189.0625,"share_pct":2.799999952316284},{"period":"2025-12","brand_revenue":33543.92578125,"category_revenue":2515209.53125,"share_pct":1.2999999523162842},{"period":"2026-01","brand_revenue":46565.224609375,"category_revenue":2505261.875,"share_pct":1.899999976158142}]},"velocity_by_category":[{"category":"FLOWER","brand_units_per_day":17.42,"category_avg_units_per_day":55.54,"velocity_index":31.4,"brand_rev_per_unit":23.97,"category_rev_per_unit":22.97,"brands_in_category":64}],"store_gaps":[{"store":"Elevation Downtown","category":"FLOWER","category_revenue_at_store":324929.8828125,"opportunity":"Brand not carried"}],"product_mix":{"top":[{"product":"HAWAIIAN PUNCH EIGHTH - SUPERIOR","units":3724,"revenue":112636.826171875,"cost":43352.421875,"profit":69284.3994140625,"stores":6,"transactions":3012,"margin":61.5},{"product":"ALIEN MOON PIE EIGHTH - SUPERIOR","units":2990,"revenue":87064.82421875,"cost":33844.599609375,"profit":53220.224609375,"stores":6,"transactions":2370,"margin":61.099998474121094},{"product":"SUPER LEMON HAZE EIGHTH - SUPERIOR","units":2144,"revenue":67768.4765625,"cost":25505.6982421875,"profit":42262.7734375,"stores":6,"transactions":1696,"margin":62.400001525878906},{"product":"GARLIC MINTS EIGHTH - SUPERIOR","units":2196,"revenue":64778.349609375,"cost":24423.5986328125,"profit":40354.7509765625,"stores":6,"transactions":1764,"margin":62.29999923706055},{"product":"ZOAP EIGHTH - SUPERIOR","units":668,"revenue":18892.325439453125,"cost":8183.824462890625,"profit":10708.499755859375,"stores":6,"transactions":584,"margin":56.70000076293945},{"product":"LEFTOVERS EIGHTH - SUPERIOR","units":502,"revenue":15071.925048828125,"cost":5645.899658203125,"profit":9426.024780273438,"stores":6,"transactions":446,"margin":62.5},{"product":"FRANKENSTEIN EIGHTH - SUPERIOR","units":502,"revenue":14927.249755859375,"cost":5646.35009765625,"profit":9280.900268554688,"stores":6,"transactions":408,"margin":62.20000076293945},{"product":"PAPAYA EIGHTH - SUPERIOR","units":394,"revenue":12059.5751953125,"cost":4920.0,"profit":7139.5751953125,"stores":4,"transactions":328,"margin":59.20000076293945},{"product":"PINEAPPLE CHUNK EIGHTH - SUPERIOR","units":100,"revenue":3060.0,"cost":1123.75,"profit":1936.25,"stores":1,"transactions":68,"margin":63.29999923706055},{"product":"GARLIC MINTS #2 EIGHTH - SUPERIOR","units":50,"revenue":1420.0,"cost":561.875,"profit":858.125,"stores":1,"transactions":44,"margin":60.400001525878906}],"bottom":[],"expansion":[{"product":"PAPAYA EIGHTH - SUPERIOR","current_stores":4,"total_stores":6,"missing_stores":["Elevation Midtown","Elevation Parkway"],"revenue":12059.5751953125}]},"pricing_consistency":[{"product":"ZOAP EIGHTH - SUPERIOR","min_price":50.55555555555556,"max_price":62.736486486486484,"avg_price":57.831921391706196,"std_dev":1.772477388097722,"store_count":12,"price_range":12.180930930930929,"range_pct":21.1},{"product":"LEFTOVERS EIGHTH - SUPERIOR","min_price":55.35,"max_price":66.29807692307692,"avg_price":60.156095299353964,"std_dev":1.7865687564260528,"store_count":12,"price_range":10.948076923076924,"range_pct":18.2},{"product":"FRANKENSTEIN EIGHTH - SUPERIOR","min_price":53.46774193548387,"max_price":62.41071428571429,"avg_price":58.74830545378422,"std_dev":1.3546994823144005,"store_count":12,"price_range":8.942972350230418,"range_pct":15.2},{"product":"PAPAYA EIGHTH - SUPERIOR","min_price":57.72092235331633,"max_price":65.8,"avg_price":61.19168892166242,"std_dev":1.3456219842966817,"store_count":8,"price_range":8.07907764668367,"range_pct":13.2},{"product":"ALIEN MOON PIE EIGHTH - SUPERIOR","min_price":54.07834734235492,"max_price":61.29340277777778,"avg_price":58.358996744517704,"std_dev":1.0399690907447525,"store_count":12,"price_range":7.2150554354228635,"range_pct":12.4},{"product":"HAWAIIAN PUNCH EIGHTH - SUPERIOR","min_price":58.88812154696133,"max_price":65.10504201680672,"avg_price":61.143536369220584,"std_dev":0.9314020296325204,"store_count":12,"price_range":6.216920469845393,"range_pct":10.2},{"product":"SUPER LEMON HAZE EIGHTH - SUPERIOR","min_price":59.432217386744966,"max_price":65.02339024697581,"avg_price":63.29907311090661,"std_dev":0.8180041795267408,"store_count":12,"price_range":5.59117286023084,"range_pct":8.8},{"product":"GARLIC MINTS EIGHTH - SUPERIOR","min_price":57.66462053571429,"max_price":61.52960526315789,"avg_price":59.22041289013702,"std_dev":0.6002636735460078,"store_count":12,"price_range":3.8649847274436055,"range_pct":6.5}],"promotional_effectiveness":{"lift":{"fp_units_per_day":8.84,"disc_units_per_day":40.22,"lift_pct":355.0,"fp_avg_revenue_per_unit":75.0,"disc_avg_revenue_per_unit":56.925},"by_deal":[{"deal_name":"Lit4Less - 1/4 for $50","uses":1335,"revenue":138525.0625014305,"discounts":27899.937500953674,"units":4438.0,"cost":50144.07441020012,"margin":63.8,"discount_depth":33.6},{"deal_name":"Industry 30% Off","uses":690,"revenue":49499.59999322891,"discounts":21375.39999961853,"units":1890.0,"cost":21503.67468237877,"margin":56.6,"discount_depth":60.4},{"deal_name":"Superior 1/4 for $50","uses":208,"revenue":28452.5,"discounts":5672.5,"units":910.0,"cost":11358.574633598328,"margin":60.1,"discount_depth":33.2},{"deal_name":"50% Off - G2B","uses":208,"revenue":11182.549998760223,"discounts":11242.450003623962,"units":598.0,"cost":6727.024989128113,"margin":39.8,"discount_depth":100.2},{"deal_name":"Industry - 30% Off","uses":169,"revenue":10342.5,"discounts":4432.5,"units":394.0,"cost":4919.8498821258545,"margin":52.4,"discount_depth":60.0},{"deal_name":"30% Off Special","uses":140,"revenue":8242.5,"discounts":3532.5,"units":314.0,"cost":3711.5499353408813,"margin":55.0,"discount_depth":60.0},{"deal_name":"Employee 30% - NOT FRIDAYS","uses":112,"revenue":7372.229166825613,"discounts":3190.270833174388,"units":281.6666666666667,"cost":3234.649955034256,"margin":56.1,"discount_depth":60.4},{"deal_name":"Senior - 10% Off","uses":95,"revenue":7055.0,"discounts":820.0,"units":210.0,"cost":2434.524948000908,"margin":65.5,"discount_depth":20.8},{"deal_name":"Jackpot - Locals 30% Off","uses":63,"revenue":5145.0,"discounts":2205.0,"units":196.0,"cost":2317.174940109253,"margin":55.0,"discount_depth":60.0},{"deal_name":"Employee - 40% OFF","uses":58,"revenue":3404.000002145767,"discounts":2333.49999666214,"units":153.0,"cost":1751.574974656105,"margin":48.5,"discount_depth":81.4},{"deal_name":"Jackpot Exclusive - 1/2 oz / Full Oz Deal","uses":57,"revenue":6689.0625,"discounts":3773.4375,"units":279.0,"cost":3138.75,"margin":53.1,"discount_depth":72.2},{"deal_name":"Senior / Veterans - 20% Off","uses":55,"revenue":5700.0,"discounts":1425.0,"units":190.0,"cost":2196.149969100952,"margin":61.5,"discount_depth":40.0},{"deal_name":"Veterans - 10% Off","uses":50,"revenue":3442.5,"discounts":382.5,"units":102.0,"cost":1201.4999771118164,"margin":65.1,"discount_depth":20.0},{"deal_name":"LVAC - 25% Off","uses":37,"revenue":2868.75,"discounts":956.25,"units":102.0,"cost":1116.3249856233597,"margin":61.1,"discount_depth":50.0},{"deal_name":"Sunset Flower - Cactus","uses":22,"revenue":1168.75,"discounts":931.25,"units":56.0,"cost":699.2999839782715,"margin":40.2,"discount_depth":88.6},{"deal_name":"Store Credit - $25","uses":16,"revenue":409.4541652997335,"discounts":478.0458347002665,"units":23.666666666666668,"cost":266.25,"margin":35.0,"discount_depth":107.8},{"deal_name":"Sammy Davis Early Bird - 15% Off","uses":10,"revenue":637.5,"discounts":112.5,"units":20.0,"cost":225.0,"margin":64.7,"discount_depth":30.0},{"deal_name":"Medical - 10%","uses":5,"revenue":337.5,"discounts":37.5,"units":10.0,"cost":82.8249990940094,"margin":75.5,"discount_depth":20.0},{"deal_name":"Store Credit - $15","uses":4,"revenue":88.7916668256124,"discounts":86.2083331743876,"units":4.666666666666666,"cost":52.5,"margin":40.9,"discount_depth":98.6},{"deal_name":"Store Credit - $50","uses":3,"revenue":111.22499942779541,"discounts":76.27500057220459,"units":5.0,"cost":56.25,"margin":49.4,"discount_depth":81.4}]},"growth_opportunities":[{"type":"distribution","title":"Expand to Elevation Downtown","detail":"Store has $129,972 in FLOWER \u2014 categories where SUPERIOR competes.","priority":"high"},{"type":"sku_expansion","title":"Add 'PAPAYA EIGHTH - SUPERIOR' to 2 more store(s)","detail":"Carried in 4 stores. Missing from: Elevation Midtown, Elevation Parkway","priority":"medium"},{"type":"velocity","title":"Improve velocity in FLOWER","detail":"Velocity index 31 (below category average). 8.7 units/day vs 27.8 avg.","priority":"medium"}],"trend":[{"period":"2025-04","revenue":18125.999755859375,"cost":7742.249755859375,"margin":57.3,"units":620,"transactions":536,"profit":10383.75,"revenue_change_pct":null,"units_change_pct":null,"margin_change_pts":null},{"period":"2025-05","revenue":24817.0751953125,"cost":10035.974731445312,"margin":59.6,"units":804,"transactions":512,"profit":14781.099853515625,"revenue_change_pct":36.9,"units_change_pct":29.7,"margin_change_pts":2.3},{"period":"2025-06","revenue":49023.7255859375,"cost":19345.77392578125,"margin":60.5,"units":1550,"transactions":1034,"profit":29677.95166015625,"revenue_change_pct":97.5,"units_change_pct":92.8,"margin_change_pts":1.0},{"period":"2025-07","revenue":36153.75,"cost":13854.3994140625,"margin":61.7,"units":1184,"transactions":930,"profit":22299.3505859375,"revenue_change_pct":-26.3,"units_change_pct":-23.6,"margin_change_pts":1.1},{"period":"2025-08","revenue":49646.15234375,"cost":19344.69970703125,"margin":61.0,"units":1704,"transactions":1160,"profit":30301.4501953125,"revenue_change_pct":37.3,"units_change_pct":43.9,"margin_change_pts":-0.6},{"period":"2025-09","revenue":14947.900390625,"cost":5377.974853515625,"margin":64.0,"units":474,"transactions":390,"profit":9569.924926757812,"revenue_change_pct":-69.9,"units_change_pct":-72.2,"margin_change_pts":3.0},{"period":"2025-10","revenue":50168.1494140625,"cost":18312.674560546875,"margin":63.5,"units":1638,"transactions":1178,"profit":31855.47607421875,"revenue_change_pct":235.6,"units_change_pct":245.6,"margin_change_pts":-0.5},{"period":"2025-11","revenue":74687.6513671875,"cost":29654.5751953125,"margin":60.3,"units":2670,"transactions":1846,"profit":45033.076171875,"revenue_change_pct":48.9,"units_change_pct":63.0,"margin_change_pts":-3.2},{"period":"2025-12","revenue":33543.92578125,"cost":12284.3994140625,"margin":63.4,"units":1092,"transactions":754,"profit":21259.52392578125,"revenue_change_pct":-55.1,"units_change_pct":-59.1,"margin_change_pts":3.1},{"period":"2026-01","revenue":46565.224609375,"cost":17255.30029296875,"margin":62.9,"units":1534,"transactions":1102,"profit":29309.92431640625,"revenue_change_pct":38.8,"units_change_pct":40.5,"margin_change_pts":-0.4}]}