{"brand":"OPTIMUM EXTRACTS","date_range":"2024-01-01 00:00:00 to 2026-01-31 00:00:00","period_label":"All Time","summary":{"total_units":114320,"total_revenue":4348948.75,"total_cost":2105303.28125,"total_discounts":1010758.125,"total_profit":2243645.625,"overall_margin":51.599998474121094,"fp_margin":60.20000076293945,"disc_margin":46.20000076293945,"pct_full_price":38.599998474121094,"avg_discount_rate":18.899999618530273,"fp_revenue":1679472.96875,"disc_revenue":2669475.625,"brand":"OPTIMUM EXTRACTS","date_range":"2024-01-01 00:00:00 to 2026-01-31 00:00:00","primary_category":"DISPOSABLE VAPE","store_coverage":"7/7","stores_present":["Elevation Springs","Elevation Mesa","Elevation Oasis","Elevation Downtown","Elevation Midtown","Elevation Boulevard","Elevation Parkway"],"stores_missing":[],"velocity_rank":1,"velocity_total":35},"distribution":[{"store":"Elevation Springs","carries_brand":true,"sku_count":156,"revenue":918400.390625,"units":24642,"store_total_revenue":51138750.0,"brand_share_pct":1.7999999523162842},{"store":"Elevation Mesa","carries_brand":true,"sku_count":156,"revenue":777568.59375,"units":21482,"store_total_revenue":47532240.0,"brand_share_pct":1.600000023841858},{"store":"Elevation Oasis","carries_brand":true,"sku_count":144,"revenue":968437.1875,"units":24824,"store_total_revenue":56050145.0,"brand_share_pct":1.7000000476837158},{"store":"Elevation Downtown","carries_brand":true,"sku_count":66,"revenue":54514.873046875,"units":1348,"store_total_revenue":1945237.1875,"brand_share_pct":2.799999952316284},{"store":"Elevation Midtown","carries_brand":true,"sku_count":142,"revenue":385716.6796875,"units":9824,"store_total_revenue":30850185.0,"brand_share_pct":1.2999999523162842},{"store":"Elevation Boulevard","carries_brand":true,"sku_count":148,"revenue":523186.953125,"units":14506,"store_total_revenue":28757865.0,"brand_share_pct":1.7999999523162842},{"store":"Elevation Parkway","carries_brand":true,"sku_count":152,"revenue":721124.140625,"units":17694,"store_total_revenue":21987007.5,"brand_share_pct":3.299999952316284}],"share_of_category":[{"category":"DISPOSABLE VAPE","brand_revenue":3875648.125,"category_revenue":30552405.0,"revenue_share_pct":12.699999809265137,"brand_units":100826,"category_units":756548,"units_share_pct":13.3},{"category":"CARTRIDGE","brand_revenue":473300.46875,"category_revenue":46155130.0,"revenue_share_pct":1.0,"brand_units":13494,"category_units":1532896,"units_share_pct":0.9}],"share_of_category_trend":{"DISPOSABLE VAPE":[{"period":"2024-01","brand_revenue":0.0,"category_revenue":933474.921875,"share_pct":0.0},{"period":"2024-02","brand_revenue":0.0,"category_revenue":877782.109375,"share_pct":0.0},{"period":"2024-03","brand_revenue":0.0,"category_revenue":990692.03125,"share_pct":0.0},{"period":"2024-04","brand_revenue":0.0,"category_revenue":971952.1875,"share_pct":0.0},{"period":"2024-05","brand_revenue":0.0,"category_revenue":1035100.46875,"share_pct":0.0},{"period":"2024-06","brand_revenue":0.0,"category_revenue":1039794.21875,"share_pct":0.0},{"period":"2024-07","brand_revenue":0.0,"category_revenue":1081636.5625,"share_pct":0.0},{"period":"2024-08","brand_revenue":0.0,"category_revenue":1098658.125,"share_pct":0.0},{"period":"2024-09","brand_revenue":25516.25,"category_revenue":1056394.53125,"share_pct":2.4000000953674316},{"period":"2024-10","brand_revenue":71630.126953125,"category_revenue":1197041.171875,"share_pct":6.0},{"period":"2024-11","brand_revenue":74459.375,"category_revenue":1193980.234375,"share_pct":6.199999809265137},{"period":"2024-12","brand_revenue":147671.845703125,"category_revenue":1222008.984375,"share_pct":12.100000381469727},{"period":"2025-01","brand_revenue":136443.9453125,"category_revenue":1100552.421875,"share_pct":12.399999618530273},{"period":"2025-02","brand_revenue":282494.39453125,"category_revenue":1167271.25,"share_pct":24.200000762939453},{"period":"2025-03","brand_revenue":356012.4609375,"category_revenue":1348856.71875,"share_pct":26.399999618530273},{"period":"2025-04","brand_revenue":376898.515625,"category_revenue":1414639.84375,"share_pct":26.600000381469727},{"period":"2025-05","brand_revenue":329216.9140625,"category_revenue":1460588.4375,"share_pct":22.5},{"period":"2025-06","brand_revenue":328490.9765625,"category_revenue":1320852.96875,"share_pct":24.899999618530273},{"period":"2025-07","brand_revenue":347620.6640625,"category_revenue":1451194.84375,"share_pct":24.0},{"period":"2025-08","brand_revenue":279733.59375,"category_revenue":1403520.625,"share_pct":19.899999618530273},{"period":"2025-09","brand_revenue":230320.8203125,"category_revenue":1317518.125,"share_pct":17.5},{"period":"2025-10","brand_revenue":205503.8671875,"category_revenue":1511693.75,"share_pct":13.600000381469727},{"period":"2025-11","brand_revenue":243010.703125,"category_revenue":1481709.21875,"share_pct":16.399999618530273},{"period":"2025-12","brand_revenue":307046.796875,"category_revenue":1476896.875,"share_pct":20.799999237060547},{"period":"2026-01","brand_revenue":133577.1484375,"category_revenue":1398594.84375,"share_pct":9.600000381469727}],"CARTRIDGE":[{"period":"2024-01","brand_revenue":0.0,"category_revenue":2057675.625,"share_pct":0.0},{"period":"2024-02","brand_revenue":0.0,"category_revenue":2141777.8125,"share_pct":0.0},{"period":"2024-03","brand_revenue":0.0,"category_revenue":2288552.1875,"share_pct":0.0},{"period":"2024-04","brand_revenue":0.0,"category_revenue":2096820.46875,"share_pct":0.0},{"period":"2024-05","brand_revenue":0.0,"category_revenue":2138038.59375,"share_pct":0.0},{"period":"2024-06","brand_revenue":0.0,"category_revenue":2017623.90625,"share_pct":0.0},{"period":"2024-07","brand_revenue":0.0,"category_revenue":2031918.28125,"share_pct":0.0},{"period":"2024-08","brand_revenue":0.0,"category_revenue":2132382.65625,"share_pct":0.0},{"period":"2024-09","brand_revenue":0.0,"category_revenue":1955407.03125,"share_pct":0.0},{"period":"2024-10","brand_revenue":0.0,"category_revenue":2083993.125,"share_pct":0.0},{"period":"2024-11","brand_revenue":0.0,"category_revenue":2038609.375,"share_pct":0.0},{"period":"2024-12","brand_revenue":0.0,"category_revenue":2003932.03125,"share_pct":0.0},{"period":"2025-01","brand_revenue":0.0,"category_revenue":1921719.21875,"share_pct":0.0},{"period":"2025-02","brand_revenue":0.0,"category_revenue":1668647.5,"share_pct":0.0},{"period":"2025-03","brand_revenue":0.0,"category_revenue":1758711.25,"share_pct":0.0},{"period":"2025-04","brand_revenue":0.0,"category_revenue":1735997.5,"share_pct":0.0},{"period":"2025-05","brand_revenue":3348.6749267578125,"category_revenue":1688800.46875,"share_pct":0.20000000298023224},{"period":"2025-06","brand_revenue":53545.6005859375,"category_revenue":1594515.0,"share_pct":3.4000000953674316},{"period":"2025-07","brand_revenue":53091.15234375,"category_revenue":1595739.53125,"share_pct":3.299999952316284},{"period":"2025-08","brand_revenue":56298.9013671875,"category_revenue":1677489.6875,"share_pct":3.4000000953674316},{"period":"2025-09","brand_revenue":64331.77734375,"category_revenue":1539547.96875,"share_pct":4.199999809265137},{"period":"2025-10","brand_revenue":48196.2744140625,"category_revenue":1548909.21875,"share_pct":3.0999999046325684},{"period":"2025-11","brand_revenue":47473.8232421875,"category_revenue":1545430.15625,"share_pct":3.0999999046325684},{"period":"2025-12","brand_revenue":65892.1484375,"category_revenue":1467828.28125,"share_pct":4.5},{"period":"2026-01","brand_revenue":81122.1240234375,"category_revenue":1425064.0625,"share_pct":5.699999809265137}]},"velocity_by_category":[{"category":"DISPOSABLE VAPE","brand_units_per_day":132.32,"category_avg_units_per_day":28.36,"velocity_index":466.4,"brand_rev_per_unit":30.75,"category_rev_per_unit":32.31,"brands_in_category":35},{"category":"CARTRIDGE","brand_units_per_day":17.7,"category_avg_units_per_day":74.5,"velocity_index":23.8,"brand_rev_per_unit":28.06,"category_rev_per_unit":24.09,"brands_in_category":27}],"store_gaps":[],"product_mix":{"top":[{"product":"FRUIT PUNCH #5 DISPOSABLE VAPE - OPTIMUM EXTRACTS","units":6412,"revenue":240000.25390625,"cost":112465.498046875,"profit":127534.74609375,"stores":7,"transactions":5942,"margin":53.099998474121094},{"product":"PASSION ORANGE GUAVA DISPOSABLE VAPE - OPTIMUM EXTRACTS","units":5416,"revenue":200003.59375,"cost":93969.00390625,"profit":106034.599609375,"stores":7,"transactions":5084,"margin":53.0},{"product":"COOKIE BUTTER DISPOSABLE VAPE - OPTIMUM EXTRACTS","units":5124,"revenue":190454.296875,"cost":90884.501953125,"profit":99569.794921875,"stores":7,"transactions":4772,"margin":52.29999923706055},{"product":"PINK PINEAPPLE WHIP DISPOSABLE VAPE - OPTIMUM EXTRACTS","units":5018,"revenue":188860.1171875,"cost":87547.998046875,"profit":101312.119140625,"stores":7,"transactions":4736,"margin":53.599998474121094},{"product":"BLUE RAZZ SHERBERT DISPOSABLE VAPE - OPTIMUM EXTRACTS","units":4662,"revenue":167893.92578125,"cost":83552.001953125,"profit":84341.923828125,"stores":7,"transactions":4344,"margin":50.20000076293945},{"product":"STRAWBERRY WATERMELON KUSH DISPOSABLE VAPE - OPTIMUM EXTRACTS","units":4646,"revenue":166892.421875,"cost":85551.50390625,"profit":81340.9228515625,"stores":7,"transactions":4322,"margin":48.70000076293945},{"product":"HUCKLEBERRY HAZE DISPOSABLE VAPE - OPTIMUM EXTRACTS","units":4528,"revenue":161550.8203125,"cost":82180.498046875,"profit":79370.322265625,"stores":7,"transactions":4220,"margin":49.099998474121094},{"product":"APPLE STRUDEL DISPOSABLE VAPE - OPTIMUM EXTRACTS","units":4280,"revenue":155092.529296875,"cost":75651.0009765625,"profit":79441.5234375,"stores":7,"transactions":4028,"margin":51.20000076293945},{"product":"SWEET PEACH OG DISPOSABLE VAPE - OPTIMUM EXTRACTS","units":4084,"revenue":150802.802734375,"cost":72473.0029296875,"profit":78329.7998046875,"stores":7,"transactions":3778,"margin":51.900001525878906},{"product":"BLACKBERRY CRUMBLE KUSH DISPOSABLE VAPE - OPTIMUM EXTRACTS","units":4028,"revenue":146724.375,"cost":74537.998046875,"profit":72186.376953125,"stores":6,"transactions":3828,"margin":49.20000076293945},{"product":"TROPICANA H.T.E. DISPOSABLE VAPE - OPTIMUM EXTRACTS","units":3302,"revenue":134323.3203125,"cost":65625.2490234375,"profit":68698.076171875,"stores":6,"transactions":3098,"margin":51.099998474121094},{"product":"MAUI MANGO DIESEL DISPOSABLE VAPE - OPTIMUM EXTRACTS","units":3398,"revenue":120167.802734375,"cost":61350.0,"profit":58817.7978515625,"stores":7,"transactions":3136,"margin":48.900001525878906},{"product":"GUAVA MELON OG DISPOSABLE VAPE - OPTIMUM EXTRACTS","units":2968,"revenue":106226.07421875,"cost":52227.001953125,"profit":53999.072265625,"stores":7,"transactions":2704,"margin":50.79999923706055},{"product":"STRAWBERRY DIESEL H.T.E. DISPOSABLE VAPE - OPTIMUM EXTRACTS","units":2490,"revenue":104687.40234375,"cost":48435.0,"profit":56252.40234375,"stores":7,"transactions":2330,"margin":53.70000076293945},{"product":"TAHOE OG H.T.E. DISPOSABLE VAPE - OPTIMUM EXTRACTS","units":2364,"revenue":97627.802734375,"cost":45944.7509765625,"profit":51683.0517578125,"stores":7,"transactions":2254,"margin":52.900001525878906},{"product":"PURPLE PUNCH H.T.E DISPOSABLE VAPE - OPTIMUM EXTRACTS","units":2206,"revenue":90900.146484375,"cost":42622.001953125,"profit":48278.1494140625,"stores":7,"transactions":2058,"margin":53.099998474121094},{"product":"WATERMELON KNIGHT H.T.E. DISPOSABLE VAPE - OPTIMUM EXTRACTS","units":2126,"revenue":79372.626953125,"cost":42520.0,"profit":36852.62451171875,"stores":6,"transactions":2004,"margin":46.400001525878906},{"product":"DUTCH TREAT LIVE RESIN DISPOSABLE VAPE - OPTIMUM EXTRACTS","units":1560,"revenue":75162.1728515625,"cost":33119.5751953125,"profit":42042.6025390625,"stores":7,"transactions":1480,"margin":55.900001525878906},{"product":"ANIMAL CRACKERS H.T.E. DISPOSABLE VAPE - OPTIMUM EXTRACTS","units":1990,"revenue":74436.6259765625,"cost":39800.0,"profit":34636.6259765625,"stores":6,"transactions":1904,"margin":46.5},{"product":"APPLE CRISP H.T.E. DISPOSABLE VAPE - OPTIMUM EXTRACTS","units":1928,"revenue":71019.3017578125,"cost":38372.5,"profit":32646.79931640625,"stores":6,"transactions":1818,"margin":46.0}],"bottom":[{"product":"ICE CREAM CAKE H.T.E. CART - OPTIMUM EXTRACTS","units":150,"revenue":4432.6251220703125,"cost":2550.0,"profit":1882.6249694824219,"stores":3,"transactions":130,"margin":42.5},{"product":"HAWAIIAN DIESEL H.T.E. DISPOSABLE VAPE - OPTIMUM EXTRACTS","units":100,"revenue":3680.0,"cost":2000.0,"profit":1680.0,"stores":1,"transactions":100,"margin":45.70000076293945},{"product":"MAUI MANGO DIESEL CART - OPTIMUM EXTRACTS","units":100,"revenue":3292.5,"cost":1487.5,"profit":1805.0,"stores":2,"transactions":86,"margin":54.79999923706055},{"product":"SUNDAE DRIVER H.T.E. DISPOSABLE VAPE - OPTIMUM EXTRACTS","units":70,"revenue":2441.25,"cost":1400.0,"profit":1041.25,"stores":1,"transactions":62,"margin":42.70000076293945},{"product":"APPLE CRISP H.T.E. CART - OPTIMUM EXTRACTS","units":50,"revenue":2240.0,"cost":850.0,"profit":1390.0,"stores":1,"transactions":48,"margin":62.099998474121094},{"product":"FRUIT PUNCH #5 CART - OPTIMUM EXTRACTS","units":68,"revenue":2177.5,"cost":1011.4999389648438,"profit":1166.0000610351562,"stores":1,"transactions":52,"margin":53.5},{"product":"OOPS ALL BERRIES H.T.E. DISPOSABLE VAPE - OPTIMUM EXTRACTS","units":60,"revenue":2168.75,"cost":1200.0,"profit":968.75,"stores":1,"transactions":58,"margin":44.70000076293945},{"product":"BLUE DREAM H.T.E. CART - OPTIMUM EXTRACTS","units":50,"revenue":1815.0,"cost":850.0,"profit":965.0,"stores":1,"transactions":48,"margin":53.20000076293945},{"product":"SHAKE SHACK LIVE RESIN DISPOSABLE VAPE - OPTIMUM EXTRACTS","units":26,"revenue":1342.5,"cost":585.0,"profit":757.5,"stores":1,"transactions":26,"margin":56.400001525878906},{"product":"PINEAPPLE EXPRESS LIVE RESIN DISPOSABLE VAPE - OPTIMUM EXTRACTS","units":8,"revenue":382.5,"cost":180.0,"profit":202.5,"stores":1,"transactions":8,"margin":52.900001525878906}],"expansion":[{"product":"BLACKBERRY CRUMBLE KUSH DISPOSABLE VAPE - OPTIMUM EXTRACTS","current_stores":6,"total_stores":7,"missing_stores":["Elevation Downtown"],"revenue":146724.375},{"product":"TROPICANA H.T.E. DISPOSABLE VAPE - OPTIMUM EXTRACTS","current_stores":6,"total_stores":7,"missing_stores":["Elevation Downtown"],"revenue":134323.3203125},{"product":"WATERMELON KNIGHT H.T.E. DISPOSABLE VAPE - OPTIMUM EXTRACTS","current_stores":6,"total_stores":7,"missing_stores":["Elevation Downtown"],"revenue":79372.626953125},{"product":"ANIMAL CRACKERS H.T.E. DISPOSABLE VAPE - OPTIMUM EXTRACTS","current_stores":6,"total_stores":7,"missing_stores":["Elevation Downtown"],"revenue":74436.6259765625},{"product":"APPLE CRISP H.T.E. DISPOSABLE VAPE - OPTIMUM EXTRACTS","current_stores":6,"total_stores":7,"missing_stores":["Elevation Downtown"],"revenue":71019.3017578125},{"product":"STRAWBERRY WATERMELON KUSH CART - OPTIMUM EXTRACTS","current_stores":6,"total_stores":7,"missing_stores":["Elevation Downtown"],"revenue":51221.8994140625},{"product":"MELON SHACK H.T.E. DISPOSABLE VAPE - OPTIMUM EXTRACTS","current_stores":6,"total_stores":7,"missing_stores":["Elevation Downtown"],"revenue":50413.1982421875},{"product":"ICE CREAM CAKE H.T.E. DISPOSABLE VAPE - OPTIMUM EXTRACTS","current_stores":5,"total_stores":7,"missing_stores":["Elevation Downtown","Elevation Midtown"],"revenue":43745.751953125},{"product":"9 POUND HAMMER LIVE RESIN DISPOSABLE VAPE - OPTIMUM EXTRACTS","current_stores":6,"total_stores":7,"missing_stores":["Elevation Downtown"],"revenue":42581.875},{"product":"DULCE DE UVA LIVE RESIN DISPOSABLE VAPE - OPTIMUM EXTRACTS","current_stores":6,"total_stores":7,"missing_stores":["Elevation Downtown"],"revenue":42207.7490234375}]},"pricing_consistency":[{"product":"RAINBOW RUNTZ H.T.E. CART - OPTIMUM EXTRACTS","min_price":30.9280029296875,"max_price":91.19999999999999,"avg_price":74.5105712890625,"std_dev":8.038492120382296,"store_count":14,"price_range":60.271997070312494,"range_pct":80.9},{"product":"ICE CREAM CAKE H.T.E. CART - OPTIMUM EXTRACTS","min_price":31.744000244140626,"max_price":75.06099853515624,"avg_price":59.10166625976562,"std_dev":9.520773870027892,"store_count":6,"price_range":43.31699829101563,"range_pct":73.3},{"product":"DO-SI-DOS LIVE RESIN DISPOSABLE VAPE - OPTIMUM EXTRACTS","min_price":57.5,"max_price":89.54379562043796,"avg_price":79.02000155801942,"std_dev":4.697259384737198,"store_count":12,"price_range":32.04379562043796,"range_pct":40.6},{"product":"OG HAZE H.T.E. DISPOSABLE VAPE - OPTIMUM EXTRACTS","min_price":59.6,"max_price":88.6,"avg_price":74.7035479709125,"std_dev":3.733491645608024,"store_count":12,"price_range":28.999999999999993,"range_pct":38.8},{"product":"GREEN CRACK H.T.E. DISPOSABLE VAPE - OPTIMUM EXTRACTS","min_price":68.8,"max_price":96.5,"avg_price":80.98888888888888,"std_dev":5.658273522838859,"store_count":6,"price_range":27.700000000000003,"range_pct":34.2},{"product":"MAUI WOWIE H.T.E. DISPOSABLE VAPE - OPTIMUM EXTRACTS","min_price":62.6530612244898,"max_price":85.39999999999999,"avg_price":72.9595025510204,"std_dev":3.395383852490437,"store_count":10,"price_range":22.746938775510195,"range_pct":31.2},{"product":"TANGIE SUNRISE H.T.E. DISPOSABLE VAPE - OPTIMUM EXTRACTS","min_price":61.86301130589431,"max_price":84.80000000000001,"avg_price":76.49901216933816,"std_dev":3.57658402357049,"store_count":12,"price_range":22.936988694105693,"range_pct":30.0},{"product":"APPLE CRISP H.T.E. DISPOSABLE VAPE - OPTIMUM EXTRACTS","min_price":65.13674816453313,"max_price":86.19999999999999,"avg_price":75.79669107636249,"std_dev":3.5654799000580675,"store_count":12,"price_range":21.063251835466865,"range_pct":27.8},{"product":"SUNSET GUAVA BERRY DISPOSABLE VAPE - OPTIMUM EXTRACTS","min_price":56.90573770491803,"max_price":74.36749877929688,"avg_price":67.37887348731917,"std_dev":2.5905469414590856,"store_count":10,"price_range":17.461761074378845,"range_pct":25.9},{"product":"CHERRY DRIVER H.T.E DISPOSABLE VAPE - OPTIMUM EXTRACTS","min_price":71.85,"max_price":92.0,"avg_price":80.15291332569683,"std_dev":3.309617047214595,"store_count":10,"price_range":20.15,"range_pct":25.1},{"product":"TROPICANA H.T.E. CART - OPTIMUM EXTRACTS","min_price":69.765625,"max_price":88.11632792154947,"avg_price":77.50313946110738,"std_dev":3.08830990557515,"store_count":12,"price_range":18.350702921549473,"range_pct":23.7},{"product":"COSMIC MAC H.T.E. DISPOSABLE VAPE - OPTIMUM EXTRACTS","min_price":68.28571428571428,"max_price":86.83333333333334,"avg_price":81.30809523809523,"std_dev":3.157817323632433,"store_count":10,"price_range":18.54761904761905,"range_pct":22.8},{"product":"SWEET DREAMS H.T.E. DISPOSABLE VAPE - OPTIMUM EXTRACTS","min_price":72.54643031529018,"max_price":91.0,"avg_price":82.04571533203125,"std_dev":3.295447736369631,"store_count":10,"price_range":18.453569684709812,"range_pct":22.5},{"product":"WHITE RUSSIAN H.T.E. DISPOSABLE VAPE - OPTIMUM EXTRACTS","min_price":69.6,"max_price":86.30000000000001,"avg_price":74.08687641723357,"std_dev":2.444709607945042,"store_count":12,"price_range":16.70000000000001,"range_pct":22.5},{"product":"FORBIDDEN FRUIT H.T.E. CART - OPTIMUM EXTRACTS","min_price":63.22045066139915,"max_price":79.25833333333333,"avg_price":71.895827425048,"std_dev":2.2307531250750783,"store_count":12,"price_range":16.037882671934184,"range_pct":22.3},{"product":"TROPICAL PINEAPPLE CART - OPTIMUM EXTRACTS","min_price":64.01785714285714,"max_price":78.75,"avg_price":67.75691413566663,"std_dev":2.1746837464355777,"store_count":14,"price_range":14.732142857142856,"range_pct":21.7},{"product":"STRAWBERRY DIESEL H.T.E. CART - OPTIMUM EXTRACTS","min_price":72.29166666666667,"max_price":89.50849514563106,"avg_price":79.97521482605165,"std_dev":2.591159182697046,"store_count":12,"price_range":17.216828478964395,"range_pct":21.5},{"product":"SWEET ISLAND SKUNK H.T.E. DISPOSABLE VAPE - OPTIMUM EXTRACTS","min_price":74.3713244269876,"max_price":92.23101265822784,"avg_price":83.70349338026422,"std_dev":2.713144198958709,"store_count":14,"price_range":17.859688231240245,"range_pct":21.3},{"product":"WATERMELON KNIGHT H.T.E. DISPOSABLE VAPE - OPTIMUM EXTRACTS","min_price":67.30000000000001,"max_price":83.01020408163266,"avg_price":75.26321174913947,"std_dev":2.356056710693576,"store_count":12,"price_range":15.710204081632657,"range_pct":20.9},{"product":"SHAKE SHACK LR DISPOSABLE VAPE - OPTIMUM EXTRACTS","min_price":86.175,"max_price":105.975,"avg_price":95.38847789115647,"std_dev":2.855333587798825,"store_count":12,"price_range":19.800000000000004,"range_pct":20.8},{"product":"PASSION ORANGE GUAVA CART - OPTIMUM EXTRACTS","min_price":66.53300170898437,"max_price":81.375,"avg_price":71.30644037155878,"std_dev":2.0555518443636416,"store_count":14,"price_range":14.841998291015619,"range_pct":20.8},{"product":"TROPICANA H.T.E. DISPOSABLE VAPE - OPTIMUM EXTRACTS","min_price":72.15351660646985,"max_price":88.37710602114899,"avg_price":80.65577891988741,"std_dev":2.3454451659283837,"store_count":12,"price_range":16.223589414679147,"range_pct":20.1},{"product":"RAINBOW RUNTZ H.T.E. DISPOSABLE VAPE - OPTIMUM EXTRACTS","min_price":74.4858118005701,"max_price":90.95204256018815,"avg_price":82.42835840659475,"std_dev":2.8004074171671123,"store_count":8,"price_range":16.46623075961804,"range_pct":20.0},{"product":"ANIMAL CRACKERS H.T.E. DISPOSABLE VAPE - OPTIMUM EXTRACTS","min_price":68.24947296626985,"max_price":82.99,"avg_price":76.17226292563385,"std_dev":2.222287736479838,"store_count":12,"price_range":14.740527033730153,"range_pct":19.4},{"product":"WEDDING CRASHER LIVE RESIN DISPOSABLE VAPE - OPTIMUM EXTRACTS","min_price":81.13749999999999,"max_price":97.89999999999999,"avg_price":87.87678571428572,"std_dev":2.280284228779641,"store_count":14,"price_range":16.762499999999996,"range_pct":19.1},{"product":"TAHOE OG H.T.E. CART - OPTIMUM EXTRACTS","min_price":72.0,"max_price":87.15385274684175,"avg_price":79.6928160039138,"std_dev":2.220982534839273,"store_count":10,"price_range":15.153852746841752,"range_pct":19.0},{"product":"MENDO BREATH H.T.E. CART - OPTIMUM EXTRACTS","min_price":75.87499389648437,"max_price":91.41286513384651,"avg_price":83.18686210101939,"std_dev":3.123666883915348,"store_count":6,"price_range":15.53787123736214,"range_pct":18.7},{"product":"SUNSET ANIMAL KUSH LR DISPOSABLE VAPE - OPTIMUM EXTRACTS","min_price":88.21078431372548,"max_price":105.71249643961588,"avg_price":96.42054679222356,"std_dev":2.639444247383357,"store_count":12,"price_range":17.501712125890396,"range_pct":18.2},{"product":"HUCKLEBERRY HAZE CART - OPTIMUM EXTRACTS","min_price":61.125,"max_price":73.3,"avg_price":67.53545336526538,"std_dev":1.8956535531383742,"store_count":12,"price_range":12.175000000000002,"range_pct":18.0},{"product":"MELON SHACK H.T.E. CART - OPTIMUM EXTRACTS","min_price":75.19999999999999,"max_price":90.19230769230771,"avg_price":83.53076923076924,"std_dev":3.053707805430434,"store_count":6,"price_range":14.992307692307705,"range_pct":17.9}],"promotional_effectiveness":{"lift":{"fp_units_per_day":73.84,"disc_units_per_day":156.88,"lift_pct":112.5,"fp_avg_revenue_per_unit":93.225,"disc_avg_revenue_per_unit":68.2},"by_deal":[{"deal_name":"Industry 30% Off","uses":4977,"revenue":442198.3146029711,"discounts":190871.43802523613,"units":13245.0,"cost":240300.1182949543,"margin":45.7,"discount_depth":60.4},{"deal_name":"Industry - 30% Off","uses":3264,"revenue":248035.6750011444,"discounts":106601.8249964714,"units":7674.0,"cost":147826.25,"margin":40.4,"discount_depth":60.2},{"deal_name":"Lit4Less - Disposables - 2 for $60 (NO LR / HTE)","uses":2676,"revenue":382623.16249608994,"discounts":71671.83750510216,"units":10218.0,"cost":176561.57913923264,"margin":53.9,"discount_depth":31.6},{"deal_name":"Optimum Disposables 2 for $50","uses":1739,"revenue":232677.2500038147,"discounts":118790.25000095367,"units":7459.0,"cost":144976.50000095367,"margin":37.7,"discount_depth":67.6},{"deal_name":"Lit4Less - 3 for $75 Carts - Srene / Select / AMA / Optimum / BC","uses":1318,"revenue":154970.2999973297,"discounts":63317.19999551773,"units":4968.0,"cost":74217.74827241898,"margin":52.1,"discount_depth":58.0},{"deal_name":"Lit4Less - Disposables - 2 for $75 LR / HTE","uses":1260,"revenue":189277.11250543594,"discounts":25492.887499332428,"units":4044.0,"cost":80699.6250140667,"margin":57.4,"discount_depth":23.8},{"deal_name":"4/20 2025 - Vapes","uses":1122,"revenue":79952.97499895096,"discounts":80372.02500343323,"units":3424.0,"cost":66286.25,"margin":17.1,"discount_depth":100.2},{"deal_name":"Optimum Disposables 2 for $60","uses":994,"revenue":159453.02500247955,"discounts":44671.975001096725,"units":4256.0,"cost":80870.50059556961,"margin":49.3,"discount_depth":43.8},{"deal_name":"50% Off - G2B","uses":724,"revenue":53043.74583323796,"discounts":53264.17083104451,"units":2279.6666666666665,"cost":40021.25883499781,"margin":24.6,"discount_depth":100.2},{"deal_name":"Veterans - 10% Off","uses":564,"revenue":53551.27517700195,"discounts":6007.474989295006,"units":1292.0,"cost":23557.875187397003,"margin":56.0,"discount_depth":20.2},{"deal_name":"Jackpot - Locals 30% Off","uses":460,"revenue":45082.25008010864,"discounts":19385.250029563904,"units":1388.0,"cost":24778.875195980072,"margin":45.0,"discount_depth":60.2},{"deal_name":"Senior - 10% Off","uses":451,"revenue":49167.125260829926,"discounts":5559.124983549118,"units":1151.0,"cost":21197.750138044357,"margin":56.9,"discount_depth":20.4},{"deal_name":"Optimum Disposables 2 for $60 (non LR)","uses":451,"revenue":72691.67500019073,"discounts":18283.324999809265,"units":1940.0,"cost":36546.750276088715,"margin":49.7,"discount_depth":40.2},{"deal_name":"GW - 50% Off Vapes","uses":436,"revenue":28350.0,"discounts":28350.0,"units":1188.0,"cost":23220.0,"margin":18.1,"discount_depth":100.0},{"deal_name":"Optimum Extracts - 30% Off","uses":417,"revenue":37869.87529754639,"discounts":16315.125076770782,"units":1154.0,"cost":20134.350284337997,"margin":46.8,"discount_depth":60.2},{"deal_name":"Cake /  Optimum LR Vapes 2 for $70","uses":302,"revenue":43930.41249990463,"discounts":10193.337500095367,"units":1006.0,"cost":20339.06241297722,"margin":53.7,"discount_depth":37.6},{"deal_name":"LVAC - 25% Off","uses":238,"revenue":19291.875,"discounts":6455.625,"units":542.0,"cost":10001.10005736351,"margin":48.2,"discount_depth":50.2},{"deal_name":"Senior / Veterans - 20% Off","uses":230,"revenue":25909.36243057251,"discounts":6639.387481212616,"units":696.0,"cost":12790.15011548996,"margin":50.6,"discount_depth":40.8},{"deal_name":"Employee 30% - NOT FRIDAYS","uses":93,"revenue":7349.11668141683,"discounts":3261.216666698456,"units":228.66666666666666,"cost":4174.0833512942,"margin":43.2,"discount_depth":61.4},{"deal_name":"Employee - 40% OFF","uses":68,"revenue":4815.675001144409,"discounts":3299.3250036239624,"units":174.0,"cost":3166.9999957084656,"margin":34.2,"discount_depth":81.4}]},"growth_opportunities":[{"type":"sku_expansion","title":"Add '9 POUND HAMMER LIVE RESIN DISPOSABLE VAPE - OPTIMUM EXTRACTS' to 1 more store(s)","detail":"Carried in 6 stores. Missing from: Elevation Downtown","priority":"medium"},{"type":"sku_expansion","title":"Add 'ANIMAL CRACKERS H.T.E. DISPOSABLE VAPE - OPTIMUM EXTRACTS' to 1 more store(s)","detail":"Carried in 6 stores. Missing from: Elevation Downtown","priority":"medium"},{"type":"sku_expansion","title":"Add 'APPLE CRISP H.T.E. DISPOSABLE VAPE - OPTIMUM EXTRACTS' to 1 more store(s)","detail":"Carried in 6 stores. Missing from: Elevation Downtown","priority":"medium"},{"type":"sku_expansion","title":"Add 'APPLE FRITTER H.T.E. CART - OPTIMUM EXTRACTS' to 1 more store(s)","detail":"Carried in 6 stores. Missing from: Elevation Downtown","priority":"medium"},{"type":"sku_expansion","title":"Add 'BLACKBERRY CRUMBLE KUSH DISPOSABLE VAPE - OPTIMUM EXTRACTS' to 1 more store(s)","detail":"Carried in 6 stores. Missing from: Elevation Downtown","priority":"medium"},{"type":"velocity","title":"Improve velocity in CARTRIDGE","detail":"Velocity index 24 (below category average). 8.8 units/day vs 37.2 avg.","priority":"medium"}],"trend":[{"period":"2024-09","revenue":25516.25,"cost":12422.5,"margin":51.3,"units":648,"transactions":578,"profit":13093.75,"revenue_change_pct":null,"units_change_pct":null,"margin_change_pts":null},{"period":"2024-10","revenue":71630.126953125,"cost":33832.5,"margin":52.8,"units":1768,"transactions":1478,"profit":37797.62451171875,"revenue_change_pct":180.7,"units_change_pct":172.8,"margin_change_pts":1.5},{"period":"2024-11","revenue":74459.375,"cost":44702.5,"margin":40.0,"units":2292,"transactions":1840,"profit":29756.875,"revenue_change_pct":3.9,"units_change_pct":29.6,"margin_change_pts":-12.8},{"period":"2024-12","revenue":147671.845703125,"cost":69797.5,"margin":52.7,"units":3642,"transactions":3132,"profit":77874.3505859375,"revenue_change_pct":98.3,"units_change_pct":58.9,"margin_change_pts":12.8},{"period":"2025-01","revenue":136443.9453125,"cost":71032.5,"margin":47.9,"units":3710,"transactions":2704,"profit":65411.4501953125,"revenue_change_pct":-7.6,"units_change_pct":1.9,"margin_change_pts":-4.8},{"period":"2025-02","revenue":282494.39453125,"cost":151650.0,"margin":46.3,"units":7848,"transactions":5272,"profit":130844.404296875,"revenue_change_pct":107.0,"units_change_pct":111.5,"margin_change_pts":-1.6},{"period":"2025-03","revenue":356012.4609375,"cost":186105.0,"margin":47.7,"units":9600,"transactions":6590,"profit":169907.44140625,"revenue_change_pct":26.0,"units_change_pct":22.3,"margin_change_pts":1.4},{"period":"2025-04","revenue":376898.515625,"cost":210075.0,"margin":44.3,"units":10858,"transactions":7908,"profit":166823.49609375,"revenue_change_pct":5.9,"units_change_pct":13.1,"margin_change_pts":-3.5},{"period":"2025-05","revenue":332565.5859375,"cost":160260.673828125,"margin":51.8,"units":8180,"transactions":6098,"profit":172304.90234375,"revenue_change_pct":-11.8,"units_change_pct":-24.7,"margin_change_pts":7.5},{"period":"2025-06","revenue":382036.5625,"cost":173014.31640625,"margin":54.7,"units":9370,"transactions":6878,"profit":209022.24609375,"revenue_change_pct":14.9,"units_change_pct":14.5,"margin_change_pts":2.9},{"period":"2025-07","revenue":400711.796875,"cost":183920.8984375,"margin":54.1,"units":10226,"transactions":7032,"profit":216790.8984375,"revenue_change_pct":4.9,"units_change_pct":9.1,"margin_change_pts":-0.6},{"period":"2025-08","revenue":336032.5,"cost":150467.451171875,"margin":55.2,"units":8352,"transactions":6110,"profit":185565.05859375,"revenue_change_pct":-16.1,"units_change_pct":-18.3,"margin_change_pts":1.1},{"period":"2025-09","revenue":294652.59765625,"cost":131405.078125,"margin":55.4,"units":7498,"transactions":5340,"profit":163247.529296875,"revenue_change_pct":-12.3,"units_change_pct":-10.2,"margin_change_pts":0.2},{"period":"2025-10","revenue":253700.15625,"cost":113757.12890625,"margin":55.2,"units":6498,"transactions":4666,"profit":139943.02734375,"revenue_change_pct":-13.9,"units_change_pct":-13.3,"margin_change_pts":-0.2},{"period":"2025-11","revenue":290484.53125,"cost":146044.55078125,"margin":49.7,"units":8246,"transactions":5694,"profit":144439.970703125,"revenue_change_pct":14.5,"units_change_pct":26.9,"margin_change_pts":-5.4},{"period":"2025-12","revenue":372938.9453125,"cost":168736.77734375,"margin":54.8,"units":9786,"transactions":6742,"profit":204202.16796875,"revenue_change_pct":28.4,"units_change_pct":18.7,"margin_change_pts":5.0},{"period":"2026-01","revenue":214699.27734375,"cost":98078.779296875,"margin":54.3,"units":5798,"transactions":3990,"profit":116620.498046875,"revenue_change_pct":-42.4,"units_change_pct":-40.8,"margin_change_pts":-0.4}]}