{"brand":"OPTIMUM EXTRACTS","date_range":"2024-01-01 00:00:00 to 2026-01-31 00:00:00","period_label":"All Time","summary":{"total_units":114320,"total_revenue":4348948.75,"total_cost":2105303.28125,"total_discounts":1010758.125,"total_profit":2243645.625,"overall_margin":51.599998474121094,"fp_margin":60.20000076293945,"disc_margin":46.20000076293945,"pct_full_price":38.599998474121094,"avg_discount_rate":18.899999618530273,"fp_revenue":1679472.96875,"disc_revenue":2669475.625,"unique_customers":48664,"brand":"OPTIMUM EXTRACTS","date_range":"2024-01-01 00:00:00 to 2026-01-31 00:00:00","months_count":34,"avg_monthly_cost":123841.375,"cost_per_unit":36.825,"primary_category":"DISPOSABLE VAPE","primary_cat_margin":52.79999923706055,"category_rank":1,"category_total":35,"margin_vs_category":-1.2000000476837158,"velocity_rank":1},"category_breakdown":[{"category_clean":"DISPOSABLE VAPE","units":100826,"revenue":3875648.4375,"cost":1896201.71875,"profit":1979446.71875,"discounts":872394.140625,"margin":51.099998474121094,"category_avg_margin":52.79999923706055,"vs_category":-1.7,"rank":1.0,"total_brands":35.0},{"category_clean":"CARTRIDGE","units":13494,"revenue":473300.46875,"cost":209101.50390625,"profit":264198.984375,"discounts":138364.0234375,"margin":55.79999923706055,"category_avg_margin":50.400001525878906,"vs_category":5.4,"rank":16.0,"total_brands":27.0}],"trend":[{"period":"2024-09","revenue":25516.25,"cost":12422.5,"margin":51.3,"units":648,"transactions":578,"profit":13093.75,"revenue_change_pct":null,"units_change_pct":null,"margin_change_pts":null},{"period":"2024-10","revenue":71630.126953125,"cost":33832.5,"margin":52.8,"units":1768,"transactions":1478,"profit":37797.62451171875,"revenue_change_pct":180.7,"units_change_pct":172.8,"margin_change_pts":1.5},{"period":"2024-11","revenue":74459.375,"cost":44702.5,"margin":40.0,"units":2292,"transactions":1840,"profit":29756.875,"revenue_change_pct":3.9,"units_change_pct":29.6,"margin_change_pts":-12.8},{"period":"2024-12","revenue":147671.845703125,"cost":69797.5,"margin":52.7,"units":3642,"transactions":3132,"profit":77874.3505859375,"revenue_change_pct":98.3,"units_change_pct":58.9,"margin_change_pts":12.8},{"period":"2025-01","revenue":136443.9453125,"cost":71032.5,"margin":47.9,"units":3710,"transactions":2704,"profit":65411.4501953125,"revenue_change_pct":-7.6,"units_change_pct":1.9,"margin_change_pts":-4.8},{"period":"2025-02","revenue":282494.39453125,"cost":151650.0,"margin":46.3,"units":7848,"transactions":5272,"profit":130844.404296875,"revenue_change_pct":107.0,"units_change_pct":111.5,"margin_change_pts":-1.6},{"period":"2025-03","revenue":356012.4609375,"cost":186105.0,"margin":47.7,"units":9600,"transactions":6590,"profit":169907.44140625,"revenue_change_pct":26.0,"units_change_pct":22.3,"margin_change_pts":1.4},{"period":"2025-04","revenue":376898.515625,"cost":210075.0,"margin":44.3,"units":10858,"transactions":7908,"profit":166823.49609375,"revenue_change_pct":5.9,"units_change_pct":13.1,"margin_change_pts":-3.5},{"period":"2025-05","revenue":332565.5859375,"cost":160260.673828125,"margin":51.8,"units":8180,"transactions":6098,"profit":172304.90234375,"revenue_change_pct":-11.8,"units_change_pct":-24.7,"margin_change_pts":7.5},{"period":"2025-06","revenue":382036.5625,"cost":173014.31640625,"margin":54.7,"units":9370,"transactions":6878,"profit":209022.24609375,"revenue_change_pct":14.9,"units_change_pct":14.5,"margin_change_pts":2.9},{"period":"2025-07","revenue":400711.796875,"cost":183920.8984375,"margin":54.1,"units":10226,"transactions":7032,"profit":216790.8984375,"revenue_change_pct":4.9,"units_change_pct":9.1,"margin_change_pts":-0.6},{"period":"2025-08","revenue":336032.5,"cost":150467.451171875,"margin":55.2,"units":8352,"transactions":6110,"profit":185565.05859375,"revenue_change_pct":-16.1,"units_change_pct":-18.3,"margin_change_pts":1.1},{"period":"2025-09","revenue":294652.59765625,"cost":131405.078125,"margin":55.4,"units":7498,"transactions":5340,"profit":163247.529296875,"revenue_change_pct":-12.3,"units_change_pct":-10.2,"margin_change_pts":0.2},{"period":"2025-10","revenue":253700.15625,"cost":113757.12890625,"margin":55.2,"units":6498,"transactions":4666,"profit":139943.02734375,"revenue_change_pct":-13.9,"units_change_pct":-13.3,"margin_change_pts":-0.2},{"period":"2025-11","revenue":290484.53125,"cost":146044.55078125,"margin":49.7,"units":8246,"transactions":5694,"profit":144439.970703125,"revenue_change_pct":14.5,"units_change_pct":26.9,"margin_change_pts":-5.4},{"period":"2025-12","revenue":372938.9453125,"cost":168736.77734375,"margin":54.8,"units":9786,"transactions":6742,"profit":204202.16796875,"revenue_change_pct":28.4,"units_change_pct":18.7,"margin_change_pts":5.0},{"period":"2026-01","revenue":214699.27734375,"cost":98078.779296875,"margin":54.3,"units":5798,"transactions":3990,"profit":116620.498046875,"revenue_change_pct":-42.4,"units_change_pct":-40.8,"margin_change_pts":-0.4}],"share_of_category":[{"category":"DISPOSABLE VAPE","brand_revenue":3875648.125,"category_revenue":30552405.0,"revenue_share_pct":12.699999809265137,"brand_units":100826,"category_units":756548,"units_share_pct":13.3},{"category":"CARTRIDGE","brand_revenue":473300.46875,"category_revenue":46155130.0,"revenue_share_pct":1.0,"brand_units":13494,"category_units":1532896,"units_share_pct":0.9}],"share_of_category_trend":{"DISPOSABLE VAPE":[{"period":"2024-01","brand_revenue":0.0,"category_revenue":933474.921875,"share_pct":0.0},{"period":"2024-02","brand_revenue":0.0,"category_revenue":877782.109375,"share_pct":0.0},{"period":"2024-03","brand_revenue":0.0,"category_revenue":990692.03125,"share_pct":0.0},{"period":"2024-04","brand_revenue":0.0,"category_revenue":971952.1875,"share_pct":0.0},{"period":"2024-05","brand_revenue":0.0,"category_revenue":1035100.46875,"share_pct":0.0},{"period":"2024-06","brand_revenue":0.0,"category_revenue":1039794.21875,"share_pct":0.0},{"period":"2024-07","brand_revenue":0.0,"category_revenue":1081636.5625,"share_pct":0.0},{"period":"2024-08","brand_revenue":0.0,"category_revenue":1098658.125,"share_pct":0.0},{"period":"2024-09","brand_revenue":25516.25,"category_revenue":1056394.53125,"share_pct":2.4000000953674316},{"period":"2024-10","brand_revenue":71630.126953125,"category_revenue":1197041.171875,"share_pct":6.0},{"period":"2024-11","brand_revenue":74459.375,"category_revenue":1193980.234375,"share_pct":6.199999809265137},{"period":"2024-12","brand_revenue":147671.845703125,"category_revenue":1222008.984375,"share_pct":12.100000381469727},{"period":"2025-01","brand_revenue":136443.9453125,"category_revenue":1100552.421875,"share_pct":12.399999618530273},{"period":"2025-02","brand_revenue":282494.39453125,"category_revenue":1167271.25,"share_pct":24.200000762939453},{"period":"2025-03","brand_revenue":356012.4609375,"category_revenue":1348856.71875,"share_pct":26.399999618530273},{"period":"2025-04","brand_revenue":376898.515625,"category_revenue":1414639.84375,"share_pct":26.600000381469727},{"period":"2025-05","brand_revenue":329216.9140625,"category_revenue":1460588.4375,"share_pct":22.5},{"period":"2025-06","brand_revenue":328490.9765625,"category_revenue":1320852.96875,"share_pct":24.899999618530273},{"period":"2025-07","brand_revenue":347620.6640625,"category_revenue":1451194.84375,"share_pct":24.0},{"period":"2025-08","brand_revenue":279733.59375,"category_revenue":1403520.625,"share_pct":19.899999618530273},{"period":"2025-09","brand_revenue":230320.8203125,"category_revenue":1317518.125,"share_pct":17.5},{"period":"2025-10","brand_revenue":205503.8671875,"category_revenue":1511693.75,"share_pct":13.600000381469727},{"period":"2025-11","brand_revenue":243010.703125,"category_revenue":1481709.21875,"share_pct":16.399999618530273},{"period":"2025-12","brand_revenue":307046.796875,"category_revenue":1476896.875,"share_pct":20.799999237060547},{"period":"2026-01","brand_revenue":133577.1484375,"category_revenue":1398594.84375,"share_pct":9.600000381469727}],"CARTRIDGE":[{"period":"2024-01","brand_revenue":0.0,"category_revenue":2057675.625,"share_pct":0.0},{"period":"2024-02","brand_revenue":0.0,"category_revenue":2141777.8125,"share_pct":0.0},{"period":"2024-03","brand_revenue":0.0,"category_revenue":2288552.1875,"share_pct":0.0},{"period":"2024-04","brand_revenue":0.0,"category_revenue":2096820.46875,"share_pct":0.0},{"period":"2024-05","brand_revenue":0.0,"category_revenue":2138038.59375,"share_pct":0.0},{"period":"2024-06","brand_revenue":0.0,"category_revenue":2017623.90625,"share_pct":0.0},{"period":"2024-07","brand_revenue":0.0,"category_revenue":2031918.28125,"share_pct":0.0},{"period":"2024-08","brand_revenue":0.0,"category_revenue":2132382.65625,"share_pct":0.0},{"period":"2024-09","brand_revenue":0.0,"category_revenue":1955407.03125,"share_pct":0.0},{"period":"2024-10","brand_revenue":0.0,"category_revenue":2083993.125,"share_pct":0.0},{"period":"2024-11","brand_revenue":0.0,"category_revenue":2038609.375,"share_pct":0.0},{"period":"2024-12","brand_revenue":0.0,"category_revenue":2003932.03125,"share_pct":0.0},{"period":"2025-01","brand_revenue":0.0,"category_revenue":1921719.21875,"share_pct":0.0},{"period":"2025-02","brand_revenue":0.0,"category_revenue":1668647.5,"share_pct":0.0},{"period":"2025-03","brand_revenue":0.0,"category_revenue":1758711.25,"share_pct":0.0},{"period":"2025-04","brand_revenue":0.0,"category_revenue":1735997.5,"share_pct":0.0},{"period":"2025-05","brand_revenue":3348.6749267578125,"category_revenue":1688800.46875,"share_pct":0.20000000298023224},{"period":"2025-06","brand_revenue":53545.6005859375,"category_revenue":1594515.0,"share_pct":3.4000000953674316},{"period":"2025-07","brand_revenue":53091.15234375,"category_revenue":1595739.53125,"share_pct":3.299999952316284},{"period":"2025-08","brand_revenue":56298.9013671875,"category_revenue":1677489.6875,"share_pct":3.4000000953674316},{"period":"2025-09","brand_revenue":64331.77734375,"category_revenue":1539547.96875,"share_pct":4.199999809265137},{"period":"2025-10","brand_revenue":48196.2744140625,"category_revenue":1548909.21875,"share_pct":3.0999999046325684},{"period":"2025-11","brand_revenue":47473.8232421875,"category_revenue":1545430.15625,"share_pct":3.0999999046325684},{"period":"2025-12","brand_revenue":65892.1484375,"category_revenue":1467828.28125,"share_pct":4.5},{"period":"2026-01","brand_revenue":81122.1240234375,"category_revenue":1425064.0625,"share_pct":5.699999809265137}]},"discount_depth":[{"tier":"0% (Full Price)","transactions":35060,"pct_of_transactions":33.0,"revenue":1679472.96875,"avg_discount":0.0},{"tier":"1-10%","transactions":5646,"pct_of_transactions":5.3,"revenue":272874.140625,"avg_discount":18.399999618530273},{"tier":"11-20%","transactions":13896,"pct_of_transactions":13.1,"revenue":613499.8046875,"avg_discount":30.0},{"tier":"21-30%","transactions":12898,"pct_of_transactions":12.1,"revenue":500020.78125,"avg_discount":54.20000076293945},{"tier":"31%+","transactions":12274,"pct_of_transactions":11.5,"revenue":357152.96875,"avg_discount":90.5999984741211}],"velocity":{"units_per_day":227.28,"revenue_per_day":8646.024780273438,"avg_units_per_txn":2.78,"days_of_data":503,"total_units":114320,"total_transactions":82052},"velocity_by_category":[{"category":"DISPOSABLE VAPE","brand_units_per_day":132.32,"category_avg_units_per_day":28.36,"velocity_index":466.4,"brand_rev_per_unit":30.75,"category_rev_per_unit":32.31,"brands_in_category":35},{"category":"CARTRIDGE","brand_units_per_day":17.7,"category_avg_units_per_day":74.5,"velocity_index":23.8,"brand_rev_per_unit":28.06,"category_rev_per_unit":24.09,"brands_in_category":27}],"deals":[{"deal_name":"Industry 30% Off","times_used":9954,"units":13245.0,"revenue":442198.3146029711,"discounts":190871.43802523613,"cost":240300.1182949543,"profit":201898.19378735806,"pre_discount_revenue":633069.7500038147,"margin":45.7,"avg_discount":60.4},{"deal_name":"Industry - 30% Off","times_used":6528,"units":7674.0,"revenue":248035.6750011444,"discounts":106601.8249964714,"cost":147826.25,"profit":100209.42500114441,"pre_discount_revenue":354637.5,"margin":40.4,"avg_discount":60.2},{"deal_name":"Lit4Less - Disposables - 2 for $60 (NO LR / HTE)","times_used":5352,"units":10218.0,"revenue":382623.16249608994,"discounts":71671.83750510216,"cost":176561.57913923264,"profit":206061.5833734721,"pre_discount_revenue":454295.0,"margin":53.9,"avg_discount":31.6},{"deal_name":"Optimum Disposables 2 for $50","times_used":3478,"units":7459.0,"revenue":232677.2500038147,"discounts":118790.25000095367,"cost":144976.50000095367,"profit":87700.74999809265,"pre_discount_revenue":351467.5,"margin":37.7,"avg_discount":67.6},{"deal_name":"Lit4Less - 3 for $75 Carts - Srene / Select / AMA / Optimum / BC","times_used":2636,"units":4968.0,"revenue":154970.2999973297,"discounts":63317.19999551773,"cost":74217.74827241898,"profit":80752.55172073841,"pre_discount_revenue":218287.5,"margin":52.1,"avg_discount":58.0},{"deal_name":"Lit4Less - Disposables - 2 for $75 LR / HTE","times_used":2520,"units":4044.0,"revenue":189277.11250543594,"discounts":25492.887499332428,"cost":80699.6250140667,"profit":108577.49029815197,"pre_discount_revenue":214770.0,"margin":57.4,"avg_discount":23.8},{"deal_name":"4/20 2025 - Vapes","times_used":2244,"units":3424.0,"revenue":79952.97499895096,"discounts":80372.02500343323,"cost":66286.25,"profit":13666.724999696016,"pre_discount_revenue":160325.0,"margin":17.1,"avg_discount":100.2},{"deal_name":"Optimum Disposables 2 for $60","times_used":1988,"units":4256.0,"revenue":159453.02500247955,"discounts":44671.975001096725,"cost":80870.50059556961,"profit":78582.52440452576,"pre_discount_revenue":204125.0,"margin":49.3,"avg_discount":43.8},{"deal_name":"50% Off - G2B","times_used":1448,"units":2279.6666666666665,"revenue":53043.74583323796,"discounts":53264.17083104451,"cost":40021.25883499781,"profit":13022.487678726513,"pre_discount_revenue":106307.91666666666,"margin":24.6,"avg_discount":100.2},{"deal_name":"Veterans - 10% Off","times_used":1128,"units":1292.0,"revenue":53551.27517700195,"discounts":6007.474989295006,"cost":23557.875187397003,"profit":29993.39990258217,"pre_discount_revenue":59558.75,"margin":56.0,"avg_discount":20.2},{"deal_name":"Jackpot - Locals 30% Off","times_used":920,"units":1388.0,"revenue":45082.25008010864,"discounts":19385.250029563904,"cost":24778.875195980072,"profit":20303.374807089567,"pre_discount_revenue":64467.5,"margin":45.0,"avg_discount":60.2},{"deal_name":"Senior - 10% Off","times_used":902,"units":1151.0,"revenue":49167.125260829926,"discounts":5559.124983549118,"cost":21197.750138044357,"profit":27969.374982714653,"pre_discount_revenue":54726.25,"margin":56.9,"avg_discount":20.4},{"deal_name":"Optimum Disposables 2 for $60 (non LR)","times_used":902,"units":1940.0,"revenue":72691.67500019073,"discounts":18283.324999809265,"cost":36546.750276088715,"profit":36144.92472410202,"pre_discount_revenue":90975.0,"margin":49.7,"avg_discount":40.2},{"deal_name":"GW - 50% Off Vapes","times_used":872,"units":1188.0,"revenue":28350.0,"discounts":28350.0,"cost":23220.0,"profit":5130.0,"pre_discount_revenue":56700.0,"margin":18.1,"avg_discount":100.0},{"deal_name":"Optimum Extracts - 30% Off","times_used":834,"units":1154.0,"revenue":37869.87529754639,"discounts":16315.125076770782,"cost":20134.350284337997,"profit":17735.524649620056,"pre_discount_revenue":54185.0,"margin":46.8,"avg_discount":60.2},{"deal_name":"Cake /  Optimum LR Vapes 2 for $70","times_used":604,"units":1006.0,"revenue":43930.41249990463,"discounts":10193.337500095367,"cost":20339.06241297722,"profit":23591.35065227747,"pre_discount_revenue":54123.75,"margin":53.7,"avg_discount":37.6},{"deal_name":"LVAC - 25% Off","times_used":476,"units":542.0,"revenue":19291.875,"discounts":6455.625,"cost":10001.10005736351,"profit":9290.774943232536,"pre_discount_revenue":25747.5,"margin":48.2,"avg_discount":50.2},{"deal_name":"Senior / Veterans - 20% Off","times_used":460,"units":696.0,"revenue":25909.36243057251,"discounts":6639.387481212616,"cost":12790.15011548996,"profit":13119.212453365326,"pre_discount_revenue":32548.75,"margin":50.6,"avg_discount":40.8},{"deal_name":"Employee 30% - NOT FRIDAYS","times_used":186,"units":228.66666666666666,"revenue":7349.11668141683,"discounts":3261.216666698456,"cost":4174.0833512942,"profit":3175.0333171089487,"pre_discount_revenue":10610.333336194355,"margin":43.2,"avg_discount":61.4},{"deal_name":"Employee - 40% OFF","times_used":136,"units":174.0,"revenue":4815.675001144409,"discounts":3299.3250036239624,"cost":3166.9999957084656,"profit":1648.6750161647797,"pre_discount_revenue":8115.0,"margin":34.2,"avg_discount":81.4},{"deal_name":"LP / Optimum LR Vapes 2 for $75","times_used":104,"units":182.0,"revenue":8531.25,"discounts":968.75,"cost":3683.3250045776367,"profit":4847.9250955581665,"pre_discount_revenue":9500.0,"margin":56.8,"avg_discount":20.4},{"deal_name":"30% Off Special","times_used":100,"units":112.0,"revenue":3967.250051498413,"discounts":1700.2500128746033,"cost":1972.0000457763672,"profit":1995.2499675750732,"pre_discount_revenue":5667.5,"margin":50.3,"avg_discount":60.0},{"deal_name":"Store Credit - $25","times_used":94,"units":91.0,"revenue":2486.9875024755797,"discounts":1764.6791605154672,"cost":1570.187510251999,"profit":916.7999989011635,"pre_discount_revenue":4251.666666666667,"margin":36.9,"avg_discount":83.0},{"deal_name":"Store Credit - $15","times_used":74,"units":64.33333333333333,"revenue":1815.1250023643174,"discounts":1179.874993165334,"cost":1112.0333476861317,"profit":703.0916599929333,"pre_discount_revenue":2995.0,"margin":38.7,"avg_discount":78.8},{"deal_name":"Cake / Optimum LR Vapes 2 for $70","times_used":58,"units":84.0,"revenue":3675.0,"discounts":730.0,"cost":1648.7500095367432,"profit":2026.2500667572021,"pre_discount_revenue":4405.0,"margin":55.1,"avg_discount":33.2},{"deal_name":"Srene / Select / AMA / Optimum / Fade Carts 3 for $60","times_used":54,"units":82.0,"revenue":2050.0,"discounts":1537.5,"cost":1219.7499656677246,"profit":830.2500343322754,"pre_discount_revenue":3587.5,"margin":40.5,"avg_discount":85.8},{"deal_name":"40% Off Special","times_used":42,"units":44.0,"revenue":1222.5,"discounts":815.0,"cost":692.7499961853027,"profit":529.7500038146973,"pre_discount_revenue":2037.5,"margin":43.3,"avg_discount":80.0},{"deal_name":"Store Credit - $50","times_used":32,"units":37.0,"revenue":828.3875036239624,"discounts":947.8624987602234,"cost":660.8250069618225,"profit":167.5624953955412,"pre_discount_revenue":1776.25,"margin":20.2,"avg_discount":106.8},{"deal_name":"Main St Happy Hour - 25% Off","times_used":26,"units":28.0,"revenue":930.0,"discounts":310.0,"cost":480.25001287460327,"profit":449.74998712539673,"pre_discount_revenue":1240.0,"margin":48.4,"avg_discount":50.0},{"deal_name":"Store Credit - $75","times_used":16,"units":14.333333333333334,"revenue":208.36250056823093,"discounts":467.4708286921183,"cost":253.58333786328632,"profit":-45.22083496054013,"pre_discount_revenue":675.8333333333333,"margin":-21.7,"avg_discount":138.4},{"deal_name":"Medical - 10%","times_used":16,"units":18.0,"revenue":747.0000076293945,"discounts":82.99999952316284,"cost":338.00000190734863,"profit":409.0000009536743,"pre_discount_revenue":830.0,"margin":54.8,"avg_discount":20.0},{"deal_name":"Sammy Davis Early Bird - 15% Off","times_used":12,"units":14.0,"revenue":533.3749961853027,"discounts":94.12500023841858,"cost":242.25000619888306,"profit":291.12499237060547,"pre_discount_revenue":627.5,"margin":54.6,"avg_discount":30.0},{"deal_name":"Store Credit - $100","times_used":8,"units":10.0,"revenue":145.83750218153,"discounts":317.91250467300415,"cost":167.87500262260437,"profit":-22.03750044107437,"pre_discount_revenue":463.75,"margin":-15.1,"avg_discount":137.2},{"deal_name":"35% Off Special","times_used":4,"units":4.0,"revenue":130.0,"discounts":70.0,"cost":68.00000190734863,"profit":61.99999809265137,"pre_discount_revenue":200.0,"margin":47.7,"avg_discount":70.0},{"deal_name":"Veterans Day - 30% Off For Veterans!","times_used":4,"units":4.0,"revenue":131.25,"discounts":56.25,"cost":77.5,"profit":53.75,"pre_discount_revenue":187.5,"margin":41.0,"avg_discount":60.0},{"deal_name":"Senior Sunday - SAHARA ONLY - 20% Off","times_used":2,"units":2.0,"revenue":70.0,"discounts":17.5,"cost":37.5,"profit":32.5,"pre_discount_revenue":87.5,"margin":46.4,"avg_discount":40.0},{"deal_name":"Store Credit - $150","times_used":2,"units":4.0,"revenue":91.64999961853027,"discounts":83.35000038146973,"cost":68.00000190734863,"profit":23.65000009536743,"pre_discount_revenue":175.0,"margin":25.8,"avg_discount":95.2},{"deal_name":"Senior Sunday - RENO ONLY - 20% Off","times_used":2,"units":2.0,"revenue":70.0,"discounts":17.5,"cost":34.000000953674316,"profit":35.999999046325684,"pre_discount_revenue":87.5,"margin":51.4,"avg_discount":40.0},{"deal_name":"Reno - Early Bird - Senior / Veterans - 20%","times_used":2,"units":2.0,"revenue":80.0,"discounts":20.0,"cost":34.000000953674316,"profit":45.999999046325684,"pre_discount_revenue":100.0,"margin":57.5,"avg_discount":40.0}],"top_products":[{"product":"FRUIT PUNCH #5 DISPOSABLE VAPE - OPTIMUM EXTRACTS","units":6412,"revenue":240000.25390625,"cost":112465.498046875,"profit":127534.74609375,"transactions":5942,"margin":53.099998474121094},{"product":"PASSION ORANGE GUAVA DISPOSABLE VAPE - OPTIMUM EXTRACTS","units":5416,"revenue":200003.59375,"cost":93969.00390625,"profit":106034.599609375,"transactions":5084,"margin":53.0},{"product":"COOKIE BUTTER DISPOSABLE VAPE - OPTIMUM EXTRACTS","units":5124,"revenue":190454.296875,"cost":90884.501953125,"profit":99569.794921875,"transactions":4772,"margin":52.29999923706055},{"product":"PINK PINEAPPLE WHIP DISPOSABLE VAPE - OPTIMUM EXTRACTS","units":5018,"revenue":188860.1171875,"cost":87547.998046875,"profit":101312.119140625,"transactions":4736,"margin":53.599998474121094},{"product":"BLUE RAZZ SHERBERT DISPOSABLE VAPE - OPTIMUM EXTRACTS","units":4662,"revenue":167893.92578125,"cost":83552.001953125,"profit":84341.923828125,"transactions":4344,"margin":50.20000076293945},{"product":"STRAWBERRY WATERMELON KUSH DISPOSABLE VAPE - OPTIMUM EXTRACTS","units":4646,"revenue":166892.421875,"cost":85551.50390625,"profit":81340.9228515625,"transactions":4322,"margin":48.70000076293945},{"product":"HUCKLEBERRY HAZE DISPOSABLE VAPE - OPTIMUM EXTRACTS","units":4528,"revenue":161550.8203125,"cost":82180.498046875,"profit":79370.322265625,"transactions":4220,"margin":49.099998474121094},{"product":"APPLE STRUDEL DISPOSABLE VAPE - OPTIMUM EXTRACTS","units":4280,"revenue":155092.529296875,"cost":75651.0009765625,"profit":79441.5234375,"transactions":4028,"margin":51.20000076293945},{"product":"SWEET PEACH OG DISPOSABLE VAPE - OPTIMUM EXTRACTS","units":4084,"revenue":150802.802734375,"cost":72473.0029296875,"profit":78329.7998046875,"transactions":3778,"margin":51.900001525878906},{"product":"BLACKBERRY CRUMBLE KUSH DISPOSABLE VAPE - OPTIMUM EXTRACTS","units":4028,"revenue":146724.375,"cost":74537.998046875,"profit":72186.376953125,"transactions":3828,"margin":49.20000076293945},{"product":"TROPICANA H.T.E. DISPOSABLE VAPE - OPTIMUM EXTRACTS","units":3302,"revenue":134323.3203125,"cost":65625.2490234375,"profit":68698.076171875,"transactions":3098,"margin":51.099998474121094},{"product":"MAUI MANGO DIESEL DISPOSABLE VAPE - OPTIMUM EXTRACTS","units":3398,"revenue":120167.802734375,"cost":61350.0,"profit":58817.7978515625,"transactions":3136,"margin":48.900001525878906},{"product":"GUAVA MELON OG DISPOSABLE VAPE - OPTIMUM EXTRACTS","units":2968,"revenue":106226.07421875,"cost":52227.001953125,"profit":53999.072265625,"transactions":2704,"margin":50.79999923706055},{"product":"STRAWBERRY DIESEL H.T.E. DISPOSABLE VAPE - OPTIMUM EXTRACTS","units":2490,"revenue":104687.40234375,"cost":48435.0,"profit":56252.40234375,"transactions":2330,"margin":53.70000076293945},{"product":"TAHOE OG H.T.E. DISPOSABLE VAPE - OPTIMUM EXTRACTS","units":2364,"revenue":97627.802734375,"cost":45944.7509765625,"profit":51683.0517578125,"transactions":2254,"margin":52.900001525878906},{"product":"PURPLE PUNCH H.T.E DISPOSABLE VAPE - OPTIMUM EXTRACTS","units":2206,"revenue":90900.146484375,"cost":42622.001953125,"profit":48278.1494140625,"transactions":2058,"margin":53.099998474121094},{"product":"WATERMELON KNIGHT H.T.E. DISPOSABLE VAPE - OPTIMUM EXTRACTS","units":2126,"revenue":79372.626953125,"cost":42520.0,"profit":36852.62451171875,"transactions":2004,"margin":46.400001525878906},{"product":"DUTCH TREAT LIVE RESIN DISPOSABLE VAPE - OPTIMUM EXTRACTS","units":1560,"revenue":75162.1728515625,"cost":33119.5751953125,"profit":42042.6025390625,"transactions":1480,"margin":55.900001525878906},{"product":"ANIMAL CRACKERS H.T.E. DISPOSABLE VAPE - OPTIMUM EXTRACTS","units":1990,"revenue":74436.6259765625,"cost":39800.0,"profit":34636.6259765625,"transactions":1904,"margin":46.5},{"product":"APPLE CRISP H.T.E. DISPOSABLE VAPE - OPTIMUM EXTRACTS","units":1928,"revenue":71019.3017578125,"cost":38372.5,"profit":32646.79931640625,"transactions":1818,"margin":46.0},{"product":"STRAWNANA LIVE RESIN DISPOSABLE VAPE - OPTIMUM EXTRACTS","units":1416,"revenue":67623.4521484375,"cost":30062.24853515625,"profit":37561.201171875,"transactions":1352,"margin":55.5},{"product":"GELATTI H.T.E DISPOSABLE VAPE - OPTIMUM EXTRACTS","units":1598,"revenue":65878.251953125,"cost":30561.75048828125,"profit":35316.50146484375,"transactions":1496,"margin":53.599998474121094},{"product":"MENDO BREATH H.T.E. DISPOSABLE VAPE - OPTIMUM EXTRACTS","units":1446,"revenue":60355.1025390625,"cost":28265.50048828125,"profit":32089.599609375,"transactions":1362,"margin":53.20000076293945},{"product":"BLACKBERRY CRUMBLE KUSH CART - OPTIMUM EXTRACTS","units":1696,"revenue":57052.3486328125,"cost":25227.998046875,"profit":31824.3505859375,"transactions":1524,"margin":55.79999923706055},{"product":"AK47 H.T.E. DISPOSABLE VAPE - OPTIMUM EXTRACTS","units":1340,"revenue":56727.001953125,"cost":25627.5,"profit":31099.49951171875,"transactions":1238,"margin":54.79999923706055}],"products_by_store":{"Elevation Springs":[{"product":"FRUIT PUNCH #5 DISPOSABLE VAPE - OPTIMUM EXTRACTS","units":1240,"revenue":46157.998046875,"cost":21692.5,"profit":24465.50048828125,"transactions":1110,"margin":53.0},{"product":"PASSION ORANGE GUAVA DISPOSABLE VAPE - OPTIMUM EXTRACTS","units":1224,"revenue":44348.125,"cost":21420.50048828125,"profit":22927.62451171875,"transactions":1142,"margin":51.70000076293945},{"product":"BLUE RAZZ SHERBERT DISPOSABLE VAPE - OPTIMUM EXTRACTS","units":1232,"revenue":43487.9248046875,"cost":22246.0009765625,"profit":21241.923828125,"transactions":1136,"margin":48.79999923706055},{"product":"BLACKBERRY CRUMBLE KUSH DISPOSABLE VAPE - OPTIMUM EXTRACTS","units":1038,"revenue":37102.84912109375,"cost":19133.499755859375,"profit":17969.349365234375,"transactions":996,"margin":48.400001525878906},{"product":"SWEET PEACH OG DISPOSABLE VAPE - OPTIMUM EXTRACTS","units":900,"revenue":33457.0751953125,"cost":15821.500244140625,"profit":17635.574951171875,"transactions":842,"margin":52.70000076293945},{"product":"HUCKLEBERRY HAZE DISPOSABLE VAPE - OPTIMUM EXTRACTS","units":886,"revenue":31661.875,"cost":15734.000244140625,"profit":15927.874755859375,"transactions":840,"margin":50.29999923706055},{"product":"MAUI MANGO DIESEL DISPOSABLE VAPE - OPTIMUM EXTRACTS","units":902,"revenue":31065.576171875,"cost":16037.5,"profit":15028.074951171875,"transactions":840,"margin":48.400001525878906},{"product":"STRAWBERRY WATERMELON KUSH DISPOSABLE VAPE - OPTIMUM EXTRACTS","units":842,"revenue":30721.4501953125,"cost":15175.0,"profit":15546.4501953125,"transactions":786,"margin":50.599998474121094},{"product":"PINK PINEAPPLE WHIP DISPOSABLE VAPE - OPTIMUM EXTRACTS","units":792,"revenue":29863.75,"cost":13796.500244140625,"profit":16067.249755859375,"transactions":744,"margin":53.79999923706055},{"product":"COOKIE BUTTER DISPOSABLE VAPE - OPTIMUM EXTRACTS","units":798,"revenue":29231.25,"cost":14175.0,"profit":15056.25,"transactions":766,"margin":51.5},{"product":"STRAWBERRY DIESEL H.T.E. DISPOSABLE VAPE - OPTIMUM EXTRACTS","units":726,"revenue":28601.875,"cost":14173.499755859375,"profit":14428.375244140625,"transactions":698,"margin":50.400001525878906},{"product":"APPLE STRUDEL DISPOSABLE VAPE - OPTIMUM EXTRACTS","units":758,"revenue":27023.125,"cost":13568.499755859375,"profit":13454.625244140625,"transactions":722,"margin":49.79999923706055},{"product":"PURPLE PUNCH H.T.E DISPOSABLE VAPE - OPTIMUM EXTRACTS","units":580,"revenue":23457.2509765625,"cost":11220.250244140625,"profit":12236.99951171875,"transactions":558,"margin":52.20000076293945},{"product":"GUAVA MELON OG DISPOSABLE VAPE - OPTIMUM EXTRACTS","units":642,"revenue":23203.75,"cost":11257.000732421875,"profit":11946.749267578125,"transactions":596,"margin":51.5},{"product":"TROPICANA H.T.E. DISPOSABLE VAPE - OPTIMUM EXTRACTS","units":590,"revenue":22950.0,"cost":11800.0,"profit":11150.0,"transactions":540,"margin":48.599998474121094}],"Elevation Mesa":[{"product":"COOKIE BUTTER DISPOSABLE VAPE - OPTIMUM EXTRACTS","units":1244,"revenue":44624.1748046875,"cost":21935.50048828125,"profit":22688.67431640625,"transactions":1182,"margin":50.79999923706055},{"product":"PASSION ORANGE GUAVA DISPOSABLE VAPE - OPTIMUM EXTRACTS","units":1172,"revenue":40773.87451171875,"cost":20270.50048828125,"profit":20503.3740234375,"transactions":1092,"margin":50.29999923706055},{"product":"FRUIT PUNCH #5 DISPOSABLE VAPE - OPTIMUM EXTRACTS","units":1094,"revenue":39079.52392578125,"cost":19235.0,"profit":19844.525146484375,"transactions":1042,"margin":50.79999923706055},{"product":"SWEET PEACH OG DISPOSABLE VAPE - OPTIMUM EXTRACTS","units":950,"revenue":33872.5,"cost":17021.500244140625,"profit":16850.999755859375,"transactions":882,"margin":49.70000076293945},{"product":"BLUE RAZZ SHERBERT DISPOSABLE VAPE - OPTIMUM EXTRACTS","units":932,"revenue":32307.9248046875,"cost":16733.00048828125,"profit":15574.92431640625,"transactions":868,"margin":48.20000076293945},{"product":"BLACKBERRY CRUMBLE KUSH DISPOSABLE VAPE - OPTIMUM EXTRACTS","units":884,"revenue":31418.9501953125,"cost":16336.99951171875,"profit":15081.949462890625,"transactions":838,"margin":48.0},{"product":"HUCKLEBERRY HAZE DISPOSABLE VAPE - OPTIMUM EXTRACTS","units":894,"revenue":30711.55029296875,"cost":16762.5,"profit":13949.05029296875,"transactions":840,"margin":45.400001525878906},{"product":"GUAVA MELON OG DISPOSABLE VAPE - OPTIMUM EXTRACTS","units":790,"revenue":27838.75,"cost":13958.499755859375,"profit":13880.250244140625,"transactions":708,"margin":49.900001525878906},{"product":"APPLE STRUDEL DISPOSABLE VAPE - OPTIMUM EXTRACTS","units":770,"revenue":27382.548828125,"cost":13695.50048828125,"profit":13687.049560546875,"transactions":736,"margin":50.0},{"product":"PINK PINEAPPLE WHIP DISPOSABLE VAPE - OPTIMUM EXTRACTS","units":718,"revenue":25948.125,"cost":12372.5,"profit":13575.625,"transactions":662,"margin":52.29999923706055},{"product":"TROPICANA H.T.E. DISPOSABLE VAPE - OPTIMUM EXTRACTS","units":626,"revenue":24439.02587890625,"cost":12411.500244140625,"profit":12027.5244140625,"transactions":588,"margin":49.20000076293945},{"product":"STRAWBERRY WATERMELON KUSH DISPOSABLE VAPE - OPTIMUM EXTRACTS","units":584,"revenue":20911.474609375,"cost":10950.0,"profit":9961.475219726562,"transactions":558,"margin":47.599998474121094},{"product":"MAUI MANGO DIESEL DISPOSABLE VAPE - OPTIMUM EXTRACTS","units":550,"revenue":18882.62451171875,"cost":9875.0,"profit":9007.625122070312,"transactions":508,"margin":47.70000076293945},{"product":"ANIMAL CRACKERS H.T.E. DISPOSABLE VAPE - OPTIMUM EXTRACTS","units":498,"revenue":18091.2255859375,"cost":9960.0,"profit":8131.2249755859375,"transactions":482,"margin":44.900001525878906},{"product":"WATERMELON KNIGHT H.T.E. DISPOSABLE VAPE - OPTIMUM EXTRACTS","units":488,"revenue":17740.4248046875,"cost":9760.0,"profit":7980.4248046875,"transactions":476,"margin":45.0}],"Elevation Oasis":[{"product":"FRUIT PUNCH #5 DISPOSABLE VAPE - OPTIMUM EXTRACTS","units":1566,"revenue":59555.400390625,"cost":27406.0009765625,"profit":32149.3994140625,"transactions":1392,"margin":54.0},{"product":"BLUE RAZZ SHERBERT DISPOSABLE VAPE - OPTIMUM EXTRACTS","units":1088,"revenue":40411.75048828125,"cost":19189.000244140625,"profit":21222.7490234375,"transactions":978,"margin":52.5},{"product":"STRAWBERRY WATERMELON KUSH DISPOSABLE VAPE - OPTIMUM EXTRACTS","units":1124,"revenue":40208.62548828125,"cost":20728.5009765625,"profit":19480.12451171875,"transactions":998,"margin":48.400001525878906},{"product":"STRAWBERRY DIESEL H.T.E. DISPOSABLE VAPE - OPTIMUM EXTRACTS","units":866,"revenue":38559.7509765625,"cost":16824.749755859375,"profit":21735.0,"transactions":760,"margin":56.400001525878906},{"product":"SWEET PEACH OG DISPOSABLE VAPE - OPTIMUM EXTRACTS","units":1000,"revenue":37382.2998046875,"cost":17696.500244140625,"profit":19685.799560546875,"transactions":880,"margin":52.70000076293945},{"product":"COOKIE BUTTER DISPOSABLE VAPE - OPTIMUM EXTRACTS","units":944,"revenue":35442.19970703125,"cost":16394.500732421875,"profit":19047.7001953125,"transactions":824,"margin":53.70000076293945},{"product":"APPLE STRUDEL DISPOSABLE VAPE - OPTIMUM EXTRACTS","units":966,"revenue":34672.0751953125,"cost":16772.000732421875,"profit":17900.074462890625,"transactions":870,"margin":51.599998474121094},{"product":"PASSION ORANGE GUAVA DISPOSABLE VAPE - OPTIMUM EXTRACTS","units":902,"revenue":34011.025390625,"cost":15509.000244140625,"profit":18502.025146484375,"transactions":804,"margin":54.400001525878906},{"product":"PINK PINEAPPLE WHIP DISPOSABLE VAPE - OPTIMUM EXTRACTS","units":900,"revenue":33148.00048828125,"cost":15737.5,"profit":17410.499267578125,"transactions":786,"margin":52.5},{"product":"HUCKLEBERRY HAZE DISPOSABLE VAPE - OPTIMUM EXTRACTS","units":866,"revenue":31293.75,"cost":15614.500732421875,"profit":15679.25048828125,"transactions":780,"margin":50.099998474121094},{"product":"TAHOE OG H.T.E. DISPOSABLE VAPE - OPTIMUM EXTRACTS","units":704,"revenue":30457.900390625,"cost":13637.249755859375,"profit":16820.650634765625,"transactions":652,"margin":55.20000076293945},{"product":"BLACKBERRY CRUMBLE KUSH DISPOSABLE VAPE - OPTIMUM EXTRACTS","units":732,"revenue":28420.224609375,"cost":13392.5,"profit":15027.724609375,"transactions":686,"margin":52.900001525878906},{"product":"PURPLE PUNCH H.T.E DISPOSABLE VAPE - OPTIMUM EXTRACTS","units":652,"revenue":28109.3505859375,"cost":12555.250244140625,"profit":15554.100341796875,"transactions":562,"margin":55.29999923706055},{"product":"TROPICANA H.T.E. DISPOSABLE VAPE - OPTIMUM EXTRACTS","units":594,"revenue":26248.00048828125,"cost":11661.25,"profit":14586.75048828125,"transactions":520,"margin":55.599998474121094},{"product":"AK47 H.T.E. DISPOSABLE VAPE - OPTIMUM EXTRACTS","units":610,"revenue":26167.17529296875,"cost":11666.25,"profit":14500.92529296875,"transactions":534,"margin":55.400001525878906}],"Elevation Downtown":[{"product":"DUTCH TREAT LIVE RESIN DISPOSABLE VAPE - OPTIMUM EXTRACTS","units":100,"revenue":4917.5,"cost":2123.75,"profit":2793.75,"transactions":94,"margin":56.79999923706055},{"product":"PINK PINEAPPLE WHIP DISPOSABLE VAPE - OPTIMUM EXTRACTS","units":120,"revenue":4605.0,"cost":2040.0,"profit":2565.0,"transactions":112,"margin":55.70000076293945},{"product":"APPLE STRUDEL DISPOSABLE VAPE - OPTIMUM EXTRACTS","units":70,"revenue":2745.625,"cost":1225.0,"profit":1520.625,"transactions":68,"margin":55.400001525878906},{"product":"FRUIT PUNCH #5 DISPOSABLE VAPE - OPTIMUM EXTRACTS","units":70,"revenue":2554.375,"cost":1218.0000305175781,"profit":1336.3749694824219,"transactions":66,"margin":52.29999923706055},{"product":"STRAWNANA LIVE RESIN DISPOSABLE VAPE - OPTIMUM EXTRACTS","units":50,"revenue":2418.75,"cost":1061.875,"profit":1356.875,"transactions":48,"margin":56.099998474121094},{"product":"PASSION ORANGE GUAVA DISPOSABLE VAPE - OPTIMUM EXTRACTS","units":60,"revenue":2165.0,"cost":1020.0,"profit":1145.0,"transactions":58,"margin":52.900001525878906},{"product":"DO-SI-DOS LIVE RESIN DISPOSABLE VAPE - OPTIMUM EXTRACTS","units":50,"revenue":2135.0,"cost":1061.875,"profit":1073.125,"transactions":46,"margin":50.29999923706055},{"product":"MENDO BREATH H.T.E. DISPOSABLE VAPE - OPTIMUM EXTRACTS","units":50,"revenue":2130.749969482422,"cost":956.25,"profit":1174.5000457763672,"transactions":48,"margin":55.099998474121094},{"product":"STRAWBERRY DIESEL H.T.E. DISPOSABLE VAPE - OPTIMUM EXTRACTS","units":50,"revenue":2099.7500610351562,"cost":956.25,"profit":1143.499984741211,"transactions":50,"margin":54.5},{"product":"DURBAN POISON H.T.E. DISPOSABLE VAPE - OPTIMUM EXTRACTS","units":50,"revenue":2074.7500610351562,"cost":956.25,"profit":1118.499984741211,"transactions":48,"margin":53.900001525878906},{"product":"MAUI MANGO DIESEL DISPOSABLE VAPE - OPTIMUM EXTRACTS","units":50,"revenue":1948.75,"cost":850.0,"profit":1098.75,"transactions":48,"margin":56.400001525878906},{"product":"WEDDING CRASHER LIVE RESIN DISPOSABLE VAPE - OPTIMUM EXTRACTS","units":40,"revenue":1860.0,"cost":849.4999694824219,"profit":1010.5000305175781,"transactions":36,"margin":54.29999923706055},{"product":"SWEET PEACH OG CART - OPTIMUM EXTRACTS","units":48,"revenue":1767.5,"cost":713.9999389648438,"profit":1053.499984741211,"transactions":42,"margin":59.599998474121094},{"product":"AK47 H.T.E. DISPOSABLE VAPE - OPTIMUM EXTRACTS","units":40,"revenue":1740.2499389648438,"cost":765.0,"profit":975.2500152587891,"transactions":40,"margin":56.0},{"product":"PASSION ORANGE GUAVA CART - OPTIMUM EXTRACTS","units":50,"revenue":1713.75,"cost":743.75,"profit":970.0,"transactions":48,"margin":56.599998474121094}],"Elevation Midtown":[{"product":"FRUIT PUNCH #5 DISPOSABLE VAPE - OPTIMUM EXTRACTS","units":892,"revenue":34702.7001953125,"cost":15598.00048828125,"profit":19104.69970703125,"transactions":856,"margin":55.099998474121094},{"product":"COOKIE BUTTER DISPOSABLE VAPE - OPTIMUM EXTRACTS","units":562,"revenue":22364.7998046875,"cost":10012.5,"profit":12352.2998046875,"transactions":540,"margin":55.20000076293945},{"product":"PINK PINEAPPLE WHIP DISPOSABLE VAPE - OPTIMUM EXTRACTS","units":542,"revenue":20689.375,"cost":9732.000122070312,"profit":10957.37548828125,"transactions":528,"margin":53.0},{"product":"PASSION ORANGE GUAVA DISPOSABLE VAPE - OPTIMUM EXTRACTS","units":510,"revenue":19761.700439453125,"cost":8841.500244140625,"profit":10920.2001953125,"transactions":498,"margin":55.29999923706055},{"product":"APPLE STRUDEL DISPOSABLE VAPE - OPTIMUM EXTRACTS","units":466,"revenue":17120.400390625,"cost":8272.000122070312,"profit":8848.399658203125,"transactions":428,"margin":51.70000076293945},{"product":"BLUE RAZZ SHERBERT DISPOSABLE VAPE - OPTIMUM EXTRACTS","units":416,"revenue":15683.199462890625,"cost":7422.0001220703125,"profit":8261.199951171875,"transactions":408,"margin":52.70000076293945},{"product":"TAHOE OG H.T.E. DISPOSABLE VAPE - OPTIMUM EXTRACTS","units":350,"revenue":15215.350341796875,"cost":6737.5,"profit":8477.850341796875,"transactions":332,"margin":55.70000076293945},{"product":"BLACKBERRY CRUMBLE KUSH DISPOSABLE VAPE - OPTIMUM EXTRACTS","units":384,"revenue":13857.5,"cost":7112.5,"profit":6745.0,"transactions":364,"margin":48.70000076293945},{"product":"STRAWBERRY WATERMELON KUSH DISPOSABLE VAPE - OPTIMUM EXTRACTS","units":350,"revenue":13648.75,"cost":6562.5,"profit":7086.25,"transactions":328,"margin":51.900001525878906},{"product":"SWEET PEACH OG DISPOSABLE VAPE - OPTIMUM EXTRACTS","units":342,"revenue":12845.92529296875,"cost":6153.5003662109375,"profit":6692.4249267578125,"transactions":330,"margin":52.099998474121094},{"product":"HUCKLEBERRY HAZE DISPOSABLE VAPE - OPTIMUM EXTRACTS","units":342,"revenue":12188.125,"cost":6412.5,"profit":5775.625,"transactions":322,"margin":47.400001525878906},{"product":"TROPICANA H.T.E. DISPOSABLE VAPE - OPTIMUM EXTRACTS","units":250,"revenue":10256.25,"cost":5000.0,"profit":5256.25,"transactions":242,"margin":51.20000076293945},{"product":"WATERMELON KNIGHT H.T.E. DISPOSABLE VAPE - OPTIMUM EXTRACTS","units":196,"revenue":8135.0,"cost":3920.0,"profit":4215.0,"transactions":190,"margin":51.79999923706055},{"product":"MAUI MANGO DIESEL DISPOSABLE VAPE - OPTIMUM EXTRACTS","units":198,"revenue":7555.0,"cost":3712.5,"profit":3842.5,"transactions":186,"margin":50.900001525878906},{"product":"GUAVA MELON OG DISPOSABLE VAPE - OPTIMUM EXTRACTS","units":174,"revenue":6544.1998291015625,"cost":3045.5001831054688,"profit":3498.699951171875,"transactions":164,"margin":53.5}],"Elevation Boulevard":[{"product":"STRAWBERRY WATERMELON KUSH DISPOSABLE VAPE - OPTIMUM EXTRACTS","units":1000,"revenue":34492.5,"cost":18309.000244140625,"profit":16183.499755859375,"transactions":930,"margin":46.900001525878906},{"product":"PINK PINEAPPLE WHIP DISPOSABLE VAPE - OPTIMUM EXTRACTS","units":848,"revenue":30610.625,"cost":14853.499755859375,"profit":15757.125244140625,"transactions":828,"margin":51.5},{"product":"HUCKLEBERRY HAZE DISPOSABLE VAPE - OPTIMUM EXTRACTS","units":824,"revenue":28012.39990234375,"cost":14869.000244140625,"profit":13143.399658203125,"transactions":766,"margin":46.900001525878906},{"product":"MAUI MANGO DIESEL DISPOSABLE VAPE - OPTIMUM EXTRACTS","units":698,"revenue":23317.724609375,"cost":12475.0,"profit":10842.724609375,"transactions":652,"margin":46.5},{"product":"COOKIE BUTTER DISPOSABLE VAPE - OPTIMUM EXTRACTS","units":650,"revenue":23063.75,"cost":11750.0,"profit":11313.75,"transactions":616,"margin":49.099998474121094},{"product":"FRUIT PUNCH #5 DISPOSABLE VAPE - OPTIMUM EXTRACTS","units":602,"revenue":20983.75,"cost":10762.5,"profit":10221.25,"transactions":554,"margin":48.70000076293945},{"product":"PASSION ORANGE GUAVA DISPOSABLE VAPE - OPTIMUM EXTRACTS","units":542,"revenue":18954.25048828125,"cost":9389.000244140625,"profit":9565.249633789062,"transactions":514,"margin":50.5},{"product":"APPLE STRUDEL DISPOSABLE VAPE - OPTIMUM EXTRACTS","units":546,"revenue":18910.0,"cost":9628.500366210938,"profit":9281.499633789062,"transactions":522,"margin":49.099998474121094},{"product":"BLACKBERRY CRUMBLE KUSH DISPOSABLE VAPE - OPTIMUM EXTRACTS","units":496,"revenue":17325.625,"cost":9300.0,"profit":8025.625,"transactions":466,"margin":46.29999923706055},{"product":"SWEET PEACH OG DISPOSABLE VAPE - OPTIMUM EXTRACTS","units":432,"revenue":15517.5,"cost":7519.000244140625,"profit":7998.499755859375,"transactions":412,"margin":51.5},{"product":"GUAVA MELON OG DISPOSABLE VAPE - OPTIMUM EXTRACTS","units":438,"revenue":15245.625,"cost":7708.5003662109375,"profit":7537.1246337890625,"transactions":410,"margin":49.400001525878906},{"product":"BLUE RAZZ SHERBERT DISPOSABLE VAPE - OPTIMUM EXTRACTS","units":442,"revenue":15148.75,"cost":7864.000244140625,"profit":7284.749755859375,"transactions":424,"margin":48.099998474121094},{"product":"TROPICANA H.T.E. DISPOSABLE VAPE - OPTIMUM EXTRACTS","units":398,"revenue":14358.5498046875,"cost":7916.25,"profit":6442.2998046875,"transactions":380,"margin":44.900001525878906},{"product":"DUTCH TREAT LIVE RESIN DISPOSABLE VAPE - OPTIMUM EXTRACTS","units":310,"revenue":13874.375,"cost":6580.1995849609375,"profit":7294.1754150390625,"transactions":298,"margin":52.599998474121094},{"product":"STRAWNANA LIVE RESIN DISPOSABLE VAPE - OPTIMUM EXTRACTS","units":298,"revenue":13244.375,"cost":6326.6748046875,"profit":6917.7001953125,"transactions":284,"margin":52.20000076293945}],"Elevation Parkway":[{"product":"PINK PINEAPPLE WHIP DISPOSABLE VAPE - OPTIMUM EXTRACTS","units":1098,"revenue":43995.2490234375,"cost":19016.0009765625,"profit":24979.25048828125,"transactions":1076,"margin":56.79999923706055},{"product":"PASSION ORANGE GUAVA DISPOSABLE VAPE - OPTIMUM EXTRACTS","units":1006,"revenue":39989.6240234375,"cost":17518.499755859375,"profit":22471.12548828125,"transactions":976,"margin":56.20000076293945},{"product":"FRUIT PUNCH #5 DISPOSABLE VAPE - OPTIMUM EXTRACTS","units":948,"revenue":36966.4990234375,"cost":16553.499755859375,"profit":20412.999267578125,"transactions":922,"margin":55.20000076293945},{"product":"TROPICANA H.T.E. DISPOSABLE VAPE - OPTIMUM EXTRACTS","units":844,"revenue":36071.4990234375,"cost":16836.25,"profit":19235.250244140625,"transactions":828,"margin":53.29999923706055},{"product":"DUTCH TREAT LIVE RESIN DISPOSABLE VAPE - OPTIMUM EXTRACTS","units":698,"revenue":35542.5,"cost":14818.7744140625,"profit":20723.7255859375,"transactions":668,"margin":58.29999923706055},{"product":"COOKIE BUTTER DISPOSABLE VAPE - OPTIMUM EXTRACTS","units":886,"revenue":34238.75,"cost":15937.000732421875,"profit":18301.749267578125,"transactions":804,"margin":53.5},{"product":"APPLE STRUDEL DISPOSABLE VAPE - OPTIMUM EXTRACTS","units":704,"revenue":27238.75,"cost":12489.500732421875,"profit":14749.249267578125,"transactions":682,"margin":54.099998474121094},{"product":"HUCKLEBERRY HAZE DISPOSABLE VAPE - OPTIMUM EXTRACTS","units":696,"revenue":26929.375,"cost":12448.00048828125,"profit":14481.37451171875,"transactions":652,"margin":53.79999923706055},{"product":"STRAWNANA LIVE RESIN DISPOSABLE VAPE - OPTIMUM EXTRACTS","units":500,"revenue":25401.25,"cost":10613.524169921875,"profit":14787.725830078125,"transactions":488,"margin":58.20000076293945},{"product":"STRAWBERRY WATERMELON KUSH DISPOSABLE VAPE - OPTIMUM EXTRACTS","units":704,"revenue":25273.3740234375,"cost":13112.5,"profit":12160.875244140625,"transactions":680,"margin":48.099998474121094},{"product":"BLUE RAZZ SHERBERT DISPOSABLE VAPE - OPTIMUM EXTRACTS","units":542,"revenue":20481.875,"cost":9914.000244140625,"profit":10567.874755859375,"transactions":520,"margin":51.599998474121094},{"product":"MAUI MANGO DIESEL DISPOSABLE VAPE - OPTIMUM EXTRACTS","units":500,"revenue":18653.125,"cost":9025.0,"profit":9628.125,"transactions":480,"margin":51.599998474121094},{"product":"BLACKBERRY CRUMBLE KUSH DISPOSABLE VAPE - OPTIMUM EXTRACTS","units":494,"revenue":18599.224853515625,"cost":9262.5,"profit":9336.724853515625,"transactions":478,"margin":50.20000076293945},{"product":"SWEET PEACH OG DISPOSABLE VAPE - OPTIMUM EXTRACTS","units":450,"revenue":17355.0,"cost":8087.5,"profit":9267.5,"transactions":422,"margin":53.400001525878906},{"product":"WATERMELON KNIGHT H.T.E. DISPOSABLE VAPE - OPTIMUM EXTRACTS","units":348,"revenue":14158.75,"cost":6960.0,"profit":7198.75,"transactions":342,"margin":50.79999923706055}]},"store_summary":[{"store_clean":"Elevation Oasis","units":24824,"revenue":968437.265625,"cost":448867.109375,"profit":519570.1171875,"discounts":195382.75390625,"margin":53.70000076293945,"discount_rate":16.799999237060547},{"store_clean":"Elevation Springs","units":24642,"revenue":918400.390625,"cost":454801.1328125,"profit":463599.21875,"discounts":240397.12890625,"margin":50.5,"discount_rate":20.700000762939453},{"store_clean":"Elevation Mesa","units":21482,"revenue":777568.59375,"cost":396122.96875,"profit":381445.625,"discounts":224941.42578125,"margin":49.099998474121094,"discount_rate":22.399999618530273},{"store_clean":"Elevation Parkway","units":17694,"revenue":721124.140625,"cost":332282.96875,"profit":388841.171875,"discounts":114745.37109375,"margin":53.900001525878906,"discount_rate":13.699999809265137},{"store_clean":"Elevation Boulevard","units":14506,"revenue":523186.953125,"cost":268808.984375,"profit":254377.96875,"discounts":154950.546875,"margin":48.599998474121094,"discount_rate":22.799999237060547},{"store_clean":"Elevation Midtown","units":9824,"revenue":385716.71875,"cost":179944.2578125,"profit":205772.44140625,"discounts":69755.80078125,"margin":53.29999923706055,"discount_rate":15.300000190734863},{"store_clean":"Elevation Downtown","units":1348,"revenue":54514.873046875,"cost":24475.74951171875,"profit":30039.1259765625,"discounts":10585.12451171875,"margin":55.099998474121094,"discount_rate":16.299999237060547}],"recommendations":[{"severity":"info","title":"VOLUME LEVERAGE","detail":"$1,739,580 revenue provides negotiating leverage.","action":"Use volume as leverage in next vendor meeting."}],"comparison":null}