{"brand":"DIME INDUSTRIES","date_range":"2024-01-01 00:00:00 to 2026-01-31 00:00:00","period_label":"All Time","summary":{"total_units":3357,"total_revenue":149207.234375,"total_cost":71597.5,"total_discounts":23911.76171875,"total_profit":77609.7421875,"overall_margin":52.0,"fp_margin":58.599998474121094,"disc_margin":42.599998474121094,"pct_full_price":58.599998474121094,"avg_discount_rate":13.800000190734863,"fp_revenue":87505.0,"disc_revenue":61702.234375,"brand":"DIME INDUSTRIES","date_range":"2024-01-01 00:00:00 to 2026-01-31 00:00:00","primary_category":"DISPOSABLE VAPE","store_coverage":"6/7","stores_present":["Thrive Cactus","Thrive Cheyenne","Thrive Jackpot","Thrive Reno","Thrive Sahara","Thrive Sammy"],"stores_missing":["Thrive Main Street"],"velocity_rank":20,"velocity_total":35},"distribution":[{"store":"Thrive Cactus","carries_brand":true,"sku_count":8,"revenue":41700.296875,"units":953,"store_total_revenue":20455500.0,"brand_share_pct":0.20000000298023224},{"store":"Thrive Cheyenne","carries_brand":true,"sku_count":6,"revenue":18115.44921875,"units":439,"store_total_revenue":19012896.0,"brand_share_pct":0.10000000149011612},{"store":"Thrive Jackpot","carries_brand":true,"sku_count":8,"revenue":32595.34765625,"units":699,"store_total_revenue":22420058.0,"brand_share_pct":0.10000000149011612},{"store":"Thrive Main Street","carries_brand":false,"sku_count":0,"revenue":0,"units":0,"store_total_revenue":778094.875,"brand_share_pct":0},{"store":"Thrive Reno","carries_brand":true,"sku_count":8,"revenue":15916.98046875,"units":337,"store_total_revenue":12340074.0,"brand_share_pct":0.10000000149011612},{"store":"Thrive Sahara","carries_brand":true,"sku_count":7,"revenue":12015.91015625,"units":295,"store_total_revenue":11503146.0,"brand_share_pct":0.10000000149011612},{"store":"Thrive Sammy","carries_brand":true,"sku_count":8,"revenue":28863.25,"units":634,"store_total_revenue":8794803.0,"brand_share_pct":0.30000001192092896}],"share_of_category":[{"category":"DISPOSABLE VAPE","brand_revenue":149207.234375,"category_revenue":12220962.0,"revenue_share_pct":1.2000000476837158,"brand_units":3357,"category_units":378274,"units_share_pct":0.9}],"share_of_category_trend":{"DISPOSABLE VAPE":[{"period":"2024-01","brand_revenue":0.0,"category_revenue":373389.96875,"share_pct":0.0},{"period":"2024-02","brand_revenue":11709.5,"category_revenue":351112.84375,"share_pct":3.299999952316284},{"period":"2024-03","brand_revenue":34286.4296875,"category_revenue":396276.8125,"share_pct":8.699999809265137},{"period":"2024-04","brand_revenue":31871.099609375,"category_revenue":388780.875,"share_pct":8.199999809265137},{"period":"2024-05","brand_revenue":27139.810546875,"category_revenue":414040.1875,"share_pct":6.599999904632568},{"period":"2024-06","brand_revenue":17519.44921875,"category_revenue":415917.6875,"share_pct":4.199999809265137},{"period":"2024-07","brand_revenue":18396.94921875,"category_revenue":432654.625,"share_pct":4.300000190734863},{"period":"2024-08","brand_revenue":4793.5,"category_revenue":439463.25,"share_pct":1.100000023841858},{"period":"2024-09","brand_revenue":2145.0,"category_revenue":422557.8125,"share_pct":0.5},{"period":"2024-10","brand_revenue":1345.5,"category_revenue":478816.46875,"share_pct":0.30000001192092896},{"period":"2024-11","brand_revenue":0.0,"category_revenue":477592.09375,"share_pct":0.0},{"period":"2024-12","brand_revenue":0.0,"category_revenue":488803.59375,"share_pct":0.0},{"period":"2025-01","brand_revenue":0.0,"category_revenue":440220.96875,"share_pct":0.0},{"period":"2025-02","brand_revenue":0.0,"category_revenue":466908.5,"share_pct":0.0},{"period":"2025-03","brand_revenue":0.0,"category_revenue":539542.6875,"share_pct":0.0},{"period":"2025-04","brand_revenue":0.0,"category_revenue":565855.9375,"share_pct":0.0},{"period":"2025-05","brand_revenue":0.0,"category_revenue":584235.375,"share_pct":0.0},{"period":"2025-06","brand_revenue":0.0,"category_revenue":528341.1875,"share_pct":0.0},{"period":"2025-07","brand_revenue":0.0,"category_revenue":580477.9375,"share_pct":0.0},{"period":"2025-08","brand_revenue":0.0,"category_revenue":561408.25,"share_pct":0.0},{"period":"2025-09","brand_revenue":0.0,"category_revenue":527007.25,"share_pct":0.0},{"period":"2025-10","brand_revenue":0.0,"category_revenue":604677.5,"share_pct":0.0},{"period":"2025-11","brand_revenue":0.0,"category_revenue":592683.6875,"share_pct":0.0},{"period":"2025-12","brand_revenue":0.0,"category_revenue":590758.75,"share_pct":0.0},{"period":"2026-01","brand_revenue":0.0,"category_revenue":559437.9375,"share_pct":0.0}]},"velocity_by_category":[{"category":"DISPOSABLE VAPE","brand_units_per_day":4.41,"category_avg_units_per_day":14.18,"velocity_index":31.1,"brand_rev_per_unit":44.45,"category_rev_per_unit":32.31,"brands_in_category":35}],"store_gaps":[{"store":"Thrive Main Street","category":"DISPOSABLE VAPE","category_revenue_at_store":154562.515625,"opportunity":"Brand not carried"}],"product_mix":{"top":[{"product":"PEACH MOJITO LR DISPOSABLE VAPE - DIME","units":643,"revenue":30452.75,"cost":14467.5,"profit":15985.25,"stores":5,"transactions":607,"margin":52.5},{"product":"DIME OG DISPOSABLE VAPE - DIME","units":547,"revenue":22819.25,"cost":10940.0,"profit":11879.25,"stores":6,"transactions":507,"margin":52.099998474121094},{"product":"KING LOUIS XIII DISPOSABLE VAPE - DIME","units":541,"revenue":22363.150390625,"cost":10820.0,"profit":11543.150390625,"stores":6,"transactions":504,"margin":51.599998474121094},{"product":"WATERMELON OG LR DISPOSABLE VAPE - DIME","units":464,"revenue":21465.5,"cost":10440.0,"profit":11025.5,"stores":6,"transactions":444,"margin":51.400001525878906},{"product":"GRAPE LIMEADE LR DISPOSABLE VAPE - DIME","units":364,"revenue":17266.66015625,"cost":8190.0,"profit":9076.66015625,"stores":6,"transactions":356,"margin":52.599998474121094},{"product":"PAPAYA LR DISPOSABLE VAPE - DIME","units":312,"revenue":14473.9296875,"cost":7020.0,"profit":7453.93017578125,"stores":6,"transactions":300,"margin":51.5},{"product":"BLUEBERRY LEMON HAZE DISPOSABLE VAPE - DIME","units":313,"revenue":13579.5,"cost":6260.0,"profit":7319.5,"stores":6,"transactions":297,"margin":53.900001525878906},{"product":"WEDDING CAKE DISPOSABLE VAPE - DIME","units":173,"revenue":6786.5,"cost":3460.0,"profit":3326.5,"stores":4,"transactions":164,"margin":49.0}],"bottom":[],"expansion":[{"product":"PEACH MOJITO LR DISPOSABLE VAPE - DIME","current_stores":5,"total_stores":6,"missing_stores":["Thrive Cheyenne"],"revenue":30452.75},{"product":"WEDDING CAKE DISPOSABLE VAPE - DIME","current_stores":4,"total_stores":6,"missing_stores":["Thrive Cheyenne","Thrive Sahara"],"revenue":6786.5}]},"pricing_consistency":[{"product":"WATERMELON OG LR DISPOSABLE VAPE - DIME","min_price":40.53448696794181,"max_price":50.04000244140625,"avg_price":45.74541348838423,"std_dev":4.174948119371958,"store_count":6,"price_range":9.505515473464442,"range_pct":20.8},{"product":"PEACH MOJITO LR DISPOSABLE VAPE - DIME","min_price":40.52249755859375,"max_price":50.34505387190934,"avg_price":47.45768876873972,"std_dev":4.159280725781592,"store_count":5,"price_range":9.822556313315594,"range_pct":20.7},{"product":"DIME OG DISPOSABLE VAPE - DIME","min_price":37.986111111111114,"max_price":46.63125,"avg_price":41.95248861397261,"std_dev":3.0349169896176846,"store_count":6,"price_range":8.645138888888887,"range_pct":20.6},{"product":"PAPAYA LR DISPOSABLE VAPE - DIME","min_price":42.70958636558219,"max_price":51.78766682942708,"avg_price":47.07213308308823,"std_dev":3.3545576001454145,"store_count":6,"price_range":9.078080463844891,"range_pct":19.3},{"product":"GRAPE LIMEADE LR DISPOSABLE VAPE - DIME","min_price":43.00400390625,"max_price":50.377001953125,"avg_price":47.154582090116115,"std_dev":3.1634762464982287,"store_count":6,"price_range":7.372998046875004,"range_pct":15.6},{"product":"KING LOUIS XIII DISPOSABLE VAPE - DIME","min_price":37.8933349609375,"max_price":43.93672771843112,"avg_price":40.82004684182909,"std_dev":2.536389731425912,"store_count":6,"price_range":6.043392757493621,"range_pct":14.8},{"product":"BLUEBERRY LEMON HAZE DISPOSABLE VAPE - DIME","min_price":39.98400065104167,"max_price":46.155168204471984,"avg_price":43.52157024034744,"std_dev":2.6689177100834214,"store_count":6,"price_range":6.171167553430315,"range_pct":14.2},{"product":"WEDDING CAKE DISPOSABLE VAPE - DIME","min_price":37.56666819254557,"max_price":41.552001953125,"avg_price":39.08566851298014,"std_dev":1.7460635434995622,"store_count":4,"price_range":3.9853337605794295,"range_pct":10.2}],"promotional_effectiveness":{"lift":{"fp_units_per_day":8.46,"disc_units_per_day":7.6,"lift_pct":-10.1,"fp_avg_revenue_per_unit":51.72,"disc_avg_revenue_per_unit":37.06},"by_deal":[{"deal_name":"Industry - 30% Off","uses":552,"revenue":22043.699584960938,"discounts":9447.300216674805,"units":610.0,"cost":13047.5,"margin":40.8,"discount_depth":30.0},{"deal_name":"30% Off DIME LR Vapes","uses":184,"revenue":7795.199834823608,"discounts":3347.799988746643,"units":224.0,"cost":4567.5,"margin":41.4,"discount_depth":30.0},{"deal_name":"4/20 40% Off!!!!","uses":83,"revenue":3420.6000957489014,"discounts":2280.4000415802,"units":109.0,"cost":2360.0,"margin":31.0,"discount_depth":40.0},{"deal_name":"Senior - 10% Off","uses":44,"revenue":3329.9998931884766,"discounts":364.0000066757202,"units":71.0,"cost":1527.5,"margin":54.1,"discount_depth":9.9},{"deal_name":"Veterans - 10% Off","uses":39,"revenue":1901.6999435424805,"discounts":211.30000352859497,"units":41.0,"cost":875.0,"margin":54.0,"discount_depth":10.0},{"deal_name":"Senior / Veterans - 20% Off","uses":25,"revenue":1559.2000274658203,"discounts":389.8000068664551,"units":38.0,"cost":805.0,"margin":48.4,"discount_depth":20.0},{"deal_name":"Jackpot - Locals 30% Off","uses":17,"revenue":796.599983215332,"discounts":341.4000072479248,"units":22.0,"cost":470.0,"margin":41.0,"discount_depth":30.0},{"deal_name":"30% Off Special","uses":14,"revenue":526.4000091552734,"discounts":225.600004196167,"units":16.0,"cost":325.0,"margin":38.3,"discount_depth":30.0},{"deal_name":"LVAC - 25% Off","uses":8,"revenue":630.0,"discounts":210.0,"units":16.0,"cost":350.0,"margin":44.4,"discount_depth":25.0}]},"growth_opportunities":[{"type":"distribution","title":"Expand to Thrive Main Street","detail":"Store has $154,563 in DISPOSABLE VAPE \u2014 categories where DIME INDUSTRIES competes.","priority":"high"},{"type":"sku_expansion","title":"Add 'PEACH MOJITO LR DISPOSABLE VAPE - DIME' to 1 more store(s)","detail":"Carried in 5 stores. Missing from: Thrive Cheyenne","priority":"medium"},{"type":"sku_expansion","title":"Add 'WEDDING CAKE DISPOSABLE VAPE - DIME' to 2 more store(s)","detail":"Carried in 4 stores. Missing from: Thrive Cheyenne, Thrive Sahara","priority":"medium"},{"type":"velocity","title":"Improve velocity in DISPOSABLE VAPE","detail":"Velocity index 31 (below category average). 4.4 units/day vs 14.2 avg.","priority":"medium"}],"trend":[{"period":"2024-02","revenue":11709.5,"cost":5347.5,"margin":54.3,"units":255,"transactions":228,"profit":6362.0,"revenue_change_pct":null,"units_change_pct":null,"margin_change_pts":null},{"period":"2024-03","revenue":34286.4296875,"cost":16055.0,"margin":53.2,"units":768,"transactions":668,"profit":18231.4296875,"revenue_change_pct":192.8,"units_change_pct":201.2,"margin_change_pts":-1.2},{"period":"2024-04","revenue":31871.099609375,"cost":15415.0,"margin":51.6,"units":712,"transactions":596,"profit":16456.099609375,"revenue_change_pct":-7.0,"units_change_pct":-7.3,"margin_change_pts":-1.5},{"period":"2024-05","revenue":27139.810546875,"cost":12767.5,"margin":53.0,"units":574,"transactions":493,"profit":14372.3095703125,"revenue_change_pct":-14.8,"units_change_pct":-19.4,"margin_change_pts":1.3},{"period":"2024-06","revenue":17519.44921875,"cost":8252.5,"margin":52.9,"units":374,"transactions":301,"profit":9266.9501953125,"revenue_change_pct":-35.4,"units_change_pct":-34.8,"margin_change_pts":-0.1},{"period":"2024-07","revenue":18396.94921875,"cost":9502.5,"margin":48.3,"units":464,"transactions":403,"profit":8894.4501953125,"revenue_change_pct":5.0,"units_change_pct":24.1,"margin_change_pts":-4.5},{"period":"2024-08","revenue":4793.5,"cost":2397.5,"margin":50.0,"units":117,"transactions":102,"profit":2396.0,"revenue_change_pct":-73.9,"units_change_pct":-74.8,"margin_change_pts":1.6},{"period":"2024-09","revenue":2145.0,"cost":1120.0,"margin":47.8,"units":56,"transactions":50,"profit":1025.0,"revenue_change_pct":-55.3,"units_change_pct":-52.1,"margin_change_pts":-2.2},{"period":"2024-10","revenue":1345.5,"cost":740.0,"margin":45.0,"units":37,"transactions":36,"profit":605.5,"revenue_change_pct":-37.3,"units_change_pct":-33.9,"margin_change_pts":-2.8}]}