{"brand":"DIME INDUSTRIES","date_range":"2024-01-01 00:00:00 to 2026-01-31 00:00:00","period_label":"All Time","summary":{"total_units":6714,"total_revenue":373018.0859375,"total_cost":178993.75,"total_discounts":59779.404296875,"total_profit":194024.35546875,"overall_margin":52.0,"fp_margin":58.599998474121094,"disc_margin":42.599998474121094,"pct_full_price":58.599998474121094,"avg_discount_rate":13.800000190734863,"fp_revenue":218762.5,"disc_revenue":154255.5859375,"unique_customers":4144,"brand":"DIME INDUSTRIES","date_range":"2024-01-01 00:00:00 to 2026-01-31 00:00:00","months_count":18,"avg_monthly_cost":19888.2,"cost_per_unit":53.324999999999996,"primary_category":"DISPOSABLE VAPE","primary_cat_margin":52.79999923706055,"category_rank":18,"category_total":35,"margin_vs_category":-0.800000011920929,"velocity_rank":20},"category_breakdown":[{"category_clean":"DISPOSABLE VAPE","units":6714,"revenue":373018.0859375,"cost":178993.75,"profit":194024.35546875,"discounts":59779.3994140625,"margin":52.0,"category_avg_margin":52.79999923706055,"vs_category":-0.8,"rank":18.0,"total_brands":35.0}],"trend":[{"period":"2024-02","revenue":29273.75,"cost":13368.75,"margin":54.3,"units":510,"transactions":456,"profit":15905.0,"revenue_change_pct":null,"units_change_pct":null,"margin_change_pts":null},{"period":"2024-03","revenue":85716.07421875,"cost":40137.5,"margin":53.2,"units":1536,"transactions":1336,"profit":45578.57421875,"revenue_change_pct":192.8,"units_change_pct":201.2,"margin_change_pts":-1.2},{"period":"2024-04","revenue":79677.7490234375,"cost":38537.5,"margin":51.6,"units":1424,"transactions":1192,"profit":41140.2490234375,"revenue_change_pct":-7.0,"units_change_pct":-7.3,"margin_change_pts":-1.5},{"period":"2024-05","revenue":67849.5263671875,"cost":31918.75,"margin":53.0,"units":1148,"transactions":986,"profit":35930.77392578125,"revenue_change_pct":-14.8,"units_change_pct":-19.4,"margin_change_pts":1.3},{"period":"2024-06","revenue":43798.623046875,"cost":20631.25,"margin":52.9,"units":748,"transactions":602,"profit":23167.37548828125,"revenue_change_pct":-35.4,"units_change_pct":-34.8,"margin_change_pts":-0.1},{"period":"2024-07","revenue":45992.373046875,"cost":23756.25,"margin":48.3,"units":928,"transactions":806,"profit":22236.12548828125,"revenue_change_pct":5.0,"units_change_pct":24.1,"margin_change_pts":-4.5},{"period":"2024-08","revenue":11983.75,"cost":5993.75,"margin":50.0,"units":234,"transactions":204,"profit":5990.0,"revenue_change_pct":-73.9,"units_change_pct":-74.8,"margin_change_pts":1.6},{"period":"2024-09","revenue":5362.5,"cost":2800.0,"margin":47.8,"units":112,"transactions":100,"profit":2562.5,"revenue_change_pct":-55.3,"units_change_pct":-52.1,"margin_change_pts":-2.2},{"period":"2024-10","revenue":3363.75,"cost":1850.0,"margin":45.0,"units":74,"transactions":72,"profit":1513.75,"revenue_change_pct":-37.3,"units_change_pct":-33.9,"margin_change_pts":-2.8}],"share_of_category":[{"category":"DISPOSABLE VAPE","brand_revenue":373018.0859375,"category_revenue":30552405.0,"revenue_share_pct":1.2000000476837158,"brand_units":6714,"category_units":756548,"units_share_pct":0.9}],"share_of_category_trend":{"DISPOSABLE VAPE":[{"period":"2024-01","brand_revenue":0.0,"category_revenue":933474.921875,"share_pct":0.0},{"period":"2024-02","brand_revenue":29273.75,"category_revenue":877782.109375,"share_pct":3.299999952316284},{"period":"2024-03","brand_revenue":85716.07421875,"category_revenue":990692.03125,"share_pct":8.699999809265137},{"period":"2024-04","brand_revenue":79677.7490234375,"category_revenue":971952.1875,"share_pct":8.199999809265137},{"period":"2024-05","brand_revenue":67849.5263671875,"category_revenue":1035100.46875,"share_pct":6.599999904632568},{"period":"2024-06","brand_revenue":43798.623046875,"category_revenue":1039794.21875,"share_pct":4.199999809265137},{"period":"2024-07","brand_revenue":45992.373046875,"category_revenue":1081636.5625,"share_pct":4.300000190734863},{"period":"2024-08","brand_revenue":11983.75,"category_revenue":1098658.125,"share_pct":1.100000023841858},{"period":"2024-09","brand_revenue":5362.5,"category_revenue":1056394.53125,"share_pct":0.5},{"period":"2024-10","brand_revenue":3363.75,"category_revenue":1197041.171875,"share_pct":0.30000001192092896},{"period":"2024-11","brand_revenue":0.0,"category_revenue":1193980.234375,"share_pct":0.0},{"period":"2024-12","brand_revenue":0.0,"category_revenue":1222008.984375,"share_pct":0.0},{"period":"2025-01","brand_revenue":0.0,"category_revenue":1100552.421875,"share_pct":0.0},{"period":"2025-02","brand_revenue":0.0,"category_revenue":1167271.25,"share_pct":0.0},{"period":"2025-03","brand_revenue":0.0,"category_revenue":1348856.71875,"share_pct":0.0},{"period":"2025-04","brand_revenue":0.0,"category_revenue":1414639.84375,"share_pct":0.0},{"period":"2025-05","brand_revenue":0.0,"category_revenue":1460588.4375,"share_pct":0.0},{"period":"2025-06","brand_revenue":0.0,"category_revenue":1320852.96875,"share_pct":0.0},{"period":"2025-07","brand_revenue":0.0,"category_revenue":1451194.84375,"share_pct":0.0},{"period":"2025-08","brand_revenue":0.0,"category_revenue":1403520.625,"share_pct":0.0},{"period":"2025-09","brand_revenue":0.0,"category_revenue":1317518.125,"share_pct":0.0},{"period":"2025-10","brand_revenue":0.0,"category_revenue":1511693.75,"share_pct":0.0},{"period":"2025-11","brand_revenue":0.0,"category_revenue":1481709.21875,"share_pct":0.0},{"period":"2025-12","brand_revenue":0.0,"category_revenue":1476896.875,"share_pct":0.0},{"period":"2026-01","brand_revenue":0.0,"category_revenue":1398594.84375,"share_pct":0.0}]},"discount_depth":[{"tier":"0% (Full Price)","transactions":3222,"pct_of_transactions":50.7,"revenue":218762.5,"avg_discount":0.0},{"tier":"1-10%","transactions":342,"pct_of_transactions":5.4,"revenue":22405.751953125,"avg_discount":19.799999237060547},{"tier":"11-20%","transactions":190,"pct_of_transactions":3.0,"revenue":11982.578125,"avg_discount":37.20000076293945},{"tier":"21-30%","transactions":1168,"pct_of_transactions":18.4,"revenue":53306.123046875,"avg_discount":59.20000076293945},{"tier":"31%+","transactions":296,"pct_of_transactions":4.7,"revenue":12069.6484375,"avg_discount":84.4000015258789}],"velocity":{"units_per_day":27.3,"revenue_per_day":1516.3250732421875,"avg_units_per_txn":2.34,"days_of_data":246,"total_units":6714,"total_transactions":5754},"velocity_by_category":[{"category":"DISPOSABLE VAPE","brand_units_per_day":8.82,"category_avg_units_per_day":28.36,"velocity_index":31.1,"brand_rev_per_unit":44.45,"category_rev_per_unit":32.31,"brands_in_category":35}],"deals":[{"deal_name":"Industry - 30% Off","times_used":1104,"units":1220.0,"revenue":55109.248962402344,"discounts":23618.25054168701,"cost":32618.75,"profit":22490.500264167786,"pre_discount_revenue":78727.5,"margin":40.8,"avg_discount":60.0},{"deal_name":"30% Off DIME LR Vapes","times_used":368,"units":448.0,"revenue":19487.99958705902,"discounts":8369.499971866608,"cost":11418.75,"profit":8069.250106811523,"pre_discount_revenue":27857.5,"margin":41.4,"avg_discount":60.0},{"deal_name":"4/20 40% Off!!!!","times_used":166,"units":218.0,"revenue":8551.500239372253,"discounts":5701.0001039505005,"cost":5900.0,"profit":2651.4998960494995,"pre_discount_revenue":14252.5,"margin":31.0,"avg_discount":80.0},{"deal_name":"Senior - 10% Off","times_used":88,"units":142.0,"revenue":8324.999732971191,"discounts":910.0000166893005,"cost":3818.75,"profit":4506.250061988831,"pre_discount_revenue":9235.0,"margin":54.1,"avg_discount":19.8},{"deal_name":"Veterans - 10% Off","times_used":78,"units":82.0,"revenue":4754.249858856201,"discounts":528.2500088214874,"cost":2187.5,"profit":2566.7500352859497,"pre_discount_revenue":5282.5,"margin":54.0,"avg_discount":20.0},{"deal_name":"Senior / Veterans - 20% Off","times_used":50,"units":76.0,"revenue":3898.000068664551,"discounts":974.5000171661377,"cost":2012.5,"profit":1885.5000686645508,"pre_discount_revenue":4872.5,"margin":48.4,"avg_discount":40.0},{"deal_name":"Jackpot - Locals 30% Off","times_used":34,"units":44.0,"revenue":1991.49995803833,"discounts":853.500018119812,"cost":1175.0,"profit":816.5000104904175,"pre_discount_revenue":2845.0,"margin":41.0,"avg_discount":60.0},{"deal_name":"30% Off Special","times_used":28,"units":32.0,"revenue":1316.0000228881836,"discounts":564.0000104904175,"cost":812.5,"profit":503.4999942779541,"pre_discount_revenue":1880.0,"margin":38.3,"avg_discount":60.0},{"deal_name":"LVAC - 25% Off","times_used":16,"units":32.0,"revenue":1575.0,"discounts":525.0,"cost":875.0,"profit":700.0,"pre_discount_revenue":2100.0,"margin":44.4,"avg_discount":50.0}],"top_products":[{"product":"PEACH MOJITO LR DISPOSABLE VAPE - DIME","units":1286,"revenue":76131.875,"cost":36168.75,"profit":39963.125,"transactions":1214,"margin":52.5},{"product":"DIME OG DISPOSABLE VAPE - DIME","units":1094,"revenue":57048.125,"cost":27350.0,"profit":29698.125,"transactions":1014,"margin":52.099998474121094},{"product":"KING LOUIS XIII DISPOSABLE VAPE - DIME","units":1082,"revenue":55907.8759765625,"cost":27050.0,"profit":28857.8759765625,"transactions":1008,"margin":51.599998474121094},{"product":"WATERMELON OG LR DISPOSABLE VAPE - DIME","units":928,"revenue":53663.75,"cost":26100.0,"profit":27563.75,"transactions":888,"margin":51.400001525878906},{"product":"GRAPE LIMEADE LR DISPOSABLE VAPE - DIME","units":728,"revenue":43166.650390625,"cost":20475.0,"profit":22691.650390625,"transactions":712,"margin":52.599998474121094},{"product":"PAPAYA LR DISPOSABLE VAPE - DIME","units":624,"revenue":36184.82421875,"cost":17550.0,"profit":18634.825439453125,"transactions":600,"margin":51.5},{"product":"BLUEBERRY LEMON HAZE DISPOSABLE VAPE - DIME","units":626,"revenue":33948.75,"cost":15650.0,"profit":18298.75,"transactions":594,"margin":53.900001525878906},{"product":"WEDDING CAKE DISPOSABLE VAPE - DIME","units":346,"revenue":16966.25,"cost":8650.0,"profit":8316.25,"transactions":328,"margin":49.0}],"products_by_store":{"Elevation Springs":[{"product":"PEACH MOJITO LR DISPOSABLE VAPE - DIME","units":434,"revenue":25285.50048828125,"cost":12206.25,"profit":13079.25048828125,"transactions":422,"margin":51.70000076293945},{"product":"DIME OG DISPOSABLE VAPE - DIME","units":334,"revenue":17206.99951171875,"cost":8350.0,"profit":8857.000122070312,"transactions":312,"margin":51.5},{"product":"KING LOUIS XIII DISPOSABLE VAPE - DIME","units":322,"revenue":16118.24951171875,"cost":8050.0,"profit":8068.2501220703125,"transactions":306,"margin":50.099998474121094},{"product":"WATERMELON OG LR DISPOSABLE VAPE - DIME","units":270,"revenue":15397.5,"cost":7593.75,"profit":7803.75,"transactions":262,"margin":50.70000076293945},{"product":"GRAPE LIMEADE LR DISPOSABLE VAPE - DIME","units":150,"revenue":8977.999877929688,"cost":4218.75,"profit":4759.2498779296875,"transactions":148,"margin":53.0},{"product":"PAPAYA LR DISPOSABLE VAPE - DIME","units":150,"revenue":8438.75,"cost":4218.75,"profit":4220.0,"transactions":146,"margin":50.0},{"product":"BLUEBERRY LEMON HAZE DISPOSABLE VAPE - DIME","units":150,"revenue":8317.750244140625,"cost":3750.0,"profit":4567.749938964844,"transactions":148,"margin":54.900001525878906},{"product":"WEDDING CAKE DISPOSABLE VAPE - DIME","units":96,"revenue":4507.9998779296875,"cost":2400.0,"profit":2108.000030517578,"transactions":90,"margin":46.79999923706055}],"Elevation Mesa":[{"product":"GRAPE LIMEADE LR DISPOSABLE VAPE - DIME","units":144,"revenue":7870.999755859375,"cost":4050.0,"profit":3821.0000610351562,"transactions":142,"margin":48.5},{"product":"PAPAYA LR DISPOSABLE VAPE - DIME","units":146,"revenue":7794.5001220703125,"cost":4106.25,"profit":3688.2501220703125,"transactions":144,"margin":47.29999923706055},{"product":"WATERMELON OG LR DISPOSABLE VAPE - DIME","units":150,"revenue":7701.7498779296875,"cost":4218.75,"profit":3482.9998779296875,"transactions":148,"margin":45.20000076293945},{"product":"BLUEBERRY LEMON HAZE DISPOSABLE VAPE - DIME","units":150,"revenue":7497.0001220703125,"cost":3750.0,"profit":3747.0001220703125,"transactions":144,"margin":50.0},{"product":"DIME OG DISPOSABLE VAPE - DIME","units":142,"revenue":7398.9996337890625,"cost":3550.0,"profit":3848.9999389648438,"transactions":140,"margin":52.0},{"product":"KING LOUIS XIII DISPOSABLE VAPE - DIME","units":146,"revenue":7025.374755859375,"cost":3650.0,"profit":3375.3750610351562,"transactions":130,"margin":48.0}],"Elevation Oasis":[{"product":"WATERMELON OG LR DISPOSABLE VAPE - DIME","units":250,"revenue":15597.249755859375,"cost":7031.25,"profit":8565.999755859375,"transactions":230,"margin":54.900001525878906},{"product":"KING LOUIS XIII DISPOSABLE VAPE - DIME","units":250,"revenue":13633.00048828125,"cost":6250.0,"profit":7382.9998779296875,"transactions":222,"margin":54.20000076293945},{"product":"GRAPE LIMEADE LR DISPOSABLE VAPE - DIME","units":200,"revenue":12594.25048828125,"cost":5625.0,"profit":6969.2498779296875,"transactions":192,"margin":55.29999923706055},{"product":"DIME OG DISPOSABLE VAPE - DIME","units":200,"revenue":11017.62451171875,"cost":5000.0,"profit":6017.6251220703125,"transactions":170,"margin":54.599998474121094},{"product":"PAPAYA LR DISPOSABLE VAPE - DIME","units":150,"revenue":9117.999877929688,"cost":4218.75,"profit":4899.2498779296875,"transactions":134,"margin":53.70000076293945},{"product":"BLUEBERRY LEMON HAZE DISPOSABLE VAPE - DIME","units":148,"revenue":8393.250122070312,"cost":3700.0,"profit":4693.2501220703125,"transactions":132,"margin":55.900001525878906},{"product":"PEACH MOJITO LR DISPOSABLE VAPE - DIME","units":100,"revenue":6259.5001220703125,"cost":2812.5,"profit":3447.0001220703125,"transactions":94,"margin":55.099998474121094},{"product":"WEDDING CAKE DISPOSABLE VAPE - DIME","units":100,"revenue":4875.4998779296875,"cost":2500.0,"profit":2375.500030517578,"transactions":92,"margin":48.70000076293945}],"Elevation Midtown":[{"product":"PEACH MOJITO LR DISPOSABLE VAPE - DIME","units":182,"revenue":11453.499755859375,"cost":5118.75,"profit":6334.749755859375,"transactions":172,"margin":55.29999923706055},{"product":"KING LOUIS XIII DISPOSABLE VAPE - DIME","units":108,"revenue":5524.749755859375,"cost":2700.0,"profit":2824.7500610351562,"transactions":106,"margin":51.099998474121094},{"product":"GRAPE LIMEADE LR DISPOSABLE VAPE - DIME","units":76,"revenue":4778.999938964844,"cost":2137.5,"profit":2641.4999389648438,"transactions":76,"margin":55.29999923706055},{"product":"DIME OG DISPOSABLE VAPE - DIME","units":80,"revenue":4663.125,"cost":2000.0,"profit":2663.125,"transactions":80,"margin":57.099998474121094},{"product":"PAPAYA LR DISPOSABLE VAPE - DIME","units":60,"revenue":3884.0750122070312,"cost":1687.5,"profit":2196.5750122070312,"transactions":60,"margin":56.599998474121094},{"product":"WATERMELON OG LR DISPOSABLE VAPE - DIME","units":60,"revenue":3752.9998779296875,"cost":1687.5,"profit":2065.500030517578,"transactions":60,"margin":55.0},{"product":"BLUEBERRY LEMON HAZE DISPOSABLE VAPE - DIME","units":58,"revenue":3346.25,"cost":1450.0,"profit":1896.25,"transactions":56,"margin":56.70000076293945},{"product":"WEDDING CAKE DISPOSABLE VAPE - DIME","units":50,"revenue":2388.75,"cost":1250.0,"profit":1138.75,"transactions":50,"margin":47.70000076293945}],"Elevation Boulevard":[{"product":"PEACH MOJITO LR DISPOSABLE VAPE - DIME","units":200,"revenue":10130.625,"cost":5625.0,"profit":4505.625,"transactions":188,"margin":44.5},{"product":"GRAPE LIMEADE LR DISPOSABLE VAPE - DIME","units":80,"revenue":4300.400085449219,"cost":2250.0,"profit":2050.399932861328,"transactions":76,"margin":47.70000076293945},{"product":"DIME OG DISPOSABLE VAPE - DIME","units":72,"revenue":3418.75,"cost":1800.0,"profit":1618.75,"transactions":66,"margin":47.29999923706055},{"product":"PAPAYA LR DISPOSABLE VAPE - DIME","units":60,"revenue":3383.5000610351562,"cost":1687.5,"profit":1696.0000610351562,"transactions":58,"margin":50.099998474121094},{"product":"BLUEBERRY LEMON HAZE DISPOSABLE VAPE - DIME","units":60,"revenue":3025.7498168945312,"cost":1500.0,"profit":1525.7499694824219,"transactions":58,"margin":50.400001525878906},{"product":"WATERMELON OG LR DISPOSABLE VAPE - DIME","units":58,"revenue":2938.75,"cost":1631.25,"profit":1307.5,"transactions":54,"margin":44.5},{"product":"KING LOUIS XIII DISPOSABLE VAPE - DIME","units":60,"revenue":2841.9998168945312,"cost":1500.0,"profit":1341.9999694824219,"transactions":58,"margin":47.20000076293945}],"Elevation Parkway":[{"product":"PEACH MOJITO LR DISPOSABLE VAPE - DIME","units":370,"revenue":23002.7490234375,"cost":10406.25,"profit":12596.500244140625,"transactions":338,"margin":54.79999923706055},{"product":"DIME OG DISPOSABLE VAPE - DIME","units":266,"revenue":13342.62451171875,"cost":6650.0,"profit":6692.6251220703125,"transactions":246,"margin":50.20000076293945},{"product":"KING LOUIS XIII DISPOSABLE VAPE - DIME","units":196,"revenue":10764.49951171875,"cost":4900.0,"profit":5864.5001220703125,"transactions":186,"margin":54.5},{"product":"WATERMELON OG LR DISPOSABLE VAPE - DIME","units":140,"revenue":8275.499877929688,"cost":3937.5,"profit":4337.9998779296875,"transactions":134,"margin":52.400001525878906},{"product":"WEDDING CAKE DISPOSABLE VAPE - DIME","units":100,"revenue":5194.000244140625,"cost":2500.0,"profit":2693.9999389648438,"transactions":96,"margin":51.900001525878906},{"product":"GRAPE LIMEADE LR DISPOSABLE VAPE - DIME","units":78,"revenue":4643.999938964844,"cost":2193.75,"profit":2450.2499389648438,"transactions":78,"margin":52.79999923706055},{"product":"PAPAYA LR DISPOSABLE VAPE - DIME","units":58,"revenue":3566.0000610351562,"cost":1631.25,"profit":1934.7500610351562,"transactions":58,"margin":54.29999923706055},{"product":"BLUEBERRY LEMON HAZE DISPOSABLE VAPE - DIME","units":60,"revenue":3368.75,"cost":1500.0,"profit":1868.75,"transactions":56,"margin":55.5}]},"store_summary":[{"store_clean":"Elevation Springs","units":1906,"revenue":104250.751953125,"cost":50787.5,"profit":53463.251953125,"discounts":18526.75048828125,"margin":51.29999923706055,"discount_rate":15.100000381469727},{"store_clean":"Elevation Oasis","units":1398,"revenue":81488.3740234375,"cost":37137.5,"profit":44350.8740234375,"discounts":8514.125366210938,"margin":54.400001525878906,"discount_rate":9.5},{"store_clean":"Elevation Parkway","units":1268,"revenue":72158.125,"cost":33718.75,"profit":38439.375,"discounts":9101.875,"margin":53.29999923706055,"discount_rate":11.199999809265137},{"store_clean":"Elevation Mesa","units":878,"revenue":45288.623046875,"cost":23325.0,"profit":21963.62548828125,"discounts":11198.875732421875,"margin":48.5,"discount_rate":19.799999237060547},{"store_clean":"Elevation Midtown","units":674,"revenue":39792.44873046875,"cost":18031.25,"profit":21761.201171875,"discounts":3852.550048828125,"margin":54.70000076293945,"discount_rate":8.800000190734863},{"store_clean":"Elevation Boulevard","units":590,"revenue":30039.775390625,"cost":15993.75,"profit":14046.025390625,"discounts":8585.225219726562,"margin":46.79999923706055,"discount_rate":22.200000762939453}],"recommendations":[{"severity":"info","title":"VOLUME LEVERAGE","detail":"$149,207 revenue provides negotiating leverage.","action":"Use volume as leverage in next vendor meeting."}],"comparison":null}