{"brand":"MJ Arsenal","date_range":"2024-01-01 00:00:00 to 2026-01-31 00:00:00","period_label":"All Time","summary":{"total_units":39,"total_revenue":1432.489990234375,"total_cost":497.60992431640625,"total_discounts":122.51000213623047,"total_profit":934.8800659179688,"overall_margin":65.30000305175781,"fp_margin":68.19999694824219,"disc_margin":59.79999923706055,"pct_full_price":65.30000305175781,"avg_discount_rate":7.900000095367432,"fp_revenue":935.0,"disc_revenue":497.489990234375,"unique_customers":36,"brand":"MJ Arsenal","date_range":"2024-01-01 00:00:00 to 2026-01-31 00:00:00","months_count":13,"avg_monthly_cost":38.28,"cost_per_unit":12.76,"primary_category":"ACCESSORY","primary_cat_margin":61.099998474121094,"category_rank":0,"category_total":0,"margin_vs_category":4.199999809265137,"velocity_rank":0},"category_breakdown":[{"category_clean":"ACCESSORY","units":32,"revenue":1229.0,"cost":417.67999267578125,"profit":811.3200073242188,"discounts":86.0,"margin":66.0,"category_avg_margin":61.099998474121094,"vs_category":4.9,"rank":0.0,"total_brands":0.0},{"category_clean":"PIPE","units":4,"revenue":155.5,"cost":55.959999084472656,"profit":99.54000091552734,"discounts":24.5,"margin":64.0,"category_avg_margin":58.70000076293945,"vs_category":5.3,"rank":0.0,"total_brands":0.0}],"trend":[{"period":"2024-06","revenue":27.989999771118164,"cost":15.979999542236328,"margin":42.9,"units":2,"transactions":2,"profit":12.010000228881836,"revenue_change_pct":null,"units_change_pct":null,"margin_change_pts":null},{"period":"2024-07","revenue":20.0,"cost":7.989999771118164,"margin":60.1,"units":1,"transactions":1,"profit":12.010000228881836,"revenue_change_pct":-28.5,"units_change_pct":-50.0,"margin_change_pts":17.1},{"period":"2025-01","revenue":175.5,"cost":55.959999084472656,"margin":68.1,"units":4,"transactions":3,"profit":119.54000091552734,"revenue_change_pct":777.5,"units_change_pct":300.0,"margin_change_pts":8.1},{"period":"2025-02","revenue":157.5,"cost":55.959999084472656,"margin":64.5,"units":4,"transactions":4,"profit":101.54000091552734,"revenue_change_pct":-10.3,"units_change_pct":0,"margin_change_pts":-3.6},{"period":"2025-03","revenue":200.0,"cost":71.94000244140625,"margin":64.0,"units":6,"transactions":6,"profit":128.05999755859375,"revenue_change_pct":27.0,"units_change_pct":50.0,"margin_change_pts":-0.4},{"period":"2025-04","revenue":178.5,"cost":65.94000244140625,"margin":63.1,"units":6,"transactions":6,"profit":112.55999755859375,"revenue_change_pct":-10.8,"units_change_pct":0,"margin_change_pts":-1.0},{"period":"2025-05","revenue":115.0,"cost":41.970001220703125,"margin":63.5,"units":3,"transactions":3,"profit":73.02999877929688,"revenue_change_pct":-35.6,"units_change_pct":-50.0,"margin_change_pts":0.4},{"period":"2025-06","revenue":162.0,"cost":55.959999084472656,"margin":65.5,"units":4,"transactions":4,"profit":106.04000091552734,"revenue_change_pct":40.9,"units_change_pct":33.3,"margin_change_pts":2.0},{"period":"2025-07","revenue":45.0,"cost":13.989999771118164,"margin":68.9,"units":1,"transactions":1,"profit":31.010000228881836,"revenue_change_pct":-72.2,"units_change_pct":-75.0,"margin_change_pts":3.5},{"period":"2025-08","revenue":85.5,"cost":27.979999542236328,"margin":67.3,"units":2,"transactions":2,"profit":57.52000045776367,"revenue_change_pct":90.0,"units_change_pct":100.0,"margin_change_pts":-1.6},{"period":"2025-10","revenue":175.5,"cost":55.959999084472656,"margin":68.1,"units":4,"transactions":4,"profit":119.54000091552734,"revenue_change_pct":105.3,"units_change_pct":100.0,"margin_change_pts":0.8},{"period":"2025-11","revenue":45.0,"cost":13.989999771118164,"margin":68.9,"units":1,"transactions":1,"profit":31.010000228881836,"revenue_change_pct":-74.4,"units_change_pct":-75.0,"margin_change_pts":0.8},{"period":"2026-01","revenue":45.0,"cost":13.989999771118164,"margin":68.9,"units":1,"transactions":1,"profit":31.010000228881836,"revenue_change_pct":0,"units_change_pct":0,"margin_change_pts":0.0}],"share_of_category":[{"category":"ACCESSORY","brand_revenue":1229.0,"category_revenue":1651501.625,"revenue_share_pct":0.10000000149011612,"brand_units":32,"category_units":1065048,"units_share_pct":0.0},{"category":"PIPE","brand_revenue":155.5,"category_revenue":525.5,"revenue_share_pct":29.600000381469727,"brand_units":4,"category_units":11,"units_share_pct":36.4},{"category":0.0,"brand_revenue":0.0,"category_revenue":0.0,"revenue_share_pct":0.0,"brand_units":0,"category_units":0,"units_share_pct":0.0}],"share_of_category_trend":{"ACCESSORY":[{"period":"2024-01","brand_revenue":0.0,"category_revenue":61417.578125,"share_pct":0.0},{"period":"2024-02","brand_revenue":0.0,"category_revenue":60959.7890625,"share_pct":0.0},{"period":"2024-03","brand_revenue":0.0,"category_revenue":61871.55078125,"share_pct":0.0},{"period":"2024-04","brand_revenue":0.0,"category_revenue":65341.4609375,"share_pct":0.0},{"period":"2024-05","brand_revenue":0.0,"category_revenue":71870.578125,"share_pct":0.0},{"period":"2024-06","brand_revenue":0.0,"category_revenue":74003.53125,"share_pct":0.0},{"period":"2024-07","brand_revenue":0.0,"category_revenue":74670.1875,"share_pct":0.0},{"period":"2024-08","brand_revenue":0.0,"category_revenue":72090.53125,"share_pct":0.0},{"period":"2024-09","brand_revenue":0.0,"category_revenue":64954.51953125,"share_pct":0.0},{"period":"2024-10","brand_revenue":0.0,"category_revenue":66435.4921875,"share_pct":0.0},{"period":"2024-11","brand_revenue":0.0,"category_revenue":68682.4375,"share_pct":0.0},{"period":"2024-12","brand_revenue":0.0,"category_revenue":70600.8125,"share_pct":0.0},{"period":"2025-01","brand_revenue":175.5,"category_revenue":66904.5390625,"share_pct":0.30000001192092896},{"period":"2025-02","brand_revenue":157.5,"category_revenue":62104.37109375,"share_pct":0.30000001192092896},{"period":"2025-03","brand_revenue":200.0,"category_revenue":70568.15625,"share_pct":0.30000001192092896},{"period":"2025-04","brand_revenue":178.5,"category_revenue":73077.9296875,"share_pct":0.20000000298023224},{"period":"2025-05","brand_revenue":45.0,"category_revenue":71961.796875,"share_pct":0.10000000149011612},{"period":"2025-06","brand_revenue":162.0,"category_revenue":64459.5,"share_pct":0.30000001192092896},{"period":"2025-07","brand_revenue":45.0,"category_revenue":66219.921875,"share_pct":0.10000000149011612},{"period":"2025-08","brand_revenue":0.0,"category_revenue":68700.8203125,"share_pct":0.0},{"period":"2025-09","brand_revenue":0.0,"category_revenue":67279.578125,"share_pct":0.0},{"period":"2025-10","brand_revenue":175.5,"category_revenue":68737.8203125,"share_pct":0.30000001192092896},{"period":"2025-11","brand_revenue":45.0,"category_revenue":69135.8984375,"share_pct":0.10000000149011612},{"period":"2025-12","brand_revenue":0.0,"category_revenue":56781.94921875,"share_pct":0.0},{"period":"2026-01","brand_revenue":45.0,"category_revenue":32670.859375,"share_pct":0.10000000149011612}],"PIPE":[{"period":"2025-03","brand_revenue":0.0,"category_revenue":184.5,"share_pct":0.0},{"period":"2025-05","brand_revenue":70.0,"category_revenue":122.5,"share_pct":57.099998474121094},{"period":"2025-08","brand_revenue":85.5,"category_revenue":85.5,"share_pct":100.0},{"period":"2025-09","brand_revenue":0.0,"category_revenue":35.0,"share_pct":0.0},{"period":"2025-10","brand_revenue":0.0,"category_revenue":98.0,"share_pct":0.0}]},"discount_depth":[{"tier":"0% (Full Price)","transactions":23,"pct_of_transactions":59.0,"revenue":935.0,"avg_discount":0.0},{"tier":"1-10%","transactions":8,"pct_of_transactions":20.5,"revenue":301.5,"avg_discount":10.0},{"tier":"11-20%","transactions":2,"pct_of_transactions":5.1,"revenue":72.0,"avg_discount":20.0},{"tier":"21-30%","transactions":0,"pct_of_transactions":0.0,"revenue":0.0,"avg_discount":0},{"tier":"31%+","transactions":2,"pct_of_transactions":5.1,"revenue":32.98999786376953,"avg_discount":52.20000076293945}],"velocity":{"units_per_day":0.07,"revenue_per_day":2.4600000381469727,"avg_units_per_txn":1.03,"days_of_data":582,"total_units":39,"total_transactions":38},"velocity_by_category":[{"category":"PIPE","brand_units_per_day":0.01,"category_avg_units_per_day":0.0,"velocity_index":109.1,"brand_rev_per_unit":38.88,"category_rev_per_unit":47.77,"brands_in_category":3},{"category":"ACCESSORY","brand_units_per_day":0.04,"category_avg_units_per_day":10.28,"velocity_index":0.4,"brand_rev_per_unit":38.41,"category_rev_per_unit":1.55,"brands_in_category":136},{"category":0.0,"brand_units_per_day":0.0,"category_avg_units_per_day":0,"velocity_index":0,"brand_rev_per_unit":0.0,"category_rev_per_unit":0.0,"brands_in_category":0}],"deals":[{"deal_name":"Senior - 10% Off","times_used":3,"units":3.0,"revenue":121.5,"discounts":13.5,"cost":41.96999931335449,"profit":79.53000068664551,"pre_discount_revenue":135.0,"margin":65.5,"avg_discount":10.0},{"deal_name":"Employee 30% - NOT FRIDAYS","times_used":2,"units":2.0,"revenue":45.5,"discounts":19.5,"cost":21.979999542236328,"profit":23.520000457763672,"pre_discount_revenue":65.0,"margin":51.7,"avg_discount":30.0},{"deal_name":"Industry - 30% Off","times_used":1,"units":1.0,"revenue":14.0,"discounts":6.0,"cost":7.989999771118164,"profit":6.010000228881836,"pre_discount_revenue":20.0,"margin":42.9,"avg_discount":30.0},{"deal_name":"Industry 30% Off","times_used":1,"units":1.0,"revenue":31.5,"discounts":13.5,"cost":13.989999771118164,"profit":17.510000228881836,"pre_discount_revenue":45.0,"margin":55.6,"avg_discount":30.0}],"top_products":[{"product":"MJ ARSENAL VULKAN","units":13,"revenue":544.5,"cost":181.8699951171875,"profit":362.6300048828125,"transactions":13,"margin":66.5999984741211},{"product":"MJ ARSENAL BASIN","units":7,"revenue":301.5,"cost":97.93000030517578,"profit":203.57000732421875,"transactions":7,"margin":67.5},{"product":"MJ Arsenal Fulcrum","units":7,"revenue":297.0,"cost":97.93000030517578,"profit":199.07000732421875,"transactions":7,"margin":67.0},{"product":"MJ ARSENAL BULB","units":4,"revenue":155.5,"cost":55.959999084472656,"profit":99.54000091552734,"transactions":4,"margin":64.0},{"product":"Mj Arsenal Kettle spoon","units":5,"revenue":86.0,"cost":39.94999694824219,"profit":46.05000305175781,"transactions":5,"margin":53.5},{"product":"Deco Spoon Pipe","units":2,"revenue":40.0,"cost":15.979999542236328,"profit":24.020000457763672,"transactions":2,"margin":60.0},{"product":"MJ Arsenal Kickstand","units":1,"revenue":7.989999771118164,"cost":7.989999771118164,"profit":0.0,"transactions":1,"margin":0.0}],"products_by_store":{"Thrive Reno":[{"product":"MJ ARSENAL VULKAN","units":13,"revenue":544.5,"cost":181.8699951171875,"profit":362.6300048828125,"transactions":13,"margin":66.5999984741211},{"product":"MJ ARSENAL BASIN","units":7,"revenue":301.5,"cost":97.93000030517578,"profit":203.57000732421875,"transactions":7,"margin":67.5},{"product":"MJ Arsenal Fulcrum","units":7,"revenue":297.0,"cost":97.93000030517578,"profit":199.07000732421875,"transactions":7,"margin":67.0},{"product":"MJ ARSENAL BULB","units":4,"revenue":155.5,"cost":55.959999084472656,"profit":99.54000091552734,"transactions":4,"margin":64.0},{"product":"Mj Arsenal Kettle spoon","units":5,"revenue":86.0,"cost":39.94999694824219,"profit":46.05000305175781,"transactions":5,"margin":53.5},{"product":"Deco Spoon Pipe","units":2,"revenue":40.0,"cost":15.979999542236328,"profit":24.020000457763672,"transactions":2,"margin":60.0},{"product":"MJ Arsenal Kickstand","units":1,"revenue":7.989999771118164,"cost":7.989999771118164,"profit":0.0,"transactions":1,"margin":0.0}]},"store_summary":[{"store_clean":"Thrive Reno","units":39,"revenue":1432.489990234375,"cost":497.6099853515625,"profit":934.8800048828125,"discounts":122.51000213623047,"margin":65.30000305175781,"discount_rate":7.900000095367432}],"recommendations":[],"comparison":null}