{"brand":"NATURES CHEMISTRY","date_range":"2024-01-01 00:00:00 to 2026-01-31 00:00:00","period_label":"All Time","summary":{"total_units":203246,"total_revenue":6555542.5,"total_cost":3099512.5,"total_discounts":1351289.6875,"total_profit":3456030.0,"overall_margin":52.70000076293945,"fp_margin":60.900001525878906,"disc_margin":46.400001525878906,"pct_full_price":43.79999923706055,"avg_discount_rate":17.100000381469727,"fp_revenue":2869045.625,"disc_revenue":3686496.875,"brand":"NATURES CHEMISTRY","date_range":"2024-01-01 00:00:00 to 2026-01-31 00:00:00","primary_category":"FLOWER","store_coverage":"7/7","stores_present":["Elevation Springs","Elevation Mesa","Elevation Oasis","Elevation Downtown","Elevation Midtown","Elevation Boulevard","Elevation Parkway"],"stores_missing":[],"velocity_rank":5,"velocity_total":64},"distribution":[{"store":"Elevation Springs","carries_brand":true,"sku_count":248,"revenue":2094087.96875,"units":67650,"store_total_revenue":51138750.0,"brand_share_pct":4.099999904632568},{"store":"Elevation Mesa","carries_brand":true,"sku_count":234,"revenue":1344794.84375,"units":41200,"store_total_revenue":47532240.0,"brand_share_pct":2.799999952316284},{"store":"Elevation Oasis","carries_brand":true,"sku_count":194,"revenue":1097388.984375,"units":23974,"store_total_revenue":56050145.0,"brand_share_pct":2.0},{"store":"Elevation Downtown","carries_brand":true,"sku_count":38,"revenue":24804.6240234375,"units":1462,"store_total_revenue":1945237.1875,"brand_share_pct":1.2999999523162842},{"store":"Elevation Midtown","carries_brand":true,"sku_count":156,"revenue":550608.5546875,"units":14946,"store_total_revenue":30850185.0,"brand_share_pct":1.7999999523162842},{"store":"Elevation Boulevard","carries_brand":true,"sku_count":196,"revenue":700302.65625,"units":26762,"store_total_revenue":28757865.0,"brand_share_pct":2.4000000953674316},{"store":"Elevation Parkway","carries_brand":true,"sku_count":182,"revenue":743555.15625,"units":27252,"store_total_revenue":21987007.5,"brand_share_pct":3.4000000953674316}],"share_of_category":[{"category":"FLOWER","brand_revenue":5107998.75,"category_revenue":77755450.0,"revenue_share_pct":6.599999904632568,"brand_units":110578,"category_units":2708446,"units_share_pct":4.1},{"category":"PRE ROLL","brand_revenue":1380515.625,"category_revenue":14009791.25,"revenue_share_pct":9.899999618530273,"brand_units":89732,"category_units":1485736,"units_share_pct":6.0},{"category":"INFUSED PRE ROLL","brand_revenue":66932.3974609375,"category_revenue":10308101.25,"revenue_share_pct":0.6000000238418579,"brand_units":2930,"category_units":488074,"units_share_pct":0.6},{"category":0.0,"brand_revenue":0.0,"category_revenue":0.0,"revenue_share_pct":0.0,"brand_units":0,"category_units":0,"units_share_pct":0.0}],"share_of_category_trend":{"FLOWER":[{"period":"2024-01","brand_revenue":339708.90625,"category_revenue":3552357.8125,"share_pct":9.600000381469727},{"period":"2024-02","brand_revenue":319247.83203125,"category_revenue":3535245.625,"share_pct":9.0},{"period":"2024-03","brand_revenue":371892.1484375,"category_revenue":3693805.625,"share_pct":10.100000381469727},{"period":"2024-04","brand_revenue":294990.546875,"category_revenue":3541899.6875,"share_pct":8.300000190734863},{"period":"2024-05","brand_revenue":327241.9140625,"category_revenue":3537479.375,"share_pct":9.300000190734863},{"period":"2024-06","brand_revenue":235497.20703125,"category_revenue":3403269.6875,"share_pct":6.900000095367432},{"period":"2024-07","brand_revenue":256574.921875,"category_revenue":3457705.9375,"share_pct":7.400000095367432},{"period":"2024-08","brand_revenue":148025.8984375,"category_revenue":3453819.375,"share_pct":4.300000190734863},{"period":"2024-09","brand_revenue":154859.82421875,"category_revenue":3316441.5625,"share_pct":4.699999809265137},{"period":"2024-10","brand_revenue":163988.2421875,"category_revenue":3585775.0,"share_pct":4.599999904632568},{"period":"2024-11","brand_revenue":263231.54296875,"category_revenue":3454855.3125,"share_pct":7.599999904632568},{"period":"2024-12","brand_revenue":255824.00390625,"category_revenue":3226567.8125,"share_pct":7.900000095367432},{"period":"2025-01","brand_revenue":128795.87890625,"category_revenue":2984938.125,"share_pct":4.300000190734863},{"period":"2025-02","brand_revenue":212906.5234375,"category_revenue":2816220.0,"share_pct":7.599999904632568},{"period":"2025-03","brand_revenue":110071.875,"category_revenue":2911379.6875,"share_pct":3.799999952316284},{"period":"2025-04","brand_revenue":204444.1015625,"category_revenue":3118895.3125,"share_pct":6.599999904632568},{"period":"2025-05","brand_revenue":117911.62109375,"category_revenue":2887345.0,"share_pct":4.099999904632568},{"period":"2025-06","brand_revenue":152294.375,"category_revenue":2773698.125,"share_pct":5.5},{"period":"2025-07","brand_revenue":192577.16796875,"category_revenue":2782763.125,"share_pct":6.900000095367432},{"period":"2025-08","brand_revenue":152368.3203125,"category_revenue":2733122.8125,"share_pct":5.599999904632568},{"period":"2025-09","brand_revenue":120921.6015625,"category_revenue":2603501.5625,"share_pct":4.599999904632568},{"period":"2025-10","brand_revenue":136477.2265625,"category_revenue":2663705.0,"share_pct":5.099999904632568},{"period":"2025-11","brand_revenue":135647.294921875,"category_revenue":2700189.0625,"share_pct":5.0},{"period":"2025-12","brand_revenue":143105.771484375,"category_revenue":2515209.53125,"share_pct":5.699999809265137},{"period":"2026-01","brand_revenue":169394.00390625,"category_revenue":2505261.875,"share_pct":6.800000190734863}],"PRE ROLL":[{"period":"2024-01","brand_revenue":63979.3505859375,"category_revenue":508338.515625,"share_pct":12.600000381469727},{"period":"2024-02","brand_revenue":59840.849609375,"category_revenue":489393.671875,"share_pct":12.199999809265137},{"period":"2024-03","brand_revenue":83643.251953125,"category_revenue":520052.3828125,"share_pct":16.100000381469727},{"period":"2024-04","brand_revenue":98255.17578125,"category_revenue":491300.6640625,"share_pct":20.0},{"period":"2024-05","brand_revenue":79911.5771484375,"category_revenue":542202.890625,"share_pct":14.699999809265137},{"period":"2024-06","brand_revenue":69263.1005859375,"category_revenue":507288.8671875,"share_pct":13.699999809265137},{"period":"2024-07","brand_revenue":76805.09765625,"category_revenue":524250.9765625,"share_pct":14.699999809265137},{"period":"2024-08","brand_revenue":55008.251953125,"category_revenue":612518.7109375,"share_pct":9.0},{"period":"2024-09","brand_revenue":61456.4501953125,"category_revenue":586543.0078125,"share_pct":10.5},{"period":"2024-10","brand_revenue":61682.5,"category_revenue":641449.1796875,"share_pct":9.600000381469727},{"period":"2024-11","brand_revenue":56922.6513671875,"category_revenue":579866.71875,"share_pct":9.800000190734863},{"period":"2024-12","brand_revenue":64807.2509765625,"category_revenue":582999.5703125,"share_pct":11.100000381469727},{"period":"2025-01","brand_revenue":30904.25048828125,"category_revenue":544095.3125,"share_pct":5.699999809265137},{"period":"2025-02","brand_revenue":46996.4501953125,"category_revenue":500875.5859375,"share_pct":9.399999618530273},{"period":"2025-03","brand_revenue":30846.25,"category_revenue":551422.0703125,"share_pct":5.599999904632568},{"period":"2025-04","brand_revenue":45680.498046875,"category_revenue":568189.375,"share_pct":8.0},{"period":"2025-05","brand_revenue":45756.9482421875,"category_revenue":565516.875,"share_pct":8.100000381469727},{"period":"2025-06","brand_revenue":30392.82470703125,"category_revenue":560506.71875,"share_pct":5.400000095367432},{"period":"2025-07","brand_revenue":48958.251953125,"category_revenue":600916.09375,"share_pct":8.100000381469727},{"period":"2025-08","brand_revenue":35454.7998046875,"category_revenue":620247.5,"share_pct":5.699999809265137},{"period":"2025-09","brand_revenue":34281.92626953125,"category_revenue":608971.09375,"share_pct":5.599999904632568},{"period":"2025-10","brand_revenue":46654.5263671875,"category_revenue":645293.1640625,"share_pct":7.199999809265137},{"period":"2025-11","brand_revenue":56466.15234375,"category_revenue":581113.4765625,"share_pct":9.699999809265137},{"period":"2025-12","brand_revenue":41622.05078125,"category_revenue":553088.5546875,"share_pct":7.5},{"period":"2026-01","brand_revenue":54925.1513671875,"category_revenue":523350.9375,"share_pct":10.5}],"INFUSED PRE ROLL":[{"period":"2024-01","brand_revenue":0.0,"category_revenue":410907.8515625,"share_pct":0.0},{"period":"2024-02","brand_revenue":0.0,"category_revenue":458711.484375,"share_pct":0.0},{"period":"2024-03","brand_revenue":0.0,"category_revenue":427464.375,"share_pct":0.0},{"period":"2024-04","brand_revenue":0.0,"category_revenue":428699.9609375,"share_pct":0.0},{"period":"2024-05","brand_revenue":0.0,"category_revenue":501098.3203125,"share_pct":0.0},{"period":"2024-06","brand_revenue":0.0,"category_revenue":477320.78125,"share_pct":0.0},{"period":"2024-07","brand_revenue":0.0,"category_revenue":479382.109375,"share_pct":0.0},{"period":"2024-08","brand_revenue":0.0,"category_revenue":474359.1015625,"share_pct":0.0},{"period":"2024-09","brand_revenue":0.0,"category_revenue":424280.1171875,"share_pct":0.0},{"period":"2024-10","brand_revenue":0.0,"category_revenue":470840.6640625,"share_pct":0.0},{"period":"2024-11","brand_revenue":0.0,"category_revenue":424285.1171875,"share_pct":0.0},{"period":"2024-12","brand_revenue":0.0,"category_revenue":432093.1640625,"share_pct":0.0},{"period":"2025-01","brand_revenue":0.0,"category_revenue":358002.890625,"share_pct":0.0},{"period":"2025-02","brand_revenue":0.0,"category_revenue":325080.17578125,"share_pct":0.0},{"period":"2025-03","brand_revenue":8298.724975585938,"category_revenue":347380.078125,"share_pct":2.4000000953674316},{"period":"2025-04","brand_revenue":17428.924560546875,"category_revenue":401341.40625,"share_pct":4.300000190734863},{"period":"2025-05","brand_revenue":10403.375244140625,"category_revenue":378076.09375,"share_pct":2.799999952316284},{"period":"2025-06","brand_revenue":4607.5,"category_revenue":354019.6484375,"share_pct":1.2999999523162842},{"period":"2025-07","brand_revenue":14820.50048828125,"category_revenue":416008.203125,"share_pct":3.5999999046325684},{"period":"2025-08","brand_revenue":6363.5003662109375,"category_revenue":425283.28125,"share_pct":1.5},{"period":"2025-09","brand_revenue":1662.2500610351562,"category_revenue":378313.75,"share_pct":0.4000000059604645},{"period":"2025-10","brand_revenue":2384.6249389648438,"category_revenue":389168.3203125,"share_pct":0.6000000238418579},{"period":"2025-11","brand_revenue":962.9999542236328,"category_revenue":390541.3671875,"share_pct":0.20000000298023224},{"period":"2025-12","brand_revenue":0.0,"category_revenue":392812.34375,"share_pct":0.0},{"period":"2026-01","brand_revenue":0.0,"category_revenue":342630.7421875,"share_pct":0.0}]},"velocity_by_category":[{"category":"PRE ROLL","brand_units_per_day":117.76,"category_avg_units_per_day":42.38,"velocity_index":277.8,"brand_rev_per_unit":12.31,"category_rev_per_unit":7.54,"brands_in_category":46},{"category":"FLOWER","brand_units_per_day":145.12,"category_avg_units_per_day":55.54,"velocity_index":261.3,"brand_rev_per_unit":36.95,"category_rev_per_unit":22.97,"brands_in_category":64},{"category":"INFUSED PRE ROLL","brand_units_per_day":3.84,"category_avg_units_per_day":25.62,"velocity_index":15.0,"brand_rev_per_unit":18.28,"category_rev_per_unit":16.9,"brands_in_category":25},{"category":0.0,"brand_units_per_day":0.0,"category_avg_units_per_day":0,"velocity_index":0,"brand_rev_per_unit":0.0,"category_rev_per_unit":0.0,"brands_in_category":0}],"store_gaps":[{"store":"Elevation Downtown","category":"FLOWER","category_revenue_at_store":324929.8828125,"opportunity":"Category not carried at this store"}],"product_mix":{"top":[{"product":"GARLIC COOKIES EIGHTH - NATURES CHEMISTRY","units":12466,"revenue":747725.078125,"cost":371346.640625,"profit":376378.4765625,"stores":6,"transactions":9628,"margin":50.29999923706055},{"product":"GHOST TRAIN HAZE EIGHTH - NATURES CHEMISTRY","units":8262,"revenue":469255.46875,"cost":234449.21875,"profit":234806.25,"stores":6,"transactions":6378,"margin":50.0},{"product":"ONION RING EIGHTH - NATURES CHEMISTRY","units":7182,"revenue":421804.84375,"cost":206390.5078125,"profit":215414.35546875,"stores":6,"transactions":5742,"margin":51.099998474121094},{"product":"NC KUSH EIGHTH - NATURES CHEMISTRY","units":6520,"revenue":365894.4140625,"cost":174005.52734375,"profit":191888.90625,"stores":6,"transactions":5090,"margin":52.400001525878906},{"product":"PINEAPPLE FANTA EIGHTH - NATURES CHEMISTRY","units":6290,"revenue":332116.796875,"cost":163153.75,"profit":168963.046875,"stores":6,"transactions":5124,"margin":50.900001525878906},{"product":"COSMIC EIGHTH - NATURES CHEMISTRY","units":5412,"revenue":322278.828125,"cost":158471.826171875,"profit":163807.001953125,"stores":6,"transactions":4390,"margin":50.79999923706055},{"product":"GARLIC COOKIES PRE ROLL - NATURES CHEMISTRY","units":13894,"revenue":226616.875,"cost":103188.447265625,"profit":123428.427734375,"stores":7,"transactions":10666,"margin":54.5},{"product":"ONION RING PRE ROLL - NATURES CHEMISTRY","units":11188,"revenue":181261.3671875,"cost":81929.19921875,"profit":99332.177734375,"stores":7,"transactions":8696,"margin":54.79999923706055},{"product":"GHOST TRAIN HAZE PRE ROLL - NATURES CHEMISTRY","units":8808,"revenue":140008.876953125,"cost":60675.0,"profit":79333.876953125,"stores":7,"transactions":6854,"margin":56.70000076293945},{"product":"BLUE HASH PLANT EIGHTH - NATURES CHEMISTRY","units":2860,"revenue":139624.794921875,"cost":74574.501953125,"profit":65050.2978515625,"stores":6,"transactions":2414,"margin":46.599998474121094},{"product":"GARLIC BANANA EIGHTH - NATURES CHEMISTRY","units":2348,"revenue":129200.478515625,"cost":65320.1513671875,"profit":63880.3271484375,"stores":6,"transactions":2012,"margin":49.400001525878906},{"product":"FACE ON FIRE EIGHTH - NATURES CHEMISTRY","units":2268,"revenue":113973.3203125,"cost":59138.1005859375,"profit":54835.224609375,"stores":6,"transactions":1878,"margin":48.099998474121094},{"product":"SUPER SOUR DIESEL EIGHTH - NATURES CHEMISTRY","units":2096,"revenue":107922.8515625,"cost":54653.203125,"profit":53269.6484375,"stores":6,"transactions":1706,"margin":49.400001525878906},{"product":"GARMOSA PRE ROLL - NATURES CHEMISTRY","units":6726,"revenue":106831.103515625,"cost":49932.5,"profit":56898.5986328125,"stores":6,"transactions":5310,"margin":53.29999923706055},{"product":"MODIFIED BANANA EIGHTH - NATURES CHEMISTRY","units":1918,"revenue":105897.51953125,"cost":54009.599609375,"profit":51887.9248046875,"stores":6,"transactions":1548,"margin":49.0},{"product":"GARMOSA EIGHTH - NATURES CHEMISTRY","units":1836,"revenue":105421.025390625,"cost":53115.302734375,"profit":52305.72265625,"stores":6,"transactions":1468,"margin":49.599998474121094},{"product":"GARLIC COOKIES GRAM - NATURES CHEMISTRY","units":4714,"revenue":85446.396484375,"cost":39886.79931640625,"profit":45559.599609375,"stores":6,"transactions":3864,"margin":53.29999923706055},{"product":"MR WHITE EIGHTH - NATURES CHEMISTRY","units":1678,"revenue":85200.0,"cost":38593.4765625,"profit":46606.5234375,"stores":6,"transactions":1344,"margin":54.70000076293945},{"product":"COSMIC PRE ROLL - NATURES CHEMISTRY","units":5240,"revenue":85197.7734375,"cost":38459.599609375,"profit":46738.173828125,"stores":7,"transactions":4162,"margin":54.900001525878906},{"product":"8 INCH BAGEL EIGHTH - NATURES CHEMISTRY","units":1622,"revenue":80450.0244140625,"cost":39065.126953125,"profit":41384.90234375,"stores":6,"transactions":1366,"margin":51.400001525878906}],"bottom":[{"product":"FIGHT CLUB PRE ROLL - NATURES CHEMISTRY","units":150,"revenue":2027.7499389648438,"cost":937.5,"profit":1090.250015258789,"stores":3,"transactions":112,"margin":53.79999923706055},{"product":"GARLIC COCKTAIL POPCORN EIGHTH - NATURES CHEMISTRY","units":54,"revenue":1933.75,"cost":0.6749999523162842,"profit":1933.0751037597656,"stores":1,"transactions":46,"margin":100.0},{"product":"PURPLE OCTANE JEALOUSY POPCORN EIGHTH - NATURES CHEMISTRY","units":44,"revenue":1688.75,"cost":0.5499999970197678,"profit":1688.2000732421875,"stores":1,"transactions":32,"margin":100.0},{"product":"CANAL STREET RUNTZ GRAM - NATURES CHEMISTRY","units":72,"revenue":1398.9999389648438,"cost":536.3999938964844,"profit":862.6000213623047,"stores":2,"transactions":72,"margin":61.70000076293945},{"product":"JOKERZ GRAM - NATURES CHEMISTRY","units":88,"revenue":1388.0000305175781,"cost":655.5999755859375,"profit":732.3999786376953,"stores":1,"transactions":86,"margin":52.79999923706055},{"product":"DON MEGA HEAVY EIGHTH - NATURES CHEMISTRY","units":18,"revenue":1261.500015258789,"cost":469.1250228881836,"profit":792.3750305175781,"stores":1,"transactions":18,"margin":62.79999923706055},{"product":"GMO SHERB CRASHER PRE ROLL 1G - NATURES CHEMISTRY","units":102,"revenue":1107.9999542236328,"cost":637.5,"profit":470.49999237060547,"stores":1,"transactions":84,"margin":42.5},{"product":"STRAWBERRY BANANA SHAKER - NATURES CHEMISTRY","units":34,"revenue":948.75,"cost":0.42500000447034836,"profit":948.3249664306641,"stores":1,"transactions":22,"margin":100.0},{"product":"GUSH MINTZ POPCORN EIGHTH - NATURES CHEMISTRY","units":12,"revenue":367.5,"cost":0.14999999664723873,"profit":367.3500061035156,"stores":1,"transactions":10,"margin":100.0},{"product":"DONNY BURGER PRE ROLL - NATURES CHEMISTRY","units":20,"revenue":217.25000381469727,"cost":125.0,"profit":92.25000381469727,"stores":1,"transactions":20,"margin":42.5}],"expansion":[{"product":"GARLIC COOKIES EIGHTH - NATURES CHEMISTRY","current_stores":6,"total_stores":7,"missing_stores":["Elevation Downtown"],"revenue":747725.078125},{"product":"GHOST TRAIN HAZE EIGHTH - NATURES CHEMISTRY","current_stores":6,"total_stores":7,"missing_stores":["Elevation Downtown"],"revenue":469255.46875},{"product":"ONION RING EIGHTH - NATURES CHEMISTRY","current_stores":6,"total_stores":7,"missing_stores":["Elevation Downtown"],"revenue":421804.84375},{"product":"NC KUSH EIGHTH - NATURES CHEMISTRY","current_stores":6,"total_stores":7,"missing_stores":["Elevation Downtown"],"revenue":365894.4140625},{"product":"PINEAPPLE FANTA EIGHTH - NATURES CHEMISTRY","current_stores":6,"total_stores":7,"missing_stores":["Elevation Downtown"],"revenue":332116.796875},{"product":"COSMIC EIGHTH - NATURES CHEMISTRY","current_stores":6,"total_stores":7,"missing_stores":["Elevation Downtown"],"revenue":322278.828125},{"product":"BLUE HASH PLANT EIGHTH - NATURES CHEMISTRY","current_stores":6,"total_stores":7,"missing_stores":["Elevation Downtown"],"revenue":139624.794921875},{"product":"GARLIC BANANA EIGHTH - NATURES CHEMISTRY","current_stores":6,"total_stores":7,"missing_stores":["Elevation Downtown"],"revenue":129200.478515625},{"product":"FACE ON FIRE EIGHTH - NATURES CHEMISTRY","current_stores":6,"total_stores":7,"missing_stores":["Elevation Downtown"],"revenue":113973.3203125},{"product":"SUPER SOUR DIESEL EIGHTH - NATURES CHEMISTRY","current_stores":6,"total_stores":7,"missing_stores":["Elevation Downtown"],"revenue":107922.8515625}]},"pricing_consistency":[{"product":"DON MEGA 4G SHAKER - NATURES CHEMISTRY","min_price":58.91129032258065,"max_price":87.5,"avg_price":71.51209677419355,"std_dev":5.836888193868469,"store_count":6,"price_range":28.588709677419352,"range_pct":40.0},{"product":"GARLIC BANANA PRE ROLL - NATURES CHEMISTRY","min_price":21.613773186049773,"max_price":31.747476597024935,"avg_price":26.074874247302038,"std_dev":1.7005440166387922,"store_count":10,"price_range":10.133703410975162,"range_pct":38.9},{"product":"GARLIC BANANA EIGHTH - NATURES CHEMISTRY","min_price":96.52162516775307,"max_price":135.05714634486606,"avg_price":113.0500049073649,"std_dev":5.534507244906976,"store_count":12,"price_range":38.53552117711299,"range_pct":34.1},{"product":"FIGHT CLUB HALF OUNCE - NATURES CHEMISTRY","min_price":202.5,"max_price":278.57142857142856,"avg_price":240.5357142857143,"std_dev":21.516249198962086,"store_count":4,"price_range":76.07142857142858,"range_pct":31.6},{"product":"GHOST TRAIN HAZE PRE ROLL - NATURES CHEMISTRY","min_price":29.137366006540695,"max_price":39.480553521050346,"avg_price":32.880066501581254,"std_dev":1.3012674202462715,"store_count":14,"price_range":10.343187514509648,"range_pct":31.5},{"product":"GARMOSA EIGHTH - NATURES CHEMISTRY","min_price":92.81122324418048,"max_price":128.3908176422119,"avg_price":113.37913904561469,"std_dev":5.2089183727873305,"store_count":12,"price_range":35.57959439803143,"range_pct":31.4},{"product":"GUSH MINTZ EIGHTH - NATURES CHEMISTRY","min_price":76.81875228881836,"max_price":106.95191994691507,"avg_price":97.00140311180851,"std_dev":4.404037175052152,"store_count":12,"price_range":30.133167658096713,"range_pct":31.1},{"product":"MODIFIED BANANA EIGHTH - NATURES CHEMISTRY","min_price":93.56728636188272,"max_price":125.69554163756983,"avg_price":110.55329502513365,"std_dev":4.178750650324063,"store_count":12,"price_range":32.12825527568711,"range_pct":29.1},{"product":"COSMIC PRE ROLL - NATURES CHEMISTRY","min_price":30.150136692638704,"max_price":39.34469512014678,"avg_price":33.67769259678831,"std_dev":1.4336048047868053,"store_count":14,"price_range":9.19455842750808,"range_pct":27.3},{"product":"8 INCH BAGEL THCA INFUSED PRE ROLL - NATURES CHEMISTRY","min_price":38.831634521484375,"max_price":50.816070556640625,"avg_price":45.100857865729296,"std_dev":2.3311893448221266,"store_count":12,"price_range":11.984436035156252,"range_pct":26.6},{"product":"FACE ON FIRE THCA INFUSED PRE ROLL - NATURES CHEMISTRY","min_price":41.04545940052379,"max_price":52.925000000000004,"avg_price":44.654591885191024,"std_dev":1.9458467850471373,"store_count":10,"price_range":11.879540599476215,"range_pct":26.6},{"product":"GARLIC COOKIES PRE ROLL - NATURES CHEMISTRY","min_price":30.480800565435082,"max_price":39.54629686143663,"avg_price":34.031189912918926,"std_dev":1.1828993059751356,"store_count":14,"price_range":9.065496296001552,"range_pct":26.6},{"product":"BANGKOK PURPLE HALF OUNCE - NATURES CHEMISTRY","min_price":225.8125,"max_price":287.14285714285717,"avg_price":248.1101190476191,"std_dev":13.567026698410164,"store_count":6,"price_range":61.330357142857146,"range_pct":24.7},{"product":"OMG GRAM - NATURES CHEMISTRY","min_price":30.820001220703123,"max_price":38.88000183105469,"avg_price":34.20461334912738,"std_dev":1.152854439669187,"store_count":12,"price_range":8.060000610351565,"range_pct":23.6},{"product":"GARLIC COOKIES HALF OUNCE - NATURES CHEMISTRY","min_price":222.0,"max_price":279.0,"avg_price":242.62269890445398,"std_dev":12.639022858747705,"store_count":6,"price_range":56.99999999999999,"range_pct":23.5},{"product":"COCONUT MILK GRAM - NATURES CHEMISTRY","min_price":30.999997456868492,"max_price":39.08333248562283,"avg_price":34.38333496873462,"std_dev":1.5523305204184124,"store_count":10,"price_range":8.08333502875434,"range_pct":23.5},{"product":"STRAWBERRY BANANA THCA INFUSED PRE ROLL - NATURES CHEMISTRY","min_price":39.68023255813954,"max_price":49.965002441406256,"avg_price":43.93132524514999,"std_dev":1.4344610057692628,"store_count":12,"price_range":10.284769883266716,"range_pct":23.4},{"product":"GHOST TRAIN HAZE HALF OUNCE - NATURES CHEMISTRY","min_price":228.57954545454547,"max_price":286.40625,"avg_price":248.32859848484847,"std_dev":13.193544369643305,"store_count":6,"price_range":57.82670454545453,"range_pct":23.3},{"product":"MODIFIED BANANA PRE ROLL - NATURES CHEMISTRY","min_price":30.508543202574824,"max_price":38.335000610351564,"avg_price":33.5770579437512,"std_dev":1.0189158061977357,"store_count":14,"price_range":7.826457407776739,"range_pct":23.3},{"product":"WHOA SI WHOA EIGHTH - NATURES CHEMISTRY","min_price":91.02267252604166,"max_price":113.19444444444444,"avg_price":97.47407320134917,"std_dev":3.238590164127535,"store_count":12,"price_range":22.171771918402783,"range_pct":22.7},{"product":"STRAWBERRY BANANA HALF OUNCE - NATURES CHEMISTRY","min_price":225.6,"max_price":282.6,"avg_price":254.1,"std_dev":16.12203461105329,"store_count":4,"price_range":57.00000000000003,"range_pct":22.4},{"product":"GARLIC COCKTAIL EIGHTH - NATURES CHEMISTRY","min_price":90.75,"max_price":112.5,"avg_price":99.16818079081979,"std_dev":3.17954951329435,"store_count":12,"price_range":21.750000000000007,"range_pct":21.9},{"product":"PURPLE CHURRO EIGHTH - NATURES CHEMISTRY","min_price":91.0,"max_price":113.0,"avg_price":102.78963734019885,"std_dev":3.6340644832548685,"store_count":8,"price_range":22.00000000000001,"range_pct":21.4},{"product":"DON MEGA EIGHTH - NATURES CHEMISTRY","min_price":91.5,"max_price":113.08234719669117,"avg_price":103.39740892594813,"std_dev":2.867507515494738,"store_count":12,"price_range":21.582347196691174,"range_pct":20.9},{"product":"GHOST TRAIN HAZE GRAM - NATURES CHEMISTRY","min_price":31.777464178110986,"max_price":38.90721586561695,"avg_price":34.47783630685993,"std_dev":1.0196720603048575,"store_count":12,"price_range":7.129751687505959,"range_pct":20.7},{"product":"BUBBLE BATH THCA INFUSED PRE ROLL - NATURES CHEMISTRY","min_price":43.470001220703125,"max_price":53.70499877929688,"avg_price":49.89404674711682,"std_dev":1.8439436573696493,"store_count":8,"price_range":10.234997558593752,"range_pct":20.5},{"product":"NC KUSH PRE ROLL - NATURES CHEMISTRY","min_price":29.546242421762102,"max_price":36.21621621621622,"avg_price":32.891308003518155,"std_dev":0.9827525420699917,"store_count":12,"price_range":6.669973794454114,"range_pct":20.3},{"product":"LIT OG GRAM - NATURES CHEMISTRY","min_price":35.11607033865793,"max_price":42.92045593261719,"avg_price":38.834997679322626,"std_dev":1.1733247159367464,"store_count":10,"price_range":7.804385593959262,"range_pct":20.1},{"product":"STRAWBERRY BANANA GRAM - NATURES CHEMISTRY","min_price":31.661290322580644,"max_price":38.5066650390625,"avg_price":34.55134173917879,"std_dev":0.9807566217042533,"store_count":12,"price_range":6.845374716481856,"range_pct":19.8},{"product":"PURPLE OCTANE JEALOUSY HALF OUNCE - NATURES CHEMISTRY","min_price":228.16666666666666,"max_price":276.9361255787037,"avg_price":250.36759741512344,"std_dev":9.870537663399388,"store_count":6,"price_range":48.76945891203704,"range_pct":19.5}],"promotional_effectiveness":{"lift":{"fp_units_per_day":104.52,"disc_units_per_day":163.78,"lift_pct":56.7,"fp_avg_revenue_per_unit":73.0,"disc_avg_revenue_per_unit":59.15},"by_deal":[{"deal_name":"Industry - 30% Off","uses":15315,"revenue":1124676.783695221,"discounts":483574.6469312906,"units":44490.0,"cost":650334.7064523632,"margin":42.2,"discount_depth":60.2},{"deal_name":"Industry 30% Off","uses":3565,"revenue":367052.5826448202,"discounts":159028.66092562675,"units":11915.0,"cost":188199.96301999083,"margin":48.7,"discount_depth":60.4},{"deal_name":"Senior - 10% Off","uses":2696,"revenue":427720.89105695486,"discounts":48470.86315512657,"units":10648.0,"cost":190090.9264959814,"margin":55.6,"discount_depth":20.4},{"deal_name":"Senior / Veterans - 20% Off","uses":1210,"revenue":153661.85212671757,"discounts":39287.85053551197,"units":4437.0,"cost":76058.1880040397,"margin":50.5,"discount_depth":40.8},{"deal_name":"30% Off Special","uses":1122,"revenue":83859.06234264374,"discounts":35960.93745112419,"units":2811.0,"cost":46382.700885259546,"margin":44.7,"discount_depth":60.0},{"deal_name":"Veterans - 10% Off","uses":1118,"revenue":104996.22574925423,"discounts":11940.025139451027,"units":2907.0,"cost":45047.35038239043,"margin":57.1,"discount_depth":20.4},{"deal_name":"Lit4Less - Premium PR - 5 for $50","uses":722,"revenue":54096.783333023384,"discounts":21910.7166681687,"units":4339.0,"cost":23843.61249993788,"margin":55.9,"discount_depth":57.6},{"deal_name":"4/20 2025 - Natures Chemistry - 30% Off","uses":576,"revenue":58008.32418203354,"discounts":25451.674871444702,"units":1845.0,"cost":34442.875417131,"margin":40.6,"discount_depth":61.0},{"deal_name":"Jackpot - Locals 30% Off","uses":570,"revenue":64587.97390937805,"discounts":27829.374754428864,"units":2016.0,"cost":35595.40015694685,"margin":44.9,"discount_depth":60.2},{"deal_name":"Natures Chemistry - 30% Off","uses":531,"revenue":45421.7494893074,"discounts":19758.249739408493,"units":1669.0,"cost":21234.037368055433,"margin":53.3,"discount_depth":60.6},{"deal_name":"4/20 - 30% Off","uses":502,"revenue":52367.098824977875,"discounts":22460.174729824066,"units":1620.0,"cost":30940.100302696228,"margin":40.9,"discount_depth":60.0},{"deal_name":"GW - 1/4 for $60 - Premium Brands","uses":455,"revenue":66062.5,"discounts":47152.5,"units":1760.0,"cost":46989.80105895549,"margin":28.9,"discount_depth":83.2},{"deal_name":"Lit4Less - 1/4 for $75","uses":442,"revenue":69593.5250043869,"discounts":23701.475002765656,"units":1486.0,"cost":37705.92606629711,"margin":45.8,"discount_depth":50.8},{"deal_name":"Employee 30% - NOT FRIDAYS","uses":411,"revenue":28009.687350988388,"discounts":12299.06245470047,"units":986.0,"cost":13396.375025801826,"margin":52.2,"discount_depth":61.0},{"deal_name":"LVAC - 25% Off","uses":351,"revenue":19539.124999046326,"discounts":6540.799999237061,"units":848.0,"cost":9908.475073808804,"margin":49.3,"discount_depth":50.2},{"deal_name":"Natures Chemistry - 25% Off","uses":335,"revenue":24685.033332904182,"discounts":8279.133333762487,"units":946.3333333333334,"cost":10147.91244910021,"margin":58.9,"discount_depth":50.2},{"deal_name":"Employee - 40% OFF","uses":273,"revenue":26912.037414312363,"discounts":18146.712572574615,"units":737.0,"cost":14872.637420510873,"margin":44.7,"discount_depth":80.6},{"deal_name":"40% Off G2B - Black Friday","uses":138,"revenue":14088.662359714508,"discounts":9573.837629556656,"units":413.6666666666667,"cost":9840.899962992407,"margin":30.2,"discount_depth":81.0},{"deal_name":"GLP / Natures / TGC / Backpack Boyz","uses":77,"revenue":12647.27499961853,"discounts":5912.72500038147,"units":272.0,"cost":7802.200088500977,"margin":38.3,"discount_depth":63.8},{"deal_name":"Store Credit - $15","uses":49,"revenue":3259.8041779796285,"discounts":1489.3625062704086,"units":109.0,"cost":1684.912503256152,"margin":48.3,"discount_depth":62.8}]},"growth_opportunities":[{"type":"sku_expansion","title":"Add '8 INCH BAGEL - NATURES CHEMISTRY' to 5 more store(s)","detail":"Carried in 2 stores. Missing from: Elevation Springs, Elevation Oasis, Elevation Downtown, Elevation Boulevard, Elevation Parkway","priority":"medium"},{"type":"sku_expansion","title":"Add '8 INCH BAGEL EIGHTH - NATURES CHEMISTRY' to 1 more store(s)","detail":"Carried in 6 stores. Missing from: Elevation Downtown","priority":"medium"},{"type":"sku_expansion","title":"Add '8 INCH BAGEL GRAM - NATURES CHEMISTRY' to 1 more store(s)","detail":"Carried in 6 stores. Missing from: Elevation Downtown","priority":"medium"},{"type":"sku_expansion","title":"Add '8 INCH BAGEL PRE ROLL - NATURES CHEMISTRY' to 1 more store(s)","detail":"Carried in 6 stores. Missing from: Elevation Midtown","priority":"medium"},{"type":"sku_expansion","title":"Add '8 INCH BAGEL THCA INFUSED PRE ROLL - NATURES CHEMISTRY' to 1 more store(s)","detail":"Carried in 6 stores. Missing from: Elevation Oasis","priority":"medium"},{"type":"velocity","title":"Improve velocity in INFUSED PRE ROLL","detail":"Velocity index 15 (below category average). 1.9 units/day vs 12.8 avg.","priority":"medium"},{"type":"velocity","title":"Improve velocity in nan","detail":"Velocity index 0 (below category average). 0.0 units/day vs 0.0 avg.","priority":"medium"}],"trend":[{"period":"2024-01","revenue":403688.28125,"cost":204381.6015625,"margin":49.4,"units":11208,"transactions":7628,"profit":199306.6796875,"revenue_change_pct":null,"units_change_pct":null,"margin_change_pts":null},{"period":"2024-02","revenue":379088.671875,"cost":185046.40625,"margin":51.2,"units":9862,"transactions":6660,"profit":194042.265625,"revenue_change_pct":-6.1,"units_change_pct":-12.0,"margin_change_pts":1.8},{"period":"2024-03","revenue":455535.390625,"cost":228459.78515625,"margin":49.8,"units":13322,"transactions":8994,"profit":227075.625,"revenue_change_pct":20.2,"units_change_pct":35.1,"margin_change_pts":-1.3},{"period":"2024-04","revenue":393245.703125,"cost":191122.6953125,"margin":51.4,"units":12552,"transactions":8498,"profit":202123.02734375,"revenue_change_pct":-13.7,"units_change_pct":-5.8,"margin_change_pts":1.6},{"period":"2024-05","revenue":407153.515625,"cost":197830.8984375,"margin":51.4,"units":11716,"transactions":8032,"profit":209322.59765625,"revenue_change_pct":3.5,"units_change_pct":-6.7,"margin_change_pts":0.0},{"period":"2024-06","revenue":304760.29296875,"cost":148952.646484375,"margin":51.1,"units":9432,"transactions":6614,"profit":155807.646484375,"revenue_change_pct":-25.1,"units_change_pct":-19.5,"margin_change_pts":-0.3},{"period":"2024-07","revenue":333380.0390625,"cost":162450.2734375,"margin":51.3,"units":10412,"transactions":7074,"profit":170929.74609375,"revenue_change_pct":9.4,"units_change_pct":10.4,"margin_change_pts":0.1},{"period":"2024-08","revenue":203034.140625,"cost":97346.171875,"margin":52.1,"units":6926,"transactions":5038,"profit":105687.978515625,"revenue_change_pct":-39.1,"units_change_pct":-33.5,"margin_change_pts":0.8},{"period":"2024-09","revenue":216316.26953125,"cost":102715.380859375,"margin":52.5,"units":7552,"transactions":5122,"profit":113600.8984375,"revenue_change_pct":6.5,"units_change_pct":9.0,"margin_change_pts":0.5},{"period":"2024-10","revenue":225670.7421875,"cost":99172.8515625,"margin":56.1,"units":8134,"transactions":5606,"profit":126497.900390625,"revenue_change_pct":4.3,"units_change_pct":7.7,"margin_change_pts":3.5},{"period":"2024-11","revenue":320154.19921875,"cost":163766.572265625,"margin":48.8,"units":9870,"transactions":6288,"profit":156387.626953125,"revenue_change_pct":41.9,"units_change_pct":21.3,"margin_change_pts":-7.2},{"period":"2024-12","revenue":320631.25,"cost":150037.5,"margin":53.2,"units":10000,"transactions":6810,"profit":170593.75,"revenue_change_pct":0.1,"units_change_pct":1.3,"margin_change_pts":4.4},{"period":"2025-01","revenue":159700.126953125,"cost":76162.2998046875,"margin":52.3,"units":4858,"transactions":3480,"profit":83537.822265625,"revenue_change_pct":-50.2,"units_change_pct":-51.4,"margin_change_pts":-0.9},{"period":"2025-02","revenue":259902.96875,"cost":122160.3515625,"margin":53.0,"units":7848,"transactions":5522,"profit":137742.626953125,"revenue_change_pct":62.7,"units_change_pct":61.5,"margin_change_pts":0.7},{"period":"2025-03","revenue":149216.845703125,"cost":71673.7255859375,"margin":52.0,"units":5032,"transactions":3674,"profit":77543.125,"revenue_change_pct":-42.6,"units_change_pct":-35.9,"margin_change_pts":-1.0},{"period":"2025-04","revenue":267649.53125,"cost":135212.1484375,"margin":49.5,"units":8968,"transactions":5902,"profit":132437.373046875,"revenue_change_pct":79.4,"units_change_pct":78.2,"margin_change_pts":-2.5},{"period":"2025-05","revenue":174071.953125,"cost":79787.626953125,"margin":54.2,"units":5656,"transactions":4066,"profit":94284.326171875,"revenue_change_pct":-35.0,"units_change_pct":-36.9,"margin_change_pts":4.7},{"period":"2025-06","revenue":187294.70703125,"cost":80505.2734375,"margin":57.0,"units":5354,"transactions":3610,"profit":106789.423828125,"revenue_change_pct":7.6,"units_change_pct":-5.3,"margin_change_pts":2.9},{"period":"2025-07","revenue":256355.91796875,"cost":107646.396484375,"margin":58.0,"units":7918,"transactions":5494,"profit":148709.521484375,"revenue_change_pct":36.9,"units_change_pct":47.9,"margin_change_pts":1.0},{"period":"2025-08","revenue":194186.62109375,"cost":86393.447265625,"margin":55.5,"units":5946,"transactions":4156,"profit":107793.173828125,"revenue_change_pct":-24.3,"units_change_pct":-24.9,"margin_change_pts":-2.5},{"period":"2025-09","revenue":156865.771484375,"cost":68860.1513671875,"margin":56.1,"units":5050,"transactions":3362,"profit":88005.625,"revenue_change_pct":-19.2,"units_change_pct":-15.1,"margin_change_pts":0.6},{"period":"2025-10","revenue":185516.3671875,"cost":86244.423828125,"margin":53.5,"units":5992,"transactions":3620,"profit":99271.953125,"revenue_change_pct":18.3,"units_change_pct":18.7,"margin_change_pts":-2.6},{"period":"2025-11","revenue":193076.4453125,"cost":87866.0546875,"margin":54.5,"units":6620,"transactions":4088,"profit":105210.400390625,"revenue_change_pct":4.1,"units_change_pct":10.5,"margin_change_pts":1.0},{"period":"2025-12","revenue":184727.83203125,"cost":74606.34765625,"margin":59.6,"units":5606,"transactions":3774,"profit":110121.474609375,"revenue_change_pct":-4.3,"units_change_pct":-15.3,"margin_change_pts":5.1},{"period":"2026-01","revenue":224319.140625,"cost":91111.6015625,"margin":59.4,"units":7412,"transactions":4692,"profit":133207.548828125,"revenue_change_pct":21.4,"units_change_pct":32.2,"margin_change_pts":-0.2}]}