{"brand":"NATURES CHEMISTRY","date_range":"2024-01-01 00:00:00 to 2026-01-31 00:00:00","period_label":"All Time","summary":{"total_units":203246,"total_revenue":6555542.5,"total_cost":3099512.5,"total_discounts":1351289.6875,"total_profit":3456030.0,"overall_margin":52.70000076293945,"fp_margin":60.900001525878906,"disc_margin":46.400001525878906,"pct_full_price":43.79999923706055,"avg_discount_rate":17.100000381469727,"fp_revenue":2869045.625,"disc_revenue":3686496.875,"unique_customers":60778,"brand":"NATURES CHEMISTRY","date_range":"2024-01-01 00:00:00 to 2026-01-31 00:00:00","months_count":50,"avg_monthly_cost":123980.5,"cost_per_unit":30.5,"primary_category":"FLOWER","primary_cat_margin":54.099998474121094,"category_rank":5,"category_total":64,"margin_vs_category":-1.399999976158142,"velocity_rank":5},"category_breakdown":[{"category_clean":"FLOWER","units":110578,"revenue":5107998.75,"cost":2460725.78125,"profit":2647273.125,"discounts":1079776.25,"margin":51.79999923706055,"category_avg_margin":54.099998474121094,"vs_category":-2.3,"rank":5.0,"total_brands":64.0},{"category_clean":"PRE ROLL","units":89732,"revenue":1380515.625,"cost":606227.2265625,"profit":774288.359375,"discounts":257976.9140625,"margin":56.099998474121094,"category_avg_margin":48.29999923706055,"vs_category":7.8,"rank":3.0,"total_brands":46.0},{"category_clean":"INFUSED PRE ROLL","units":2930,"revenue":66932.40234375,"cost":32515.0,"profit":34417.39990234375,"discounts":13512.60009765625,"margin":51.400001525878906,"category_avg_margin":47.29999923706055,"vs_category":4.1,"rank":15.0,"total_brands":25.0}],"trend":[{"period":"2024-01","revenue":403688.28125,"cost":204381.6015625,"margin":49.4,"units":11208,"transactions":7628,"profit":199306.6796875,"revenue_change_pct":null,"units_change_pct":null,"margin_change_pts":null},{"period":"2024-02","revenue":379088.671875,"cost":185046.40625,"margin":51.2,"units":9862,"transactions":6660,"profit":194042.265625,"revenue_change_pct":-6.1,"units_change_pct":-12.0,"margin_change_pts":1.8},{"period":"2024-03","revenue":455535.390625,"cost":228459.78515625,"margin":49.8,"units":13322,"transactions":8994,"profit":227075.625,"revenue_change_pct":20.2,"units_change_pct":35.1,"margin_change_pts":-1.3},{"period":"2024-04","revenue":393245.703125,"cost":191122.6953125,"margin":51.4,"units":12552,"transactions":8498,"profit":202123.02734375,"revenue_change_pct":-13.7,"units_change_pct":-5.8,"margin_change_pts":1.6},{"period":"2024-05","revenue":407153.515625,"cost":197830.8984375,"margin":51.4,"units":11716,"transactions":8032,"profit":209322.59765625,"revenue_change_pct":3.5,"units_change_pct":-6.7,"margin_change_pts":0.0},{"period":"2024-06","revenue":304760.29296875,"cost":148952.646484375,"margin":51.1,"units":9432,"transactions":6614,"profit":155807.646484375,"revenue_change_pct":-25.1,"units_change_pct":-19.5,"margin_change_pts":-0.3},{"period":"2024-07","revenue":333380.0390625,"cost":162450.2734375,"margin":51.3,"units":10412,"transactions":7074,"profit":170929.74609375,"revenue_change_pct":9.4,"units_change_pct":10.4,"margin_change_pts":0.1},{"period":"2024-08","revenue":203034.140625,"cost":97346.171875,"margin":52.1,"units":6926,"transactions":5038,"profit":105687.978515625,"revenue_change_pct":-39.1,"units_change_pct":-33.5,"margin_change_pts":0.8},{"period":"2024-09","revenue":216316.26953125,"cost":102715.380859375,"margin":52.5,"units":7552,"transactions":5122,"profit":113600.8984375,"revenue_change_pct":6.5,"units_change_pct":9.0,"margin_change_pts":0.5},{"period":"2024-10","revenue":225670.7421875,"cost":99172.8515625,"margin":56.1,"units":8134,"transactions":5606,"profit":126497.900390625,"revenue_change_pct":4.3,"units_change_pct":7.7,"margin_change_pts":3.5},{"period":"2024-11","revenue":320154.19921875,"cost":163766.572265625,"margin":48.8,"units":9870,"transactions":6288,"profit":156387.626953125,"revenue_change_pct":41.9,"units_change_pct":21.3,"margin_change_pts":-7.2},{"period":"2024-12","revenue":320631.25,"cost":150037.5,"margin":53.2,"units":10000,"transactions":6810,"profit":170593.75,"revenue_change_pct":0.1,"units_change_pct":1.3,"margin_change_pts":4.4},{"period":"2025-01","revenue":159700.126953125,"cost":76162.2998046875,"margin":52.3,"units":4858,"transactions":3480,"profit":83537.822265625,"revenue_change_pct":-50.2,"units_change_pct":-51.4,"margin_change_pts":-0.9},{"period":"2025-02","revenue":259902.96875,"cost":122160.3515625,"margin":53.0,"units":7848,"transactions":5522,"profit":137742.626953125,"revenue_change_pct":62.7,"units_change_pct":61.5,"margin_change_pts":0.7},{"period":"2025-03","revenue":149216.845703125,"cost":71673.7255859375,"margin":52.0,"units":5032,"transactions":3674,"profit":77543.125,"revenue_change_pct":-42.6,"units_change_pct":-35.9,"margin_change_pts":-1.0},{"period":"2025-04","revenue":267649.53125,"cost":135212.1484375,"margin":49.5,"units":8968,"transactions":5902,"profit":132437.373046875,"revenue_change_pct":79.4,"units_change_pct":78.2,"margin_change_pts":-2.5},{"period":"2025-05","revenue":174071.953125,"cost":79787.626953125,"margin":54.2,"units":5656,"transactions":4066,"profit":94284.326171875,"revenue_change_pct":-35.0,"units_change_pct":-36.9,"margin_change_pts":4.7},{"period":"2025-06","revenue":187294.70703125,"cost":80505.2734375,"margin":57.0,"units":5354,"transactions":3610,"profit":106789.423828125,"revenue_change_pct":7.6,"units_change_pct":-5.3,"margin_change_pts":2.9},{"period":"2025-07","revenue":256355.91796875,"cost":107646.396484375,"margin":58.0,"units":7918,"transactions":5494,"profit":148709.521484375,"revenue_change_pct":36.9,"units_change_pct":47.9,"margin_change_pts":1.0},{"period":"2025-08","revenue":194186.62109375,"cost":86393.447265625,"margin":55.5,"units":5946,"transactions":4156,"profit":107793.173828125,"revenue_change_pct":-24.3,"units_change_pct":-24.9,"margin_change_pts":-2.5},{"period":"2025-09","revenue":156865.771484375,"cost":68860.1513671875,"margin":56.1,"units":5050,"transactions":3362,"profit":88005.625,"revenue_change_pct":-19.2,"units_change_pct":-15.1,"margin_change_pts":0.6},{"period":"2025-10","revenue":185516.3671875,"cost":86244.423828125,"margin":53.5,"units":5992,"transactions":3620,"profit":99271.953125,"revenue_change_pct":18.3,"units_change_pct":18.7,"margin_change_pts":-2.6},{"period":"2025-11","revenue":193076.4453125,"cost":87866.0546875,"margin":54.5,"units":6620,"transactions":4088,"profit":105210.400390625,"revenue_change_pct":4.1,"units_change_pct":10.5,"margin_change_pts":1.0},{"period":"2025-12","revenue":184727.83203125,"cost":74606.34765625,"margin":59.6,"units":5606,"transactions":3774,"profit":110121.474609375,"revenue_change_pct":-4.3,"units_change_pct":-15.3,"margin_change_pts":5.1},{"period":"2026-01","revenue":224319.140625,"cost":91111.6015625,"margin":59.4,"units":7412,"transactions":4692,"profit":133207.548828125,"revenue_change_pct":21.4,"units_change_pct":32.2,"margin_change_pts":-0.2}],"share_of_category":[{"category":"FLOWER","brand_revenue":5107998.75,"category_revenue":77755450.0,"revenue_share_pct":6.599999904632568,"brand_units":110578,"category_units":2708446,"units_share_pct":4.1},{"category":"PRE ROLL","brand_revenue":1380515.625,"category_revenue":14009791.25,"revenue_share_pct":9.899999618530273,"brand_units":89732,"category_units":1485736,"units_share_pct":6.0},{"category":"INFUSED PRE ROLL","brand_revenue":66932.3974609375,"category_revenue":10308101.25,"revenue_share_pct":0.6000000238418579,"brand_units":2930,"category_units":488074,"units_share_pct":0.6},{"category":0.0,"brand_revenue":0.0,"category_revenue":0.0,"revenue_share_pct":0.0,"brand_units":0,"category_units":0,"units_share_pct":0.0}],"share_of_category_trend":{"FLOWER":[{"period":"2024-01","brand_revenue":339708.90625,"category_revenue":3552357.8125,"share_pct":9.600000381469727},{"period":"2024-02","brand_revenue":319247.83203125,"category_revenue":3535245.625,"share_pct":9.0},{"period":"2024-03","brand_revenue":371892.1484375,"category_revenue":3693805.625,"share_pct":10.100000381469727},{"period":"2024-04","brand_revenue":294990.546875,"category_revenue":3541899.6875,"share_pct":8.300000190734863},{"period":"2024-05","brand_revenue":327241.9140625,"category_revenue":3537479.375,"share_pct":9.300000190734863},{"period":"2024-06","brand_revenue":235497.20703125,"category_revenue":3403269.6875,"share_pct":6.900000095367432},{"period":"2024-07","brand_revenue":256574.921875,"category_revenue":3457705.9375,"share_pct":7.400000095367432},{"period":"2024-08","brand_revenue":148025.8984375,"category_revenue":3453819.375,"share_pct":4.300000190734863},{"period":"2024-09","brand_revenue":154859.82421875,"category_revenue":3316441.5625,"share_pct":4.699999809265137},{"period":"2024-10","brand_revenue":163988.2421875,"category_revenue":3585775.0,"share_pct":4.599999904632568},{"period":"2024-11","brand_revenue":263231.54296875,"category_revenue":3454855.3125,"share_pct":7.599999904632568},{"period":"2024-12","brand_revenue":255824.00390625,"category_revenue":3226567.8125,"share_pct":7.900000095367432},{"period":"2025-01","brand_revenue":128795.87890625,"category_revenue":2984938.125,"share_pct":4.300000190734863},{"period":"2025-02","brand_revenue":212906.5234375,"category_revenue":2816220.0,"share_pct":7.599999904632568},{"period":"2025-03","brand_revenue":110071.875,"category_revenue":2911379.6875,"share_pct":3.799999952316284},{"period":"2025-04","brand_revenue":204444.1015625,"category_revenue":3118895.3125,"share_pct":6.599999904632568},{"period":"2025-05","brand_revenue":117911.62109375,"category_revenue":2887345.0,"share_pct":4.099999904632568},{"period":"2025-06","brand_revenue":152294.375,"category_revenue":2773698.125,"share_pct":5.5},{"period":"2025-07","brand_revenue":192577.16796875,"category_revenue":2782763.125,"share_pct":6.900000095367432},{"period":"2025-08","brand_revenue":152368.3203125,"category_revenue":2733122.8125,"share_pct":5.599999904632568},{"period":"2025-09","brand_revenue":120921.6015625,"category_revenue":2603501.5625,"share_pct":4.599999904632568},{"period":"2025-10","brand_revenue":136477.2265625,"category_revenue":2663705.0,"share_pct":5.099999904632568},{"period":"2025-11","brand_revenue":135647.294921875,"category_revenue":2700189.0625,"share_pct":5.0},{"period":"2025-12","brand_revenue":143105.771484375,"category_revenue":2515209.53125,"share_pct":5.699999809265137},{"period":"2026-01","brand_revenue":169394.00390625,"category_revenue":2505261.875,"share_pct":6.800000190734863}],"PRE ROLL":[{"period":"2024-01","brand_revenue":63979.3505859375,"category_revenue":508338.515625,"share_pct":12.600000381469727},{"period":"2024-02","brand_revenue":59840.849609375,"category_revenue":489393.671875,"share_pct":12.199999809265137},{"period":"2024-03","brand_revenue":83643.251953125,"category_revenue":520052.3828125,"share_pct":16.100000381469727},{"period":"2024-04","brand_revenue":98255.17578125,"category_revenue":491300.6640625,"share_pct":20.0},{"period":"2024-05","brand_revenue":79911.5771484375,"category_revenue":542202.890625,"share_pct":14.699999809265137},{"period":"2024-06","brand_revenue":69263.1005859375,"category_revenue":507288.8671875,"share_pct":13.699999809265137},{"period":"2024-07","brand_revenue":76805.09765625,"category_revenue":524250.9765625,"share_pct":14.699999809265137},{"period":"2024-08","brand_revenue":55008.251953125,"category_revenue":612518.7109375,"share_pct":9.0},{"period":"2024-09","brand_revenue":61456.4501953125,"category_revenue":586543.0078125,"share_pct":10.5},{"period":"2024-10","brand_revenue":61682.5,"category_revenue":641449.1796875,"share_pct":9.600000381469727},{"period":"2024-11","brand_revenue":56922.6513671875,"category_revenue":579866.71875,"share_pct":9.800000190734863},{"period":"2024-12","brand_revenue":64807.2509765625,"category_revenue":582999.5703125,"share_pct":11.100000381469727},{"period":"2025-01","brand_revenue":30904.25048828125,"category_revenue":544095.3125,"share_pct":5.699999809265137},{"period":"2025-02","brand_revenue":46996.4501953125,"category_revenue":500875.5859375,"share_pct":9.399999618530273},{"period":"2025-03","brand_revenue":30846.25,"category_revenue":551422.0703125,"share_pct":5.599999904632568},{"period":"2025-04","brand_revenue":45680.498046875,"category_revenue":568189.375,"share_pct":8.0},{"period":"2025-05","brand_revenue":45756.9482421875,"category_revenue":565516.875,"share_pct":8.100000381469727},{"period":"2025-06","brand_revenue":30392.82470703125,"category_revenue":560506.71875,"share_pct":5.400000095367432},{"period":"2025-07","brand_revenue":48958.251953125,"category_revenue":600916.09375,"share_pct":8.100000381469727},{"period":"2025-08","brand_revenue":35454.7998046875,"category_revenue":620247.5,"share_pct":5.699999809265137},{"period":"2025-09","brand_revenue":34281.92626953125,"category_revenue":608971.09375,"share_pct":5.599999904632568},{"period":"2025-10","brand_revenue":46654.5263671875,"category_revenue":645293.1640625,"share_pct":7.199999809265137},{"period":"2025-11","brand_revenue":56466.15234375,"category_revenue":581113.4765625,"share_pct":9.699999809265137},{"period":"2025-12","brand_revenue":41622.05078125,"category_revenue":553088.5546875,"share_pct":7.5},{"period":"2026-01","brand_revenue":54925.1513671875,"category_revenue":523350.9375,"share_pct":10.5}],"INFUSED PRE ROLL":[{"period":"2024-01","brand_revenue":0.0,"category_revenue":410907.8515625,"share_pct":0.0},{"period":"2024-02","brand_revenue":0.0,"category_revenue":458711.484375,"share_pct":0.0},{"period":"2024-03","brand_revenue":0.0,"category_revenue":427464.375,"share_pct":0.0},{"period":"2024-04","brand_revenue":0.0,"category_revenue":428699.9609375,"share_pct":0.0},{"period":"2024-05","brand_revenue":0.0,"category_revenue":501098.3203125,"share_pct":0.0},{"period":"2024-06","brand_revenue":0.0,"category_revenue":477320.78125,"share_pct":0.0},{"period":"2024-07","brand_revenue":0.0,"category_revenue":479382.109375,"share_pct":0.0},{"period":"2024-08","brand_revenue":0.0,"category_revenue":474359.1015625,"share_pct":0.0},{"period":"2024-09","brand_revenue":0.0,"category_revenue":424280.1171875,"share_pct":0.0},{"period":"2024-10","brand_revenue":0.0,"category_revenue":470840.6640625,"share_pct":0.0},{"period":"2024-11","brand_revenue":0.0,"category_revenue":424285.1171875,"share_pct":0.0},{"period":"2024-12","brand_revenue":0.0,"category_revenue":432093.1640625,"share_pct":0.0},{"period":"2025-01","brand_revenue":0.0,"category_revenue":358002.890625,"share_pct":0.0},{"period":"2025-02","brand_revenue":0.0,"category_revenue":325080.17578125,"share_pct":0.0},{"period":"2025-03","brand_revenue":8298.724975585938,"category_revenue":347380.078125,"share_pct":2.4000000953674316},{"period":"2025-04","brand_revenue":17428.924560546875,"category_revenue":401341.40625,"share_pct":4.300000190734863},{"period":"2025-05","brand_revenue":10403.375244140625,"category_revenue":378076.09375,"share_pct":2.799999952316284},{"period":"2025-06","brand_revenue":4607.5,"category_revenue":354019.6484375,"share_pct":1.2999999523162842},{"period":"2025-07","brand_revenue":14820.50048828125,"category_revenue":416008.203125,"share_pct":3.5999999046325684},{"period":"2025-08","brand_revenue":6363.5003662109375,"category_revenue":425283.28125,"share_pct":1.5},{"period":"2025-09","brand_revenue":1662.2500610351562,"category_revenue":378313.75,"share_pct":0.4000000059604645},{"period":"2025-10","brand_revenue":2384.6249389648438,"category_revenue":389168.3203125,"share_pct":0.6000000238418579},{"period":"2025-11","brand_revenue":962.9999542236328,"category_revenue":390541.3671875,"share_pct":0.20000000298023224},{"period":"2025-12","brand_revenue":0.0,"category_revenue":392812.34375,"share_pct":0.0},{"period":"2026-01","brand_revenue":0.0,"category_revenue":342630.7421875,"share_pct":0.0}]},"discount_depth":[{"tier":"0% (Full Price)","transactions":67292,"pct_of_transactions":41.3,"revenue":2869045.625,"avg_discount":0.0},{"tier":"1-10%","transactions":12698,"pct_of_transactions":7.8,"revenue":721897.1875,"avg_discount":19.799999237060547},{"tier":"11-20%","transactions":5032,"pct_of_transactions":3.1,"revenue":265169.6484375,"avg_discount":39.0},{"tier":"21-30%","transactions":40258,"pct_of_transactions":24.7,"revenue":1360073.75,"avg_discount":58.79999923706055},{"tier":"31%+","transactions":5176,"pct_of_transactions":3.2,"revenue":199619.3359375,"avg_discount":88.19999694824219}],"velocity":{"units_per_day":266.72,"revenue_per_day":8603.074951171875,"avg_units_per_txn":2.94,"days_of_data":762,"total_units":203246,"total_transactions":137804},"velocity_by_category":[{"category":"PRE ROLL","brand_units_per_day":117.76,"category_avg_units_per_day":42.38,"velocity_index":277.8,"brand_rev_per_unit":12.31,"category_rev_per_unit":7.54,"brands_in_category":46},{"category":"FLOWER","brand_units_per_day":145.12,"category_avg_units_per_day":55.54,"velocity_index":261.3,"brand_rev_per_unit":36.95,"category_rev_per_unit":22.97,"brands_in_category":64},{"category":"INFUSED PRE ROLL","brand_units_per_day":3.84,"category_avg_units_per_day":25.62,"velocity_index":15.0,"brand_rev_per_unit":18.28,"category_rev_per_unit":16.9,"brands_in_category":25},{"category":0.0,"brand_units_per_day":0.0,"category_avg_units_per_day":0,"velocity_index":0,"brand_rev_per_unit":0.0,"category_rev_per_unit":0.0,"brands_in_category":0}],"deals":[{"deal_name":"Industry - 30% Off","times_used":30630,"units":44490.0,"revenue":1124676.783695221,"discounts":483574.6469312906,"cost":650334.7064523632,"profit":474342.10308127105,"pre_discount_revenue":1608251.4503479004,"margin":42.2,"avg_discount":60.2},{"deal_name":"Industry 30% Off","times_used":7130,"units":11915.0,"revenue":367052.5826448202,"discounts":159028.66092562675,"cost":188199.96301999083,"profit":178852.62791216373,"pre_discount_revenue":526081.25,"margin":48.7,"avg_discount":60.4},{"deal_name":"Senior - 10% Off","times_used":5392,"units":10648.0,"revenue":427720.89105695486,"discounts":48470.86315512657,"cost":190090.9264959814,"profit":237629.96285706758,"pre_discount_revenue":476191.7500305176,"margin":55.6,"avg_discount":20.4},{"deal_name":"Senior / Veterans - 20% Off","times_used":2420,"units":4437.0,"revenue":153661.85212671757,"discounts":39287.85053551197,"cost":76058.1880040397,"profit":77603.66190940142,"pre_discount_revenue":192949.70001220703,"margin":50.5,"avg_discount":40.8},{"deal_name":"30% Off Special","times_used":2244,"units":2811.0,"revenue":83859.06234264374,"discounts":35960.93745112419,"cost":46382.700885259546,"profit":37476.36294037104,"pre_discount_revenue":119820.0,"margin":44.7,"avg_discount":60.0},{"deal_name":"Veterans - 10% Off","times_used":2236,"units":2907.0,"revenue":104996.22574925423,"discounts":11940.025139451027,"cost":45047.35038239043,"profit":59948.87483894825,"pre_discount_revenue":116936.25,"margin":57.1,"avg_discount":20.4},{"deal_name":"Lit4Less - Premium PR - 5 for $50","times_used":1444,"units":4339.0,"revenue":54096.783333023384,"discounts":21910.7166681687,"cost":23843.61249993788,"profit":30253.17076911529,"pre_discount_revenue":76007.5,"margin":55.9,"avg_discount":57.6},{"deal_name":"4/20 2025 - Natures Chemistry - 30% Off","times_used":1152,"units":1845.0,"revenue":58008.32418203354,"discounts":25451.674871444702,"cost":34442.875417131,"profit":23565.450337529182,"pre_discount_revenue":83460.0,"margin":40.6,"avg_discount":61.0},{"deal_name":"Jackpot - Locals 30% Off","times_used":1140,"units":2016.0,"revenue":64587.97390937805,"discounts":27829.374754428864,"cost":35595.40015694685,"profit":28992.57530450821,"pre_discount_revenue":92417.35000610352,"margin":44.9,"avg_discount":60.2},{"deal_name":"Natures Chemistry - 30% Off","times_used":1062,"units":1669.0,"revenue":45421.7494893074,"discounts":19758.249739408493,"cost":21234.037368055433,"profit":24187.712906003,"pre_discount_revenue":65180.0,"margin":53.3,"avg_discount":60.6},{"deal_name":"4/20 - 30% Off","times_used":1004,"units":1620.0,"revenue":52367.098824977875,"discounts":22460.174729824066,"cost":30940.100302696228,"profit":21427.00026154518,"pre_discount_revenue":74827.27500915527,"margin":40.9,"avg_discount":60.0},{"deal_name":"GW - 1/4 for $60 - Premium Brands","times_used":910,"units":1760.0,"revenue":66062.5,"discounts":47152.5,"cost":46989.80105895549,"profit":19072.700588703156,"pre_discount_revenue":113215.0,"margin":28.9,"avg_discount":83.2},{"deal_name":"Lit4Less - 1/4 for $75","times_used":884,"units":1486.0,"revenue":69593.5250043869,"discounts":23701.475002765656,"cost":37705.92606629711,"profit":31887.59903907776,"pre_discount_revenue":93295.0,"margin":45.8,"avg_discount":50.8},{"deal_name":"Employee 30% - NOT FRIDAYS","times_used":822,"units":986.0,"revenue":28009.687350988388,"discounts":12299.06245470047,"cost":13396.375025801826,"profit":14613.312656581402,"pre_discount_revenue":40308.75,"margin":52.2,"avg_discount":61.0},{"deal_name":"LVAC - 25% Off","times_used":702,"units":848.0,"revenue":19539.124999046326,"discounts":6540.799999237061,"cost":9908.475073808804,"profit":9630.649921745062,"pre_discount_revenue":26079.925003051758,"margin":49.3,"avg_discount":50.2},{"deal_name":"Natures Chemistry - 25% Off","times_used":670,"units":946.3333333333334,"revenue":24685.033332904182,"discounts":8279.133333762487,"cost":10147.91244910021,"profit":14537.120846907299,"pre_discount_revenue":32964.166666666664,"margin":58.9,"avg_discount":50.2},{"deal_name":"Employee - 40% OFF","times_used":546,"units":737.0,"revenue":26912.037414312363,"discounts":18146.712572574615,"cost":14872.637420510873,"profit":12039.399949498475,"pre_discount_revenue":45058.75,"margin":44.7,"avg_discount":80.6},{"deal_name":"40% Off G2B - Black Friday","times_used":276,"units":413.6666666666667,"revenue":14088.662359714508,"discounts":9573.837629556656,"cost":9840.899962992407,"profit":4247.76245077451,"pre_discount_revenue":23662.5,"margin":30.2,"avg_discount":81.0},{"deal_name":"GLP / Natures / TGC / Backpack Boyz","times_used":154,"units":272.0,"revenue":12647.27499961853,"discounts":5912.72500038147,"cost":7802.200088500977,"profit":4845.074923038483,"pre_discount_revenue":18560.0,"margin":38.3,"avg_discount":63.8},{"deal_name":"Store Credit - $15","times_used":98,"units":109.0,"revenue":3259.8041779796285,"discounts":1489.3625062704086,"cost":1684.912503256152,"profit":1574.891668011745,"pre_discount_revenue":4749.166666666667,"margin":48.3,"avg_discount":62.8},{"deal_name":"Store Credit - $25","times_used":94,"units":116.33333333333333,"revenue":5050.641677180926,"discounts":1923.5250008106232,"cost":2679.599996057029,"profit":2371.041657626629,"pre_discount_revenue":6974.166666666666,"margin":46.9,"avg_discount":55.2},{"deal_name":"Sammy Davis Early Bird - 15% Off","times_used":38,"units":40.0,"revenue":888.2499861717224,"discounts":156.7499965429306,"cost":388.92500400543213,"profit":499.3249988555908,"pre_discount_revenue":1045.0,"margin":56.2,"avg_discount":30.0},{"deal_name":"40% Off Special","times_used":32,"units":58.0,"revenue":810.0,"discounts":540.0,"cost":546.4500045776367,"profit":263.55000257492065,"pre_discount_revenue":1350.0,"margin":32.5,"avg_discount":80.0},{"deal_name":"Store Credit - $50","times_used":26,"units":28.0,"revenue":559.9250036478043,"discounts":667.5750070810318,"cost":453.4625026700087,"profit":106.46250143647194,"pre_discount_revenue":1227.5,"margin":19.0,"avg_discount":108.8},{"deal_name":"Main St Happy Hour - 25% Off","times_used":16,"units":16.0,"revenue":273.75,"discounts":91.25,"cost":135.0,"profit":138.75,"pre_discount_revenue":365.0,"margin":50.7,"avg_discount":50.0},{"deal_name":"35% Off Special","times_used":16,"units":28.0,"revenue":1028.6249995231628,"discounts":553.8750004768372,"cost":692.8500199317932,"profit":335.7750082015991,"pre_discount_revenue":1582.5,"margin":32.6,"avg_discount":70.0},{"deal_name":"Store Credit - $75","times_used":12,"units":7.666666666666666,"revenue":402.1124988794327,"discounts":270.3875005245209,"cost":241.6999954218045,"profit":160.41250338157016,"pre_discount_revenue":672.5,"margin":39.9,"avg_discount":80.4},{"deal_name":"Medical - 10%","times_used":10,"units":14.0,"revenue":702.0000076293945,"discounts":78.00000190734863,"cost":313.4000015258789,"profit":388.60000491142273,"pre_discount_revenue":780.0,"margin":55.4,"avg_discount":20.0},{"deal_name":"Senior Sunday - RENO ONLY - 20% Off","times_used":8,"units":10.0,"revenue":408.0000114440918,"discounts":102.00000286102295,"cost":198.67500009480864,"profit":209.32499647140503,"pre_discount_revenue":510.0,"margin":51.3,"avg_discount":40.0},{"deal_name":"Store Credit - $100","times_used":6,"units":10.0,"revenue":302.2250032424927,"discounts":422.77501106262207,"cost":256.3000011444092,"profit":45.92499792575836,"pre_discount_revenue":725.0,"margin":15.2,"avg_discount":116.6},{"deal_name":"Store Credit - $150","times_used":6,"units":7.0,"revenue":458.75,"discounts":193.75,"cost":260.9249973297119,"profit":197.82500386238098,"pre_discount_revenue":652.5,"margin":43.1,"avg_discount":59.4},{"deal_name":"30% Off Special!","times_used":6,"units":8.0,"revenue":350.0,"discounts":150.0,"cost":208.60000610351562,"profit":141.40000343322754,"pre_discount_revenue":500.0,"margin":40.4,"avg_discount":60.0},{"deal_name":"Veterans Day - 30% Off For Veterans!","times_used":6,"units":6.0,"revenue":83.99999856948853,"discounts":36.000001430511475,"cost":44.700000286102295,"profit":39.29999828338623,"pre_discount_revenue":120.0,"margin":46.8,"avg_discount":60.0},{"deal_name":"Senior Sunday - SAHARA ONLY - 20% Off","times_used":4,"units":6.0,"revenue":180.00000476837158,"discounts":45.000001192092896,"cost":91.05000019073486,"profit":88.94999980926514,"pre_discount_revenue":225.0,"margin":49.4,"avg_discount":40.0},{"deal_name":"Reno - Early Bird - Senior / Veterans - 20%","times_used":4,"units":4.0,"revenue":128.3750033378601,"discounts":51.62500083446503,"cost":61.27499999944121,"profit":67.09999799728394,"pre_discount_revenue":180.0,"margin":52.3,"avg_discount":57.4},{"deal_name":"Reno - Early Bird - Senior & Veteran - 25%","times_used":2,"units":6.0,"revenue":78.75,"discounts":26.25,"cost":37.5,"profit":41.25,"pre_discount_revenue":105.0,"margin":52.4,"avg_discount":50.0},{"deal_name":"Voucher - 35% Off One Item","times_used":2,"units":2.0,"revenue":81.25,"discounts":43.75,"cost":52.150001525878906,"profit":29.100000858306885,"pre_discount_revenue":125.0,"margin":35.8,"avg_discount":70.0}],"top_products":[{"product":"GARLIC COOKIES EIGHTH - NATURES CHEMISTRY","units":12466,"revenue":747725.078125,"cost":371346.640625,"profit":376378.4765625,"transactions":9628,"margin":50.29999923706055},{"product":"GHOST TRAIN HAZE EIGHTH - NATURES CHEMISTRY","units":8262,"revenue":469255.46875,"cost":234449.21875,"profit":234806.25,"transactions":6378,"margin":50.0},{"product":"ONION RING EIGHTH - NATURES CHEMISTRY","units":7182,"revenue":421804.84375,"cost":206390.5078125,"profit":215414.35546875,"transactions":5742,"margin":51.099998474121094},{"product":"NC KUSH EIGHTH - NATURES CHEMISTRY","units":6520,"revenue":365894.4140625,"cost":174005.52734375,"profit":191888.90625,"transactions":5090,"margin":52.400001525878906},{"product":"PINEAPPLE FANTA EIGHTH - NATURES CHEMISTRY","units":6290,"revenue":332116.796875,"cost":163153.75,"profit":168963.046875,"transactions":5124,"margin":50.900001525878906},{"product":"COSMIC EIGHTH - NATURES CHEMISTRY","units":5412,"revenue":322278.828125,"cost":158471.826171875,"profit":163807.001953125,"transactions":4390,"margin":50.79999923706055},{"product":"GARLIC COOKIES PRE ROLL - NATURES CHEMISTRY","units":13894,"revenue":226616.875,"cost":103188.447265625,"profit":123428.427734375,"transactions":10666,"margin":54.5},{"product":"ONION RING PRE ROLL - NATURES CHEMISTRY","units":11188,"revenue":181261.3671875,"cost":81929.19921875,"profit":99332.177734375,"transactions":8696,"margin":54.79999923706055},{"product":"GHOST TRAIN HAZE PRE ROLL - NATURES CHEMISTRY","units":8808,"revenue":140008.876953125,"cost":60675.0,"profit":79333.876953125,"transactions":6854,"margin":56.70000076293945},{"product":"BLUE HASH PLANT EIGHTH - NATURES CHEMISTRY","units":2860,"revenue":139624.794921875,"cost":74574.501953125,"profit":65050.2978515625,"transactions":2414,"margin":46.599998474121094},{"product":"GARLIC BANANA EIGHTH - NATURES CHEMISTRY","units":2348,"revenue":129200.478515625,"cost":65320.1513671875,"profit":63880.3271484375,"transactions":2012,"margin":49.400001525878906},{"product":"FACE ON FIRE EIGHTH - NATURES CHEMISTRY","units":2268,"revenue":113973.3203125,"cost":59138.1005859375,"profit":54835.224609375,"transactions":1878,"margin":48.099998474121094},{"product":"SUPER SOUR DIESEL EIGHTH - NATURES CHEMISTRY","units":2096,"revenue":107922.8515625,"cost":54653.203125,"profit":53269.6484375,"transactions":1706,"margin":49.400001525878906},{"product":"GARMOSA PRE ROLL - NATURES CHEMISTRY","units":6726,"revenue":106831.103515625,"cost":49932.5,"profit":56898.5986328125,"transactions":5310,"margin":53.29999923706055},{"product":"MODIFIED BANANA EIGHTH - NATURES CHEMISTRY","units":1918,"revenue":105897.51953125,"cost":54009.599609375,"profit":51887.9248046875,"transactions":1548,"margin":49.0},{"product":"GARMOSA EIGHTH - NATURES CHEMISTRY","units":1836,"revenue":105421.025390625,"cost":53115.302734375,"profit":52305.72265625,"transactions":1468,"margin":49.599998474121094},{"product":"GARLIC COOKIES GRAM - NATURES CHEMISTRY","units":4714,"revenue":85446.396484375,"cost":39886.79931640625,"profit":45559.599609375,"transactions":3864,"margin":53.29999923706055},{"product":"MR WHITE EIGHTH - NATURES CHEMISTRY","units":1678,"revenue":85200.0,"cost":38593.4765625,"profit":46606.5234375,"transactions":1344,"margin":54.70000076293945},{"product":"COSMIC PRE ROLL - NATURES CHEMISTRY","units":5240,"revenue":85197.7734375,"cost":38459.599609375,"profit":46738.173828125,"transactions":4162,"margin":54.900001525878906},{"product":"8 INCH BAGEL EIGHTH - NATURES CHEMISTRY","units":1622,"revenue":80450.0244140625,"cost":39065.126953125,"profit":41384.90234375,"transactions":1366,"margin":51.400001525878906},{"product":"JUNGLE JUICE EIGHTH - NATURES CHEMISTRY","units":1626,"revenue":78685.80078125,"cost":42023.2763671875,"profit":36662.5244140625,"transactions":1342,"margin":46.599998474121094},{"product":"COCONUT MILK EIGHTH - NATURES CHEMISTRY","units":1580,"revenue":78422.0263671875,"cost":41198.5009765625,"profit":37223.525390625,"transactions":1354,"margin":47.5},{"product":"MODIFIED BANANA PRE ROLL - NATURES CHEMISTRY","units":4304,"revenue":71366.07421875,"cost":30687.5,"profit":40678.57421875,"transactions":3494,"margin":57.0},{"product":"ANIMAL HOUSE EIGHTH - NATURES CHEMISTRY","units":1394,"revenue":70847.900390625,"cost":36348.55224609375,"profit":34499.3505859375,"transactions":1106,"margin":48.70000076293945},{"product":"NC KUSH PRE ROLL - NATURES CHEMISTRY","units":4324,"revenue":69922.2998046875,"cost":30853.60107421875,"profit":39068.69873046875,"transactions":3390,"margin":55.900001525878906}],"products_by_store":{"Elevation Springs":[{"product":"GARLIC COOKIES EIGHTH - NATURES CHEMISTRY","units":4118,"revenue":241587.05078125,"cost":123288.623046875,"profit":118298.427734375,"transactions":3220,"margin":49.0},{"product":"GHOST TRAIN HAZE EIGHTH - NATURES CHEMISTRY","units":3002,"revenue":167012.3828125,"cost":84188.92578125,"profit":82823.447265625,"transactions":2446,"margin":49.599998474121094},{"product":"ONION RING EIGHTH - NATURES CHEMISTRY","units":2348,"revenue":135400.52734375,"cost":65664.326171875,"profit":69736.201171875,"transactions":1982,"margin":51.5},{"product":"PINEAPPLE FANTA EIGHTH - NATURES CHEMISTRY","units":2122,"revenue":110489.775390625,"cost":55331.15234375,"profit":55158.623046875,"transactions":1810,"margin":49.900001525878906},{"product":"COSMIC EIGHTH - NATURES CHEMISTRY","units":1470,"revenue":87891.025390625,"cost":44481.8505859375,"profit":43409.1748046875,"transactions":1242,"margin":49.400001525878906},{"product":"GARLIC COOKIES PRE ROLL - NATURES CHEMISTRY","units":5236,"revenue":84233.22265625,"cost":38912.5,"profit":45320.72265625,"transactions":3678,"margin":53.79999923706055},{"product":"ONION RING PRE ROLL - NATURES CHEMISTRY","units":4690,"revenue":76058.4521484375,"cost":34120.0,"profit":41938.4521484375,"transactions":3572,"margin":55.099998474121094},{"product":"NC KUSH EIGHTH - NATURES CHEMISTRY","units":1222,"revenue":69118.5009765625,"cost":32585.52490234375,"profit":36532.97607421875,"transactions":978,"margin":52.900001525878906},{"product":"GHOST TRAIN HAZE PRE ROLL - NATURES CHEMISTRY","units":3740,"revenue":59664.0771484375,"cost":25885.0,"profit":33779.07470703125,"transactions":2860,"margin":56.599998474121094},{"product":"BLUE HASH PLANT EIGHTH - NATURES CHEMISTRY","units":816,"revenue":39941.75048828125,"cost":21277.19970703125,"profit":18664.549560546875,"transactions":716,"margin":46.70000076293945},{"product":"GARMOSA EIGHTH - NATURES CHEMISTRY","units":670,"revenue":39186.25,"cost":19808.9501953125,"profit":19377.2998046875,"transactions":524,"margin":49.400001525878906},{"product":"SUPER SOUR DIESEL EIGHTH - NATURES CHEMISTRY","units":754,"revenue":38947.7490234375,"cost":19660.550537109375,"profit":19287.19970703125,"transactions":636,"margin":49.5},{"product":"8 INCH BAGEL EIGHTH - NATURES CHEMISTRY","units":766,"revenue":38285.77392578125,"cost":19934.400634765625,"profit":18351.37451171875,"transactions":672,"margin":47.900001525878906},{"product":"GARMOSA PRE ROLL - NATURES CHEMISTRY","units":2232,"revenue":35455.2490234375,"cost":16690.0,"profit":18765.250244140625,"transactions":1554,"margin":52.900001525878906},{"product":"FACE ON FIRE EIGHTH - NATURES CHEMISTRY","units":682,"revenue":33192.44873046875,"cost":17783.150634765625,"profit":15409.29931640625,"transactions":584,"margin":46.400001525878906}],"Elevation Mesa":[{"product":"GARLIC COOKIES EIGHTH - NATURES CHEMISTRY","units":3230,"revenue":190516.69921875,"cost":97740.3515625,"profit":92776.34765625,"transactions":2514,"margin":48.70000076293945},{"product":"GHOST TRAIN HAZE EIGHTH - NATURES CHEMISTRY","units":1688,"revenue":90862.6953125,"cost":48526.25,"profit":42336.4501953125,"transactions":1230,"margin":46.599998474121094},{"product":"ONION RING EIGHTH - NATURES CHEMISTRY","units":1552,"revenue":89295.8984375,"cost":45806.2255859375,"profit":43489.677734375,"transactions":1260,"margin":48.70000076293945},{"product":"NC KUSH EIGHTH - NATURES CHEMISTRY","units":1130,"revenue":60037.5732421875,"cost":29367.62451171875,"profit":30669.951171875,"transactions":852,"margin":51.099998474121094},{"product":"GARLIC COOKIES PRE ROLL - NATURES CHEMISTRY","units":3006,"revenue":49720.4248046875,"cost":22275.0,"profit":27445.4248046875,"transactions":2408,"margin":55.20000076293945},{"product":"BLUE HASH PLANT EIGHTH - NATURES CHEMISTRY","units":968,"revenue":46692.67578125,"cost":25240.6005859375,"profit":21452.0751953125,"transactions":840,"margin":45.900001525878906},{"product":"COSMIC EIGHTH - NATURES CHEMISTRY","units":876,"revenue":46638.076171875,"cost":25323.57421875,"profit":21314.49951171875,"transactions":736,"margin":45.70000076293945},{"product":"PINEAPPLE FANTA EIGHTH - NATURES CHEMISTRY","units":770,"revenue":36709.1748046875,"cost":20077.750244140625,"profit":16631.424560546875,"transactions":590,"margin":45.29999923706055},{"product":"MODIFIED BANANA EIGHTH - NATURES CHEMISTRY","units":538,"revenue":29744.7509765625,"cost":15531.600341796875,"profit":14213.150634765625,"transactions":414,"margin":47.79999923706055},{"product":"MR WHITE EIGHTH - NATURES CHEMISTRY","units":562,"revenue":27684.7509765625,"cost":14654.150390625,"profit":13030.599365234375,"transactions":480,"margin":47.099998474121094},{"product":"ONION RING PRE ROLL - NATURES CHEMISTRY","units":1612,"revenue":26090.54931640625,"cost":11742.5,"profit":14348.050537109375,"transactions":1252,"margin":55.0},{"product":"GARLIC BANANA EIGHTH - NATURES CHEMISTRY","units":440,"revenue":23812.35107421875,"cost":12373.900146484375,"profit":11438.44970703125,"transactions":390,"margin":48.0},{"product":"SUPER SOUR DIESEL EIGHTH - NATURES CHEMISTRY","units":472,"revenue":22588.1005859375,"cost":12307.39990234375,"profit":10280.699462890625,"transactions":366,"margin":45.5},{"product":"GARMOSA EIGHTH - NATURES CHEMISTRY","units":436,"revenue":22550.50048828125,"cost":12451.600341796875,"profit":10098.900146484375,"transactions":342,"margin":44.79999923706055},{"product":"GARLIC COOKIES GRAM - NATURES CHEMISTRY","units":1262,"revenue":22431.8994140625,"cost":10630.899658203125,"profit":11800.999755859375,"transactions":1098,"margin":52.599998474121094}],"Elevation Oasis":[{"product":"GARLIC COOKIES EIGHTH - NATURES CHEMISTRY","units":2144,"revenue":135795.1953125,"cost":62307.998046875,"profit":73487.2021484375,"transactions":1372,"margin":54.099998474121094},{"product":"NC KUSH EIGHTH - NATURES CHEMISTRY","units":1700,"revenue":102020.478515625,"cost":45470.44921875,"profit":56550.0244140625,"transactions":1126,"margin":55.400001525878906},{"product":"ONION RING EIGHTH - NATURES CHEMISTRY","units":1394,"revenue":87667.724609375,"cost":38918.85009765625,"profit":48748.876953125,"transactions":888,"margin":55.599998474121094},{"product":"PINEAPPLE FANTA EIGHTH - NATURES CHEMISTRY","units":1378,"revenue":78989.7509765625,"cost":35073.97705078125,"profit":43915.7763671875,"transactions":966,"margin":55.599998474121094},{"product":"GHOST TRAIN HAZE EIGHTH - NATURES CHEMISTRY","units":1240,"revenue":77875.1513671875,"cost":35166.6259765625,"profit":42708.525390625,"transactions":770,"margin":54.79999923706055},{"product":"COSMIC EIGHTH - NATURES CHEMISTRY","units":1052,"revenue":66378.525390625,"cost":30126.474609375,"profit":36252.05078125,"transactions":700,"margin":54.599998474121094},{"product":"PINEAPPLE FANTA HALF OUNCE - NATURES CHEMISTRY","units":212,"revenue":28244.375,"cost":11825.849609375,"profit":16418.525390625,"transactions":180,"margin":58.099998474121094},{"product":"GARLIC BANANA EIGHTH - NATURES CHEMISTRY","units":376,"revenue":23075.0,"cost":10578.75,"profit":12496.25,"transactions":256,"margin":54.20000076293945},{"product":"MODIFIED BANANA EIGHTH - NATURES CHEMISTRY","units":358,"revenue":22499.49951171875,"cost":10963.75,"profit":11535.74951171875,"transactions":264,"margin":51.29999923706055},{"product":"JUNGLE JUICE EIGHTH - NATURES CHEMISTRY","units":350,"revenue":17461.949462890625,"cost":9124.05029296875,"profit":8337.899780273438,"transactions":232,"margin":47.70000076293945},{"product":"FACE ON FIRE EIGHTH - NATURES CHEMISTRY","units":314,"revenue":17325.400390625,"cost":8187.550048828125,"profit":9137.849731445312,"transactions":236,"margin":52.70000076293945},{"product":"SUPER SOUR DIESEL EIGHTH - NATURES CHEMISTRY","units":300,"revenue":16925.999755859375,"cost":7822.5,"profit":9103.499755859375,"transactions":210,"margin":53.79999923706055},{"product":"GARMOSA EIGHTH - NATURES CHEMISTRY","units":256,"revenue":16434.024658203125,"cost":7676.199951171875,"profit":8757.825317382812,"transactions":190,"margin":53.29999923706055},{"product":"ANIMAL HOUSE EIGHTH - NATURES CHEMISTRY","units":290,"revenue":16000.50048828125,"cost":7561.75048828125,"profit":8438.75,"transactions":202,"margin":52.70000076293945},{"product":"BLUE HASH PLANT EIGHTH - NATURES CHEMISTRY","units":306,"revenue":15787.5,"cost":7978.9501953125,"profit":7808.5498046875,"transactions":202,"margin":49.5}],"Elevation Downtown":[{"product":"COCONUT MILK PRE ROLL - NATURES CHEMISTRY","units":226,"revenue":3182.2500610351562,"cost":938.4500122070312,"profit":2243.800048828125,"transactions":190,"margin":70.5},{"product":"ONION RING PRE ROLL - NATURES CHEMISTRY","units":142,"revenue":2570.7498168945312,"cost":1065.0,"profit":1505.7499694824219,"transactions":122,"margin":58.599998474121094},{"product":"DON MEGA PRE ROLL - NATURES CHEMISTRY","units":180,"revenue":2466.0000610351562,"cost":937.8749847412109,"profit":1528.125,"transactions":156,"margin":62.0},{"product":"8 INCH BAGEL PRE ROLL - NATURES CHEMISTRY","units":150,"revenue":2060.124969482422,"cost":937.5,"profit":1122.6249694824219,"transactions":134,"margin":54.5},{"product":"MODIFIED BANANA PRE ROLL - NATURES CHEMISTRY","units":100,"revenue":1916.7500305175781,"cost":750.0,"profit":1166.7500305175781,"transactions":92,"margin":60.900001525878906},{"product":"GHOST TRAIN HAZE PRE ROLL - NATURES CHEMISTRY","units":90,"revenue":1776.6250610351562,"cost":675.0,"profit":1101.624984741211,"transactions":78,"margin":62.0},{"product":"BUBBLE BATH THCA INFUSED PRE ROLL - NATURES CHEMISTRY","units":70,"revenue":1739.2500305175781,"cost":743.75,"profit":995.5000305175781,"transactions":56,"margin":57.20000076293945},{"product":"COSMIC PRE ROLL - NATURES CHEMISTRY","units":66,"revenue":1298.3749389648438,"cost":375.2000045776367,"profit":923.1749725341797,"transactions":62,"margin":71.0999984741211},{"product":"8 INCH BAGEL THCA INFUSED PRE ROLL - NATURES CHEMISTRY","units":50,"revenue":1255.5000305175781,"cost":562.5,"profit":693.0000305175781,"transactions":48,"margin":55.20000076293945},{"product":"BANGKOK PURPLE THCA INFUSED PRE ROLL - NATURES CHEMISTRY","units":50,"revenue":1253.499984741211,"cost":531.25,"profit":722.2499847412109,"transactions":44,"margin":57.599998474121094},{"product":"GARLIC COOKIES PRE ROLL - NATURES CHEMISTRY","units":54,"revenue":1067.750015258789,"cost":405.0,"profit":662.7500152587891,"transactions":44,"margin":62.099998474121094},{"product":"JUNGLE JUICE PRE ROLL - NATURES CHEMISTRY","units":50,"revenue":837.5,"cost":312.5,"profit":525.0,"transactions":46,"margin":62.70000076293945},{"product":"BLUE HASH PLANT PRE ROLL - NATURES CHEMISTRY","units":52,"revenue":790.9999847412109,"cost":325.0,"profit":465.99998474121094,"transactions":44,"margin":58.900001525878906},{"product":"GARLIC COCKTAIL PRE ROLL - NATURES CHEMISTRY","units":50,"revenue":790.2500152587891,"cost":312.5,"profit":477.75001525878906,"transactions":48,"margin":60.5},{"product":"OMG PRE ROLL - NATURES CHEMISTRY","units":50,"revenue":715.7499694824219,"cost":312.5,"profit":403.25000762939453,"transactions":46,"margin":56.29999923706055}],"Elevation Midtown":[{"product":"COSMIC EIGHTH - NATURES CHEMISTRY","units":978,"revenue":60997.9736328125,"cost":28459.29931640625,"profit":32538.67431640625,"transactions":820,"margin":53.29999923706055},{"product":"GHOST TRAIN HAZE EIGHTH - NATURES CHEMISTRY","units":718,"revenue":44545.6494140625,"cost":21002.275390625,"profit":23543.3740234375,"transactions":548,"margin":52.900001525878906},{"product":"GARLIC COOKIES EIGHTH - NATURES CHEMISTRY","units":686,"revenue":44422.5,"cost":20016.324462890625,"profit":24406.17431640625,"transactions":572,"margin":54.900001525878906},{"product":"NC KUSH EIGHTH - NATURES CHEMISTRY","units":762,"revenue":44165.498046875,"cost":19046.500244140625,"profit":25118.9990234375,"transactions":620,"margin":56.900001525878906},{"product":"ONION RING EIGHTH - NATURES CHEMISTRY","units":628,"revenue":37586.07421875,"cost":17868.599853515625,"profit":19717.474365234375,"transactions":548,"margin":52.5},{"product":"PINEAPPLE FANTA EIGHTH - NATURES CHEMISTRY","units":598,"revenue":33447.84912109375,"cost":15592.850341796875,"profit":17855.0,"transactions":534,"margin":53.400001525878906},{"product":"FACE ON FIRE EIGHTH - NATURES CHEMISTRY","units":450,"revenue":23564.09912109375,"cost":11733.75,"profit":11830.350341796875,"transactions":350,"margin":50.20000076293945},{"product":"SUPER SOUR DIESEL EIGHTH - NATURES CHEMISTRY","units":234,"revenue":12734.000244140625,"cost":6101.55029296875,"profit":6632.449951171875,"transactions":194,"margin":52.099998474121094},{"product":"COCONUT MILK EIGHTH - NATURES CHEMISTRY","units":238,"revenue":12643.75,"cost":6205.8502197265625,"profit":6437.8997802734375,"transactions":200,"margin":50.900001525878906},{"product":"GARLIC COOKIES PRE ROLL - NATURES CHEMISTRY","units":582,"revenue":10508.125,"cost":4365.0,"profit":6143.125,"transactions":510,"margin":58.5},{"product":"MODIFIED BANANA EIGHTH - NATURES CHEMISTRY","units":168,"revenue":9670.499877929688,"cost":4608.0999755859375,"profit":5062.39990234375,"transactions":142,"margin":52.29999923706055},{"product":"GARLIC BANANA EIGHTH - NATURES CHEMISTRY","units":140,"revenue":9454.000244140625,"cost":4287.5,"profit":5166.500244140625,"transactions":128,"margin":54.599998474121094},{"product":"NC KUSH PRE ROLL - NATURES CHEMISTRY","units":536,"revenue":9400.999755859375,"cost":3897.5,"profit":5503.499755859375,"transactions":470,"margin":58.5},{"product":"JUNGLE JUICE EIGHTH - NATURES CHEMISTRY","units":162,"revenue":8854.249877929688,"cost":4208.9251708984375,"profit":4645.325012207031,"transactions":136,"margin":52.5},{"product":"BLUE HASH PLANT EIGHTH - NATURES CHEMISTRY","units":160,"revenue":8525.0,"cost":4172.0001220703125,"profit":4352.9998779296875,"transactions":132,"margin":51.099998474121094}],"Elevation Boulevard":[{"product":"GARLIC COOKIES EIGHTH - NATURES CHEMISTRY","units":1270,"revenue":73593.5009765625,"cost":38102.5,"profit":35491.0009765625,"transactions":1062,"margin":48.20000076293945},{"product":"NC KUSH EIGHTH - NATURES CHEMISTRY","units":978,"revenue":51474.1748046875,"cost":26013.92578125,"profit":25460.25146484375,"transactions":838,"margin":49.5},{"product":"GHOST TRAIN HAZE EIGHTH - NATURES CHEMISTRY","units":830,"revenue":43769.599609375,"cost":23484.9755859375,"profit":20284.625244140625,"transactions":670,"margin":46.29999923706055},{"product":"ONION RING EIGHTH - NATURES CHEMISTRY","units":780,"revenue":42729.248046875,"cost":23432.5,"profit":19296.75048828125,"transactions":664,"margin":45.20000076293945},{"product":"PINEAPPLE FANTA EIGHTH - NATURES CHEMISTRY","units":590,"revenue":29148.24951171875,"cost":15384.25048828125,"profit":13764.000244140625,"transactions":472,"margin":47.20000076293945},{"product":"GARLIC COOKIES PRE ROLL - NATURES CHEMISTRY","units":1810,"revenue":27585.12451171875,"cost":13425.94970703125,"profit":14159.1748046875,"transactions":1476,"margin":51.29999923706055},{"product":"ONION RING PRE ROLL - NATURES CHEMISTRY","units":1776,"revenue":26870.224609375,"cost":13132.5,"profit":13737.724609375,"transactions":1412,"margin":51.099998474121094},{"product":"COSMIC EIGHTH - NATURES CHEMISTRY","units":442,"revenue":24196.42333984375,"cost":12434.5751953125,"profit":11761.8505859375,"transactions":374,"margin":48.599998474121094},{"product":"GHOST TRAIN HAZE PRE ROLL - NATURES CHEMISTRY","units":1290,"revenue":18793.599853515625,"cost":8615.0,"profit":10178.599853515625,"transactions":1076,"margin":54.20000076293945},{"product":"GARMOSA PRE ROLL - NATURES CHEMISTRY","units":1228,"revenue":18227.17529296875,"cost":9210.0,"profit":9017.174682617188,"transactions":1022,"margin":49.5},{"product":"GARLIC COOKIES GRAM - NATURES CHEMISTRY","units":952,"revenue":16981.75048828125,"cost":7976.400146484375,"profit":9005.349731445312,"transactions":848,"margin":53.0},{"product":"GARLIC BANANA EIGHTH - NATURES CHEMISTRY","units":326,"revenue":15733.02490234375,"cost":8500.450439453125,"profit":7232.5750732421875,"transactions":304,"margin":46.0},{"product":"MODIFIED BANANA EIGHTH - NATURES CHEMISTRY","units":324,"revenue":15157.899169921875,"cost":8894.200439453125,"profit":6263.699951171875,"transactions":278,"margin":41.29999923706055},{"product":"FACE ON FIRE EIGHTH - NATURES CHEMISTRY","units":242,"revenue":12299.000244140625,"cost":6310.150146484375,"profit":5988.85009765625,"transactions":222,"margin":48.70000076293945},{"product":"COSMIC PRE ROLL - NATURES CHEMISTRY","units":748,"revenue":11276.14990234375,"cost":5485.0,"profit":5791.14990234375,"transactions":652,"margin":51.400001525878906}],"Elevation Parkway":[{"product":"GARLIC COOKIES EIGHTH - NATURES CHEMISTRY","units":1018,"revenue":61810.1513671875,"cost":29890.8251953125,"profit":31919.326171875,"transactions":888,"margin":51.599998474121094},{"product":"GHOST TRAIN HAZE EIGHTH - NATURES CHEMISTRY","units":784,"revenue":45190.0,"cost":22080.17578125,"profit":23109.82421875,"transactions":714,"margin":51.099998474121094},{"product":"PINEAPPLE FANTA EIGHTH - NATURES CHEMISTRY","units":832,"revenue":43332.001953125,"cost":21693.7744140625,"profit":21638.22509765625,"transactions":752,"margin":49.900001525878906},{"product":"GARLIC COOKIES PRE ROLL - NATURES CHEMISTRY","units":2354,"revenue":39235.32470703125,"cost":17415.0,"profit":21820.32470703125,"transactions":2024,"margin":55.599998474121094},{"product":"NC KUSH EIGHTH - NATURES CHEMISTRY","units":728,"revenue":39078.1982421875,"cost":21521.4990234375,"profit":17556.700439453125,"transactions":676,"margin":44.900001525878906},{"product":"COSMIC EIGHTH - NATURES CHEMISTRY","units":594,"revenue":36176.79931640625,"cost":17646.0498046875,"profit":18530.74951171875,"transactions":518,"margin":51.20000076293945},{"product":"GHOST TRAIN HAZE PRE ROLL - NATURES CHEMISTRY","units":2198,"revenue":36126.99951171875,"cost":15170.0,"profit":20956.99951171875,"transactions":1636,"margin":58.0},{"product":"ONION RING PRE ROLL - NATURES CHEMISTRY","units":1922,"revenue":31506.14990234375,"cost":14204.200439453125,"profit":17301.949462890625,"transactions":1574,"margin":54.900001525878906},{"product":"ONION RING EIGHTH - NATURES CHEMISTRY","units":480,"revenue":29125.37353515625,"cost":14700.0,"profit":14425.374755859375,"transactions":400,"margin":49.5},{"product":"GARLIC BANANA EIGHTH - NATURES CHEMISTRY","units":436,"revenue":24346.875,"cost":12251.400146484375,"profit":12095.474853515625,"transactions":410,"margin":49.70000076293945},{"product":"COSMIC PRE ROLL - NATURES CHEMISTRY","units":1158,"revenue":19551.12548828125,"cost":8576.900024414062,"profit":10974.224853515625,"transactions":1026,"margin":56.099998474121094},{"product":"BLUE HASH PLANT EIGHTH - NATURES CHEMISTRY","units":390,"revenue":18940.374755859375,"cost":10169.25048828125,"profit":8771.124877929688,"transactions":342,"margin":46.29999923706055},{"product":"NC KUSH PRE ROLL - NATURES CHEMISTRY","units":1090,"revenue":17961.55029296875,"cost":7862.5,"profit":10099.049682617188,"transactions":878,"margin":56.20000076293945},{"product":"GARMOSA PRE ROLL - NATURES CHEMISTRY","units":1134,"revenue":17564.525146484375,"cost":8145.0,"profit":9419.525146484375,"transactions":958,"margin":53.599998474121094},{"product":"GARMOSA EIGHTH - NATURES CHEMISTRY","units":280,"revenue":17115.0,"cost":8120.0,"profit":8995.0,"transactions":240,"margin":52.599998474121094}]},"store_summary":[{"store_clean":"Elevation Springs","units":67650,"revenue":2094087.96875,"cost":997426.484375,"profit":1096661.40625,"discounts":472497.5390625,"margin":52.400001525878906,"discount_rate":18.399999618530273},{"store_clean":"Elevation Mesa","units":41200,"revenue":1344794.84375,"cost":661691.484375,"profit":683103.4375,"discounts":331247.65625,"margin":50.79999923706055,"discount_rate":19.799999237060547},{"store_clean":"Elevation Oasis","units":23974,"revenue":1097388.984375,"cost":487931.1328125,"profit":609457.8515625,"discounts":138941.34765625,"margin":55.5,"discount_rate":11.199999809265137},{"store_clean":"Elevation Parkway","units":27252,"revenue":743555.15625,"cost":345350.5859375,"profit":398204.53125,"discounts":136212.197265625,"margin":53.599998474121094,"discount_rate":15.5},{"store_clean":"Elevation Boulevard","units":26762,"revenue":700302.65625,"cost":352312.96875,"profit":347989.6875,"discounts":192894.19921875,"margin":49.70000076293945,"discount_rate":21.600000381469727},{"store_clean":"Elevation Midtown","units":14946,"revenue":550608.5546875,"cost":245240.68359375,"profit":305367.87109375,"discounts":75201.4501953125,"margin":55.5,"discount_rate":12.0},{"store_clean":"Elevation Downtown","units":1462,"revenue":24804.6240234375,"cost":9559.299926757812,"profit":15245.32470703125,"discounts":4295.375061035156,"margin":61.5,"discount_rate":14.800000190734863}],"recommendations":[{"severity":"info","title":"VOLUME LEVERAGE","detail":"$2,622,217 revenue provides negotiating leverage.","action":"Use volume as leverage in next vendor meeting."}],"comparison":null}