{"brand":"KUSHBERRY FARMS","date_range":"2024-01-01 00:00:00 to 2026-01-31 00:00:00","period_label":"All Time","summary":{"total_units":4440,"total_revenue":84261.728515625,"total_cost":32288.84765625,"total_discounts":19228.27392578125,"total_profit":51972.8759765625,"overall_margin":61.70000076293945,"fp_margin":69.0,"disc_margin":54.0,"pct_full_price":51.20000076293945,"avg_discount_rate":18.600000381469727,"fp_revenue":43110.0,"disc_revenue":41151.728515625,"unique_customers":2650,"brand":"KUSHBERRY FARMS","date_range":"2024-01-01 00:00:00 to 2026-01-31 00:00:00","months_count":10,"avg_monthly_cost":6457.775000000001,"cost_per_unit":14.55,"primary_category":"FLOWER","primary_cat_margin":54.099998474121094,"category_rank":50,"category_total":64,"margin_vs_category":7.599999904632568,"velocity_rank":48},"category_breakdown":[{"category_clean":"FLOWER","units":2250,"revenue":60974.2236328125,"cost":24486.95068359375,"profit":36487.275390625,"discounts":15375.775146484375,"margin":59.79999923706055,"category_avg_margin":54.099998474121094,"vs_category":5.7,"rank":50.0,"total_brands":64.0},{"category_clean":"PRE ROLL","units":2190,"revenue":23287.5,"cost":7801.9000244140625,"profit":15485.6005859375,"discounts":3852.5,"margin":66.5,"category_avg_margin":48.29999923706055,"vs_category":18.2,"rank":30.0,"total_brands":46.0}],"trend":[{"period":"2024-01","revenue":19625.50048828125,"cost":8072.2998046875,"margin":58.9,"units":1238,"transactions":1028,"profit":11553.20068359375,"revenue_change_pct":null,"units_change_pct":null,"margin_change_pts":null},{"period":"2024-02","revenue":43425.8251953125,"cost":15622.349853515625,"margin":64.0,"units":2108,"transactions":1706,"profit":27803.47412109375,"revenue_change_pct":121.3,"units_change_pct":70.3,"margin_change_pts":5.2},{"period":"2024-03","revenue":9978.499755859375,"cost":3436.824951171875,"margin":65.6,"units":504,"transactions":372,"profit":6541.6748046875,"revenue_change_pct":-77.0,"units_change_pct":-76.1,"margin_change_pts":1.5},{"period":"2024-04","revenue":7363.7249755859375,"cost":3098.275146484375,"margin":57.9,"units":338,"transactions":226,"profit":4265.4498291015625,"revenue_change_pct":-26.2,"units_change_pct":-32.9,"margin_change_pts":-7.6},{"period":"2024-05","revenue":3868.175048828125,"cost":2059.1000366210938,"margin":46.8,"units":252,"transactions":182,"profit":1809.0750122070312,"revenue_change_pct":-47.5,"units_change_pct":-25.4,"margin_change_pts":-11.2}],"share_of_category":[{"category":"FLOWER","brand_revenue":60974.2236328125,"category_revenue":77755450.0,"revenue_share_pct":0.10000000149011612,"brand_units":2250,"category_units":2708446,"units_share_pct":0.1},{"category":"PRE ROLL","brand_revenue":23287.5,"category_revenue":14009791.25,"revenue_share_pct":0.20000000298023224,"brand_units":2190,"category_units":1485736,"units_share_pct":0.1}],"share_of_category_trend":{"FLOWER":[{"period":"2024-01","brand_revenue":11167.5,"category_revenue":3552357.8125,"share_pct":0.30000001192092896},{"period":"2024-02","brand_revenue":32908.57421875,"category_revenue":3535245.625,"share_pct":0.8999999761581421},{"period":"2024-03","brand_revenue":7071.25,"category_revenue":3693805.625,"share_pct":0.20000000298023224},{"period":"2024-04","brand_revenue":6661.2249755859375,"category_revenue":3541899.6875,"share_pct":0.20000000298023224},{"period":"2024-05","brand_revenue":3165.675048828125,"category_revenue":3537479.375,"share_pct":0.10000000149011612},{"period":"2024-06","brand_revenue":0.0,"category_revenue":3403269.6875,"share_pct":0.0},{"period":"2024-07","brand_revenue":0.0,"category_revenue":3457705.9375,"share_pct":0.0},{"period":"2024-08","brand_revenue":0.0,"category_revenue":3453819.375,"share_pct":0.0},{"period":"2024-09","brand_revenue":0.0,"category_revenue":3316441.5625,"share_pct":0.0},{"period":"2024-10","brand_revenue":0.0,"category_revenue":3585775.0,"share_pct":0.0},{"period":"2024-11","brand_revenue":0.0,"category_revenue":3454855.3125,"share_pct":0.0},{"period":"2024-12","brand_revenue":0.0,"category_revenue":3226567.8125,"share_pct":0.0},{"period":"2025-01","brand_revenue":0.0,"category_revenue":2984938.125,"share_pct":0.0},{"period":"2025-02","brand_revenue":0.0,"category_revenue":2816220.0,"share_pct":0.0},{"period":"2025-03","brand_revenue":0.0,"category_revenue":2911379.6875,"share_pct":0.0},{"period":"2025-04","brand_revenue":0.0,"category_revenue":3118895.3125,"share_pct":0.0},{"period":"2025-05","brand_revenue":0.0,"category_revenue":2887345.0,"share_pct":0.0},{"period":"2025-06","brand_revenue":0.0,"category_revenue":2773698.125,"share_pct":0.0},{"period":"2025-07","brand_revenue":0.0,"category_revenue":2782763.125,"share_pct":0.0},{"period":"2025-08","brand_revenue":0.0,"category_revenue":2733122.8125,"share_pct":0.0},{"period":"2025-09","brand_revenue":0.0,"category_revenue":2603501.5625,"share_pct":0.0},{"period":"2025-10","brand_revenue":0.0,"category_revenue":2663705.0,"share_pct":0.0},{"period":"2025-11","brand_revenue":0.0,"category_revenue":2700189.0625,"share_pct":0.0},{"period":"2025-12","brand_revenue":0.0,"category_revenue":2515209.53125,"share_pct":0.0},{"period":"2026-01","brand_revenue":0.0,"category_revenue":2505261.875,"share_pct":0.0}],"PRE ROLL":[{"period":"2024-01","brand_revenue":8457.999877929688,"category_revenue":508338.515625,"share_pct":1.7000000476837158},{"period":"2024-02","brand_revenue":10517.249755859375,"category_revenue":489393.671875,"share_pct":2.0999999046325684},{"period":"2024-03","brand_revenue":2907.2500610351562,"category_revenue":520052.3828125,"share_pct":0.6000000238418579},{"period":"2024-04","brand_revenue":702.5,"category_revenue":491300.6640625,"share_pct":0.10000000149011612},{"period":"2024-05","brand_revenue":702.5,"category_revenue":542202.890625,"share_pct":0.10000000149011612},{"period":"2024-06","brand_revenue":0.0,"category_revenue":507288.8671875,"share_pct":0.0},{"period":"2024-07","brand_revenue":0.0,"category_revenue":524250.9765625,"share_pct":0.0},{"period":"2024-08","brand_revenue":0.0,"category_revenue":612518.7109375,"share_pct":0.0},{"period":"2024-09","brand_revenue":0.0,"category_revenue":586543.0078125,"share_pct":0.0},{"period":"2024-10","brand_revenue":0.0,"category_revenue":641449.1796875,"share_pct":0.0},{"period":"2024-11","brand_revenue":0.0,"category_revenue":579866.71875,"share_pct":0.0},{"period":"2024-12","brand_revenue":0.0,"category_revenue":582999.5703125,"share_pct":0.0},{"period":"2025-01","brand_revenue":0.0,"category_revenue":544095.3125,"share_pct":0.0},{"period":"2025-02","brand_revenue":0.0,"category_revenue":500875.5859375,"share_pct":0.0},{"period":"2025-03","brand_revenue":0.0,"category_revenue":551422.0703125,"share_pct":0.0},{"period":"2025-04","brand_revenue":0.0,"category_revenue":568189.375,"share_pct":0.0},{"period":"2025-05","brand_revenue":0.0,"category_revenue":565516.875,"share_pct":0.0},{"period":"2025-06","brand_revenue":0.0,"category_revenue":560506.71875,"share_pct":0.0},{"period":"2025-07","brand_revenue":0.0,"category_revenue":600916.09375,"share_pct":0.0},{"period":"2025-08","brand_revenue":0.0,"category_revenue":620247.5,"share_pct":0.0},{"period":"2025-09","brand_revenue":0.0,"category_revenue":608971.09375,"share_pct":0.0},{"period":"2025-10","brand_revenue":0.0,"category_revenue":645293.1640625,"share_pct":0.0},{"period":"2025-11","brand_revenue":0.0,"category_revenue":581113.4765625,"share_pct":0.0},{"period":"2025-12","brand_revenue":0.0,"category_revenue":553088.5546875,"share_pct":0.0},{"period":"2026-01","brand_revenue":0.0,"category_revenue":523350.9375,"share_pct":0.0}]},"discount_depth":[{"tier":"0% (Full Price)","transactions":1656,"pct_of_transactions":44.4,"revenue":43110.0,"avg_discount":0.0},{"tier":"1-10%","transactions":190,"pct_of_transactions":5.1,"revenue":5318.074951171875,"avg_discount":19.799999237060547},{"tier":"11-20%","transactions":72,"pct_of_transactions":1.9,"revenue":1583.5000610351562,"avg_discount":39.79999923706055},{"tier":"21-30%","transactions":4,"pct_of_transactions":0.1,"revenue":48.75,"avg_discount":50.0},{"tier":"31%+","transactions":272,"pct_of_transactions":7.3,"revenue":7323.1500244140625,"avg_discount":102.19999694824219}],"velocity":{"units_per_day":33.14,"revenue_per_day":628.8249969482422,"avg_units_per_txn":2.52,"days_of_data":134,"total_units":4440,"total_transactions":3514},"velocity_by_category":[{"category":"PRE ROLL","brand_units_per_day":2.88,"category_avg_units_per_day":42.38,"velocity_index":6.8,"brand_rev_per_unit":8.51,"category_rev_per_unit":7.54,"brands_in_category":46},{"category":"FLOWER","brand_units_per_day":2.96,"category_avg_units_per_day":55.54,"velocity_index":5.3,"brand_rev_per_unit":21.68,"category_rev_per_unit":22.97,"brands_in_category":64}],"deals":[{"deal_name":"Industry - 30% Off","times_used":856,"units":1042.0,"revenue":14997.499997615814,"discounts":6427.500004172325,"cost":7001.924939155579,"profit":7995.575059056282,"pre_discount_revenue":21425.0,"margin":53.3,"avg_discount":60.0},{"deal_name":"Kushberry Farms 1/4 for $40","times_used":78,"units":172.0,"revenue":4300.0,"discounts":2150.0,"cost":1816.8500423431396,"profit":2483.1499576568604,"pre_discount_revenue":6450.0,"margin":57.7,"avg_discount":66.6},{"deal_name":"Senior - 10% Off","times_used":66,"units":108.0,"revenue":2362.5,"discounts":262.5,"cost":858.1249952316284,"profit":1504.3750071525574,"pre_discount_revenue":2625.0,"margin":63.7,"avg_discount":20.0},{"deal_name":"Jackpot - Locals 30% Off","times_used":42,"units":48.0,"revenue":1085.0,"discounts":465.0,"cost":435.6249988079071,"profit":649.3750011920929,"pre_discount_revenue":1550.0,"margin":59.9,"avg_discount":60.0},{"deal_name":"Senior / Veterans - 20% Off","times_used":36,"units":54.0,"revenue":805.0,"discounts":195.0,"cost":282.4999964237213,"profit":522.5000035762787,"pre_discount_revenue":1000.0,"margin":64.9,"avg_discount":39.0},{"deal_name":"30% Off Special","times_used":34,"units":42.0,"revenue":1102.5,"discounts":472.5,"cost":420.0,"profit":682.5,"pre_discount_revenue":1575.0,"margin":61.9,"avg_discount":60.0},{"deal_name":"Veterans - 10% Off","times_used":32,"units":36.0,"revenue":706.5000009536743,"discounts":78.49999994039536,"cost":236.2999987602234,"profit":470.20000100135803,"pre_discount_revenue":785.0,"margin":66.6,"avg_discount":20.0}],"top_products":[{"product":"SUN CAKE EIGHTH - KUSHBERRY FARMS","units":604,"revenue":16843.475341796875,"cost":6042.5,"profit":10800.975341796875,"transactions":486,"margin":64.0999984741211},{"product":"BLACK BERRY KUSH EIGHTH - KUSHBERRY FARMS","units":596,"revenue":16649.100341796875,"cost":5960.0,"profit":10689.100341796875,"transactions":532,"margin":64.19999694824219},{"product":"LEMON SKUNK EIGHTH - KUSHBERRY FARMS","units":428,"revenue":10296.650390625,"cost":4909.4500732421875,"profit":5387.19970703125,"transactions":364,"margin":52.29999923706055},{"product":"MIDDLE FORK EIGHTH - KUSHBERRY FARMS","units":340,"revenue":9356.25,"cost":4250.0,"profit":5106.25,"transactions":300,"margin":54.599998474121094},{"product":"DUTCH HAWAIIAN PRE ROLL - KUSHBERRY FARMS","units":738,"revenue":7909.749755859375,"cost":2629.1250610351562,"profit":5280.625,"transactions":626,"margin":66.80000305175781},{"product":"DUTCH HAWAIIAN EIGHTH - KUSHBERRY FARMS","units":202,"revenue":5593.75,"cost":2525.0,"profit":3068.75,"transactions":176,"margin":54.900001525878906},{"product":"MAC 1 PRE ROLL - KUSHBERRY FARMS","units":500,"revenue":5142.750244140625,"cost":1781.25,"profit":3361.4999389648438,"transactions":396,"margin":65.4000015258789},{"product":"GG4 PRE ROLL - KUSHBERRY FARMS","units":354,"revenue":3897.5,"cost":1261.1249542236328,"profit":2636.3751220703125,"transactions":272,"margin":67.5999984741211},{"product":"I-95 PRE ROLL - KUSHBERRY FARMS","units":302,"revenue":3130.0,"cost":1075.8749389648438,"profit":2054.1250610351562,"transactions":248,"margin":65.5999984741211},{"product":"GUAVA GAS EIGHTH - KUSHBERRY FARMS","units":80,"revenue":2235.0,"cost":800.0,"profit":1435.0,"transactions":72,"margin":64.19999694824219},{"product":"I-95 COOKIES PRE ROLL - KUSHBERRY FARMS","units":198,"revenue":2115.0,"cost":705.4000091552734,"profit":1409.6000671386719,"transactions":172,"margin":66.5999984741211},{"product":"CHEESECAKE PRE ROLL - KUSHBERRY FARMS","units":98,"revenue":1092.5,"cost":349.12498474121094,"profit":743.3750152587891,"transactions":88,"margin":68.0}],"products_by_store":{"Elevation Springs":[{"product":"BLACK BERRY KUSH EIGHTH - KUSHBERRY FARMS","units":148,"revenue":3806.25,"cost":1480.0,"profit":2326.25,"transactions":142,"margin":61.099998474121094},{"product":"DUTCH HAWAIIAN EIGHTH - KUSHBERRY FARMS","units":150,"revenue":3793.75,"cost":1875.0,"profit":1918.75,"transactions":146,"margin":50.599998474121094},{"product":"MIDDLE FORK EIGHTH - KUSHBERRY FARMS","units":120,"revenue":2950.0,"cost":1500.0,"profit":1450.0,"transactions":114,"margin":49.20000076293945},{"product":"SUN CAKE EIGHTH - KUSHBERRY FARMS","units":100,"revenue":2593.75,"cost":1000.0,"profit":1593.75,"transactions":96,"margin":61.400001525878906},{"product":"I-95 PRE ROLL - KUSHBERRY FARMS","units":200,"revenue":2085.0,"cost":712.5,"profit":1372.5,"transactions":158,"margin":65.80000305175781},{"product":"DUTCH HAWAIIAN PRE ROLL - KUSHBERRY FARMS","units":200,"revenue":2043.5000610351562,"cost":712.5,"profit":1331.0000610351562,"transactions":164,"margin":65.0999984741211},{"product":"MAC 1 PRE ROLL - KUSHBERRY FARMS","units":200,"revenue":1862.7499389648438,"cost":712.5,"profit":1150.250015258789,"transactions":164,"margin":61.79999923706055}],"Elevation Mesa":[{"product":"BLACK BERRY KUSH EIGHTH - KUSHBERRY FARMS","units":300,"revenue":7818.75,"cost":3000.0,"profit":4818.75,"transactions":278,"margin":61.599998474121094},{"product":"SUN CAKE EIGHTH - KUSHBERRY FARMS","units":204,"revenue":5200.0,"cost":2040.0,"profit":3160.0,"transactions":152,"margin":60.79999923706055},{"product":"LEMON SKUNK EIGHTH - KUSHBERRY FARMS","units":202,"revenue":5043.75,"cost":2525.0,"profit":2518.75,"transactions":192,"margin":49.900001525878906},{"product":"DUTCH HAWAIIAN PRE ROLL - KUSHBERRY FARMS","units":300,"revenue":3295.0,"cost":1068.75,"profit":2226.25,"transactions":250,"margin":67.5999984741211},{"product":"MAC 1 PRE ROLL - KUSHBERRY FARMS","units":200,"revenue":2237.5,"cost":712.5,"profit":1525.0,"transactions":146,"margin":68.19999694824219},{"product":"I-95 COOKIES PRE ROLL - KUSHBERRY FARMS","units":198,"revenue":2115.0,"cost":705.4000091552734,"profit":1409.6000671386719,"transactions":172,"margin":66.5999984741211},{"product":"GG4 PRE ROLL - KUSHBERRY FARMS","units":132,"revenue":1480.0,"cost":470.2499771118164,"profit":1009.7499847412109,"transactions":94,"margin":68.19999694824219},{"product":"MIDDLE FORK EIGHTH - KUSHBERRY FARMS","units":22,"revenue":550.0,"cost":275.0,"profit":275.0,"transactions":20,"margin":50.0}],"Elevation Oasis":[{"product":"SUN CAKE EIGHTH - KUSHBERRY FARMS","units":200,"revenue":7002.5,"cost":2000.0,"profit":5002.5,"transactions":154,"margin":71.4000015258789},{"product":"BLACK BERRY KUSH EIGHTH - KUSHBERRY FARMS","units":148,"revenue":5024.100036621094,"cost":1480.0,"profit":3544.1000366210938,"transactions":112,"margin":70.5},{"product":"DUTCH HAWAIIAN EIGHTH - KUSHBERRY FARMS","units":52,"revenue":1800.0,"cost":650.0,"profit":1150.0,"transactions":30,"margin":63.900001525878906},{"product":"MIDDLE FORK EIGHTH - KUSHBERRY FARMS","units":50,"revenue":1791.25,"cost":625.0,"profit":1166.25,"transactions":44,"margin":65.0999984741211},{"product":"LEMON SKUNK EIGHTH - KUSHBERRY FARMS","units":48,"revenue":1673.22509765625,"cost":600.0,"profit":1073.2250213623047,"transactions":30,"margin":64.0999984741211},{"product":"GG4 PRE ROLL - KUSHBERRY FARMS","units":94,"revenue":1080.0,"cost":334.87499237060547,"profit":745.1250457763672,"transactions":70,"margin":69.0},{"product":"DUTCH HAWAIIAN PRE ROLL - KUSHBERRY FARMS","units":82,"revenue":956.25,"cost":292.12499618530273,"profit":664.1249847412109,"transactions":74,"margin":69.5},{"product":"CHEESECAKE PRE ROLL - KUSHBERRY FARMS","units":84,"revenue":947.5,"cost":299.24999237060547,"profit":648.2500457763672,"transactions":74,"margin":68.4000015258789}],"Elevation Midtown":[{"product":"GUAVA GAS EIGHTH - KUSHBERRY FARMS","units":80,"revenue":2235.0,"cost":800.0,"profit":1435.0,"transactions":72,"margin":64.19999694824219}],"Elevation Boulevard":[{"product":"MIDDLE FORK EIGHTH - KUSHBERRY FARMS","units":148,"revenue":4065.0,"cost":1850.0,"profit":2215.0,"transactions":122,"margin":54.5},{"product":"LEMON SKUNK EIGHTH - KUSHBERRY FARMS","units":178,"revenue":3579.6749877929688,"cost":1784.4500732421875,"profit":1795.2249145507812,"transactions":142,"margin":50.20000076293945},{"product":"SUN CAKE EIGHTH - KUSHBERRY FARMS","units":100,"revenue":2047.2250366210938,"cost":1002.5000762939453,"profit":1044.7249603271484,"transactions":84,"margin":51.0},{"product":"DUTCH HAWAIIAN PRE ROLL - KUSHBERRY FARMS","units":156,"revenue":1615.0,"cost":555.7499694824219,"profit":1059.2500305175781,"transactions":138,"margin":65.5999984741211},{"product":"GG4 PRE ROLL - KUSHBERRY FARMS","units":128,"revenue":1337.5,"cost":455.99998474121094,"profit":881.5000152587891,"transactions":108,"margin":65.9000015258789},{"product":"I-95 PRE ROLL - KUSHBERRY FARMS","units":102,"revenue":1045.0,"cost":363.3749771118164,"profit":681.6249847412109,"transactions":90,"margin":65.19999694824219},{"product":"MAC 1 PRE ROLL - KUSHBERRY FARMS","units":100,"revenue":1042.5,"cost":356.25,"profit":686.25,"transactions":86,"margin":65.80000305175781},{"product":"CHEESECAKE PRE ROLL - KUSHBERRY FARMS","units":14,"revenue":145.0,"cost":49.87499713897705,"profit":95.12499809265137,"transactions":14,"margin":65.5999984741211}]},"store_summary":[{"store_clean":"Elevation Mesa","units":1558,"revenue":27740.0,"cost":10796.8994140625,"profit":16943.1005859375,"discounts":5310.0,"margin":61.099998474121094,"discount_rate":16.100000381469727},{"store_clean":"Elevation Oasis","units":758,"revenue":20274.825439453125,"cost":6281.25,"profit":13993.575439453125,"discounts":1637.6750183105469,"margin":69.0,"discount_rate":7.5},{"store_clean":"Elevation Springs","units":1118,"revenue":19135.0,"cost":7992.5,"profit":11142.5,"discounts":4317.5,"margin":58.20000076293945,"discount_rate":18.399999618530273},{"store_clean":"Elevation Boulevard","units":926,"revenue":14876.8994140625,"cost":6418.2000732421875,"profit":8458.699951171875,"discounts":7348.0999755859375,"margin":56.900001525878906,"discount_rate":33.099998474121094},{"store_clean":"Elevation Midtown","units":80,"revenue":2235.0,"cost":800.0,"profit":1435.0,"discounts":615.0,"margin":64.19999694824219,"discount_rate":21.600000381469727}],"recommendations":[{"severity":"info","title":"VOLUME LEVERAGE","detail":"$33,705 revenue provides negotiating leverage.","action":"Use volume as leverage in next vendor meeting."}],"comparison":null}