{"brand":"TECH SMART","date_range":"2024-01-01 00:00:00 to 2026-01-31 00:00:00","period_label":"All Time","summary":{"total_units":36,"total_revenue":825.0,"total_cost":224.54998016357422,"total_discounts":75.0,"total_profit":600.4499816894531,"overall_margin":72.80000305175781,"fp_margin":75.0999984741211,"disc_margin":68.19999694824219,"pct_full_price":66.69999694824219,"avg_discount_rate":8.300000190734863,"fp_revenue":550.0,"disc_revenue":275.0,"unique_customers":36,"brand":"TECH SMART","date_range":"2024-01-01 00:00:00 to 2026-01-31 00:00:00","months_count":4,"avg_monthly_cost":112.27499999999999,"cost_per_unit":12.475000000000001,"primary_category":"ACCESSORY","primary_cat_margin":61.099998474121094,"category_rank":54,"category_total":136,"margin_vs_category":11.699999809265137,"velocity_rank":62},"category_breakdown":[{"category_clean":"ACCESSORY","units":36,"revenue":825.0,"cost":224.54998016357422,"profit":600.4500198364258,"discounts":75.0,"margin":72.80000305175781,"category_avg_margin":61.099998474121094,"vs_category":11.7,"rank":54.0,"total_brands":136.0}],"trend":[{"period":"2024-11","revenue":775.0,"cost":212.0749855041504,"margin":72.6,"units":34,"transactions":34,"profit":562.9249954223633,"revenue_change_pct":null,"units_change_pct":null,"margin_change_pts":null},{"period":"2025-06","revenue":50.0,"cost":12.47499942779541,"margin":75.1,"units":2,"transactions":2,"profit":37.52500057220459,"revenue_change_pct":-93.5,"units_change_pct":-94.1,"margin_change_pts":2.4}],"share_of_category":[{"category":"ACCESSORY","brand_revenue":825.0,"category_revenue":4128754.0625,"revenue_share_pct":0.0,"brand_units":36,"category_units":2130096,"units_share_pct":0.0}],"share_of_category_trend":{"ACCESSORY":[{"period":"2024-01","brand_revenue":0.0,"category_revenue":153543.9453125,"share_pct":0.0},{"period":"2024-02","brand_revenue":0.0,"category_revenue":152399.47265625,"share_pct":0.0},{"period":"2024-03","brand_revenue":0.0,"category_revenue":154678.876953125,"share_pct":0.0},{"period":"2024-04","brand_revenue":0.0,"category_revenue":163353.65234375,"share_pct":0.0},{"period":"2024-05","brand_revenue":0.0,"category_revenue":179676.4453125,"share_pct":0.0},{"period":"2024-06","brand_revenue":0.0,"category_revenue":185008.828125,"share_pct":0.0},{"period":"2024-07","brand_revenue":0.0,"category_revenue":186675.46875,"share_pct":0.0},{"period":"2024-08","brand_revenue":0.0,"category_revenue":180226.328125,"share_pct":0.0},{"period":"2024-09","brand_revenue":0.0,"category_revenue":162386.298828125,"share_pct":0.0},{"period":"2024-10","brand_revenue":0.0,"category_revenue":166088.73046875,"share_pct":0.0},{"period":"2024-11","brand_revenue":775.0,"category_revenue":171706.09375,"share_pct":0.5},{"period":"2024-12","brand_revenue":0.0,"category_revenue":176502.03125,"share_pct":0.0},{"period":"2025-01","brand_revenue":0.0,"category_revenue":167261.34765625,"share_pct":0.0},{"period":"2025-02","brand_revenue":0.0,"category_revenue":155260.927734375,"share_pct":0.0},{"period":"2025-03","brand_revenue":0.0,"category_revenue":176420.390625,"share_pct":0.0},{"period":"2025-04","brand_revenue":0.0,"category_revenue":182694.82421875,"share_pct":0.0},{"period":"2025-05","brand_revenue":0.0,"category_revenue":179904.4921875,"share_pct":0.0},{"period":"2025-06","brand_revenue":50.0,"category_revenue":161148.75,"share_pct":0.0},{"period":"2025-07","brand_revenue":0.0,"category_revenue":165549.8046875,"share_pct":0.0},{"period":"2025-08","brand_revenue":0.0,"category_revenue":171752.05078125,"share_pct":0.0},{"period":"2025-09","brand_revenue":0.0,"category_revenue":168198.9453125,"share_pct":0.0},{"period":"2025-10","brand_revenue":0.0,"category_revenue":171844.55078125,"share_pct":0.0},{"period":"2025-11","brand_revenue":0.0,"category_revenue":172839.74609375,"share_pct":0.0},{"period":"2025-12","brand_revenue":0.0,"category_revenue":141954.873046875,"share_pct":0.0},{"period":"2026-01","brand_revenue":0.0,"category_revenue":81677.1484375,"share_pct":0.0}]},"discount_depth":[{"tier":"0% (Full Price)","transactions":22,"pct_of_transactions":61.1,"revenue":550.0,"avg_discount":0.0},{"tier":"1-10%","transactions":6,"pct_of_transactions":16.7,"revenue":135.0,"avg_discount":20.0},{"tier":"11-20%","transactions":0,"pct_of_transactions":0.0,"revenue":0.0,"avg_discount":0},{"tier":"21-30%","transactions":0,"pct_of_transactions":0.0,"revenue":0.0,"avg_discount":0},{"tier":"31%+","transactions":0,"pct_of_transactions":0.0,"revenue":0.0,"avg_discount":0}],"velocity":{"units_per_day":0.16,"revenue_per_day":3.8249999284744263,"avg_units_per_txn":2.0,"days_of_data":216,"total_units":36,"total_transactions":36},"velocity_by_category":[{"category":"ACCESSORY","brand_units_per_day":0.04,"category_avg_units_per_day":20.56,"velocity_index":0.2,"brand_rev_per_unit":18.33,"category_rev_per_unit":1.55,"brands_in_category":136}],"deals":[{"deal_name":"Industry - 30% Off","times_used":2,"units":2.0,"revenue":35.0,"discounts":15.0,"cost":12.47499942779541,"profit":22.52500057220459,"pre_discount_revenue":50.0,"margin":64.4,"avg_discount":60.0},{"deal_name":"Senior - 10% Off","times_used":2,"units":2.0,"revenue":45.0,"discounts":5.0,"cost":12.47499942779541,"profit":32.52500057220459,"pre_discount_revenue":50.0,"margin":72.3,"avg_discount":20.0},{"deal_name":"Veterans - 10% Off","times_used":2,"units":2.0,"revenue":45.0,"discounts":5.0,"cost":12.47499942779541,"profit":32.52500057220459,"pre_discount_revenue":50.0,"margin":72.3,"avg_discount":20.0}],"top_products":[{"product":"380MAH 510 BATTERY","units":36,"revenue":825.0,"cost":224.54998016357422,"profit":600.4500198364258,"transactions":36,"margin":72.80000305175781}],"products_by_store":{"Elevation Midtown":[{"product":"380MAH 510 BATTERY","units":36,"revenue":825.0,"cost":224.54998016357422,"profit":600.4500198364258,"transactions":36,"margin":72.80000305175781}]},"store_summary":[{"store_clean":"Elevation Midtown","units":36,"revenue":825.0,"cost":224.54998016357422,"profit":600.4500198364258,"discounts":75.0,"margin":72.80000305175781,"discount_rate":8.300000190734863}],"recommendations":[],"comparison":null}