{"brand":"FADE","date_range":"2024-01-01 00:00:00 to 2026-01-31 00:00:00","period_label":"All Time","summary":{"total_units":638966,"total_revenue":17379815.0,"total_cost":8567590.0,"total_discounts":6948873.125,"total_profit":8812224.375,"overall_margin":50.70000076293945,"fp_margin":64.69999694824219,"disc_margin":48.5,"pct_full_price":13.600000381469727,"avg_discount_rate":28.600000381469727,"fp_revenue":2369361.25,"disc_revenue":15010452.5,"brand":"FADE","date_range":"2024-01-01 00:00:00 to 2026-01-31 00:00:00","primary_category":"CARTRIDGE","store_coverage":"7/7","stores_present":["Elevation Springs","Elevation Mesa","Elevation Oasis","Elevation Downtown","Elevation Midtown","Elevation Boulevard","Elevation Parkway"],"stores_missing":[],"velocity_rank":1,"velocity_total":27},"distribution":[{"store":"Elevation Springs","carries_brand":true,"sku_count":68,"revenue":2686601.5625,"units":98308,"store_total_revenue":51138750.0,"brand_share_pct":5.300000190734863},{"store":"Elevation Mesa","carries_brand":true,"sku_count":68,"revenue":2696748.4375,"units":98726,"store_total_revenue":47532240.0,"brand_share_pct":5.699999809265137},{"store":"Elevation Oasis","carries_brand":true,"sku_count":68,"revenue":7372860.0,"units":274796,"store_total_revenue":56050145.0,"brand_share_pct":13.199999809265137},{"store":"Elevation Downtown","carries_brand":true,"sku_count":56,"revenue":92659.296875,"units":3330,"store_total_revenue":1945237.1875,"brand_share_pct":4.800000190734863},{"store":"Elevation Midtown","carries_brand":true,"sku_count":68,"revenue":2325120.3125,"units":82980,"store_total_revenue":30850185.0,"brand_share_pct":7.5},{"store":"Elevation Boulevard","carries_brand":true,"sku_count":68,"revenue":1597320.15625,"units":59144,"store_total_revenue":28757865.0,"brand_share_pct":5.599999904632568},{"store":"Elevation Parkway","carries_brand":true,"sku_count":68,"revenue":608504.453125,"units":21682,"store_total_revenue":21987007.5,"brand_share_pct":2.799999952316284}],"share_of_category":[{"category":"CARTRIDGE","brand_revenue":15982470.0,"category_revenue":46155130.0,"revenue_share_pct":34.599998474121094,"brand_units":598164,"category_units":1532896,"units_share_pct":39.0},{"category":"DISPOSABLE VAPE","brand_revenue":1397274.21875,"category_revenue":30552405.0,"revenue_share_pct":4.599999904632568,"brand_units":40800,"category_units":756548,"units_share_pct":5.4},{"category":"TESTER","brand_revenue":68.75,"category_revenue":5668.800048828125,"revenue_share_pct":1.2000000476837158,"brand_units":2,"category_units":186,"units_share_pct":1.1}],"share_of_category_trend":{"CARTRIDGE":[{"period":"2024-01","brand_revenue":218490.5078125,"category_revenue":2057675.625,"share_pct":10.600000381469727},{"period":"2024-02","brand_revenue":344404.53125,"category_revenue":2141777.8125,"share_pct":16.100000381469727},{"period":"2024-03","brand_revenue":432680.859375,"category_revenue":2288552.1875,"share_pct":18.899999618530273},{"period":"2024-04","brand_revenue":455835.46875,"category_revenue":2096820.46875,"share_pct":21.700000762939453},{"period":"2024-05","brand_revenue":303646.7578125,"category_revenue":2138038.59375,"share_pct":14.199999809265137},{"period":"2024-06","brand_revenue":492964.6875,"category_revenue":2017623.90625,"share_pct":24.399999618530273},{"period":"2024-07","brand_revenue":687192.1875,"category_revenue":2031918.28125,"share_pct":33.79999923706055},{"period":"2024-08","brand_revenue":824078.828125,"category_revenue":2132382.65625,"share_pct":38.599998474121094},{"period":"2024-09","brand_revenue":797021.09375,"category_revenue":1955407.03125,"share_pct":40.79999923706055},{"period":"2024-10","brand_revenue":866322.109375,"category_revenue":2083993.125,"share_pct":41.599998474121094},{"period":"2024-11","brand_revenue":765125.15625,"category_revenue":2038609.375,"share_pct":37.5},{"period":"2024-12","brand_revenue":830822.109375,"category_revenue":2003932.03125,"share_pct":41.5},{"period":"2025-01","brand_revenue":933512.578125,"category_revenue":1921719.21875,"share_pct":48.599998474121094},{"period":"2025-02","brand_revenue":771081.484375,"category_revenue":1668647.5,"share_pct":46.20000076293945},{"period":"2025-03","brand_revenue":804324.53125,"category_revenue":1758711.25,"share_pct":45.70000076293945},{"period":"2025-04","brand_revenue":711145.9375,"category_revenue":1735997.5,"share_pct":41.0},{"period":"2025-05","brand_revenue":725523.828125,"category_revenue":1688800.46875,"share_pct":43.0},{"period":"2025-06","brand_revenue":699823.59375,"category_revenue":1594515.0,"share_pct":43.900001525878906},{"period":"2025-07","brand_revenue":701966.796875,"category_revenue":1595739.53125,"share_pct":44.0},{"period":"2025-08","brand_revenue":682009.140625,"category_revenue":1677489.6875,"share_pct":40.70000076293945},{"period":"2025-09","brand_revenue":640726.3671875,"category_revenue":1539547.96875,"share_pct":41.599998474121094},{"period":"2025-10","brand_revenue":620835.1953125,"category_revenue":1548909.21875,"share_pct":40.099998474121094},{"period":"2025-11","brand_revenue":559593.90625,"category_revenue":1545430.15625,"share_pct":36.20000076293945},{"period":"2025-12","brand_revenue":533722.1875,"category_revenue":1467828.28125,"share_pct":36.400001525878906},{"period":"2026-01","brand_revenue":579621.3671875,"category_revenue":1425064.0625,"share_pct":40.70000076293945}],"DISPOSABLE VAPE":[{"period":"2024-01","brand_revenue":0.0,"category_revenue":933474.921875,"share_pct":0.0},{"period":"2024-02","brand_revenue":0.0,"category_revenue":877782.109375,"share_pct":0.0},{"period":"2024-03","brand_revenue":0.0,"category_revenue":990692.03125,"share_pct":0.0},{"period":"2024-04","brand_revenue":0.0,"category_revenue":971952.1875,"share_pct":0.0},{"period":"2024-05","brand_revenue":0.0,"category_revenue":1035100.46875,"share_pct":0.0},{"period":"2024-06","brand_revenue":0.0,"category_revenue":1039794.21875,"share_pct":0.0},{"period":"2024-07","brand_revenue":0.0,"category_revenue":1081636.5625,"share_pct":0.0},{"period":"2024-08","brand_revenue":0.0,"category_revenue":1098658.125,"share_pct":0.0},{"period":"2024-09","brand_revenue":0.0,"category_revenue":1056394.53125,"share_pct":0.0},{"period":"2024-10","brand_revenue":0.0,"category_revenue":1197041.171875,"share_pct":0.0},{"period":"2024-11","brand_revenue":18839.375,"category_revenue":1193980.234375,"share_pct":1.600000023841858},{"period":"2024-12","brand_revenue":46068.974609375,"category_revenue":1222008.984375,"share_pct":3.799999952316284},{"period":"2025-01","brand_revenue":78414.6240234375,"category_revenue":1100552.421875,"share_pct":7.099999904632568},{"period":"2025-02","brand_revenue":80439.248046875,"category_revenue":1167271.25,"share_pct":6.900000095367432},{"period":"2025-03","brand_revenue":90861.62109375,"category_revenue":1348856.71875,"share_pct":6.699999809265137},{"period":"2025-04","brand_revenue":78856.0986328125,"category_revenue":1414639.84375,"share_pct":5.599999904632568},{"period":"2025-05","brand_revenue":110747.548828125,"category_revenue":1460588.4375,"share_pct":7.599999904632568},{"period":"2025-06","brand_revenue":136309.1796875,"category_revenue":1320852.96875,"share_pct":10.300000190734863},{"period":"2025-07","brand_revenue":84399.12109375,"category_revenue":1451194.84375,"share_pct":5.800000190734863},{"period":"2025-08","brand_revenue":94646.796875,"category_revenue":1403520.625,"share_pct":6.699999809265137},{"period":"2025-09","brand_revenue":103754.27734375,"category_revenue":1317518.125,"share_pct":7.900000095367432},{"period":"2025-10","brand_revenue":115783.9453125,"category_revenue":1511693.75,"share_pct":7.699999809265137},{"period":"2025-11","brand_revenue":129876.103515625,"category_revenue":1481709.21875,"share_pct":8.800000190734863},{"period":"2025-12","brand_revenue":123351.6796875,"category_revenue":1476896.875,"share_pct":8.399999618530273},{"period":"2026-01","brand_revenue":104925.625,"category_revenue":1398594.84375,"share_pct":7.5}],"TESTER":[{"period":"2024-01","brand_revenue":0.0,"category_revenue":4033.75,"share_pct":0.0},{"period":"2024-04","brand_revenue":68.75,"category_revenue":85.0,"share_pct":80.9000015258789},{"period":"2024-05","brand_revenue":0.0,"category_revenue":145.24999618530273,"share_pct":0.0},{"period":"2024-09","brand_revenue":0.0,"category_revenue":462.5,"share_pct":0.0},{"period":"2024-11","brand_revenue":0.0,"category_revenue":61.25,"share_pct":0.0},{"period":"2025-03","brand_revenue":0.0,"category_revenue":49.000000953674316,"share_pct":0.0},{"period":"2025-05","brand_revenue":0.0,"category_revenue":25.0,"share_pct":0.0},{"period":"2025-06","brand_revenue":0.0,"category_revenue":156.75000190734863,"share_pct":0.0},{"period":"2025-07","brand_revenue":0.0,"category_revenue":399.24999237060547,"share_pct":0.0},{"period":"2025-08","brand_revenue":0.0,"category_revenue":248.50000381469727,"share_pct":0.0},{"period":"2025-09","brand_revenue":0.0,"category_revenue":2.549999952316284,"share_pct":0.0}]},"velocity_by_category":[{"category":"CARTRIDGE","brand_units_per_day":785.0,"category_avg_units_per_day":74.5,"velocity_index":1053.6,"brand_rev_per_unit":21.38,"category_rev_per_unit":24.09,"brands_in_category":27},{"category":"DISPOSABLE VAPE","brand_units_per_day":53.54,"category_avg_units_per_day":28.36,"velocity_index":188.8,"brand_rev_per_unit":27.4,"category_rev_per_unit":32.31,"brands_in_category":35},{"category":"TESTER","brand_units_per_day":0.0,"category_avg_units_per_day":0.02,"velocity_index":9.7,"brand_rev_per_unit":27.5,"category_rev_per_unit":24.38,"brands_in_category":9}],"store_gaps":[{"store":"Elevation Parkway","category":"TESTER","category_revenue_at_store":3387.2500610351562,"opportunity":"Category not carried at this store"}],"product_mix":{"top":[{"product":"BLUE DREAM CART - FADE","units":43934,"revenue":1199091.71875,"cost":582674.6484375,"profit":616417.0703125,"stores":7,"transactions":37364,"margin":51.400001525878906},{"product":"MAUI WOWIE CART - FADE","units":39662,"revenue":1064157.1875,"cost":526017.265625,"profit":538139.9609375,"stores":7,"transactions":33504,"margin":50.599998474121094},{"product":"NORTHERN LIGHTS CART - FADE","units":38744,"revenue":1040277.890625,"cost":513842.265625,"profit":526435.625,"stores":7,"transactions":33242,"margin":50.599998474121094},{"product":"PINEAPPLE EXPRESS CART - FADE","units":38754,"revenue":1034416.40625,"cost":513974.921875,"profit":520441.484375,"stores":7,"transactions":33094,"margin":50.29999923706055},{"product":"GRAND DADDY PURP CART - FADE","units":35820,"revenue":966340.625,"cost":475062.734375,"profit":491277.890625,"stores":7,"transactions":30746,"margin":50.79999923706055},{"product":"BLUEBERRY CART - FADE","units":34826,"revenue":928051.25,"cost":461879.8046875,"profit":466171.4453125,"stores":7,"transactions":29372,"margin":50.20000076293945},{"product":"SOUR DIESEL CART - FADE","units":30350,"revenue":823283.4375,"cost":402516.875,"profit":420766.5234375,"stores":7,"transactions":25712,"margin":51.099998474121094},{"product":"FRUITY PEBBLES OG CART - FADE","units":30470,"revenue":812200.15625,"cost":404108.359375,"profit":408091.796875,"stores":7,"transactions":25754,"margin":50.20000076293945},{"product":"JACK HERER CART - FADE","units":29826,"revenue":807390.3125,"cost":395567.3046875,"profit":411823.0078125,"stores":7,"transactions":24750,"margin":51.0},{"product":"FRUITY ROLL-UPZ CART - FADE","units":29716,"revenue":794980.78125,"cost":394108.4375,"profit":400872.34375,"stores":7,"transactions":25982,"margin":50.400001525878906},{"product":"BANANA KUSH CART - FADE","units":29032,"revenue":784467.5,"cost":385036.875,"profit":399430.5859375,"stores":7,"transactions":24372,"margin":50.900001525878906},{"product":"APPLE JACK CART - FADE","units":27548,"revenue":738741.25,"cost":365355.3515625,"profit":373385.9375,"stores":7,"transactions":24032,"margin":50.5},{"product":"MELON ZKITTLES CART - FADE","units":26808,"revenue":712673.28125,"cost":355541.09375,"profit":357132.1875,"stores":7,"transactions":22674,"margin":50.099998474121094},{"product":"UNICORN PISS CART - FADE","units":26014,"revenue":673351.5625,"cost":345010.6640625,"profit":328340.859375,"stores":7,"transactions":20854,"margin":48.79999923706055},{"product":"GREEN CRACK CART - FADE","units":25528,"revenue":665708.671875,"cost":338538.59375,"profit":327170.05859375,"stores":7,"transactions":21782,"margin":49.099998474121094},{"product":"GG4 CART - FADE","units":18184,"revenue":481213.7890625,"cost":241165.29296875,"profit":240048.515625,"stores":7,"transactions":15132,"margin":49.900001525878906},{"product":"KING LOUIS XIII CART - FADE","units":17042,"revenue":440446.4453125,"cost":226019.51171875,"profit":214426.93359375,"stores":7,"transactions":14760,"margin":48.70000076293945},{"product":"TROPICANA COOKIES CART - FADE","units":13652,"revenue":372213.8671875,"cost":181059.6484375,"profit":191154.23828125,"stores":6,"transactions":11942,"margin":51.400001525878906},{"product":"BLUE DREAM DISPOSABLE VAPE - FADE","units":9242,"revenue":323199.90234375,"cost":143713.095703125,"profit":179486.81640625,"stores":7,"transactions":8396,"margin":55.5},{"product":"SUPER LEMON HAZE CART - FADE","units":12442,"revenue":318022.2265625,"cost":165012.01171875,"profit":153010.205078125,"stores":7,"transactions":10840,"margin":48.099998474121094}],"bottom":[{"product":"NORTHERN LIGHTS DISPOSABLE VAPE - FADE","units":7200,"revenue":247278.84765625,"cost":111960.0,"profit":135318.857421875,"stores":7,"transactions":6568,"margin":54.70000076293945},{"product":"SOUR DIESEL DISPOSABLE VAPE - FADE","units":5920,"revenue":202725.05859375,"cost":92055.99609375,"profit":110669.052734375,"stores":7,"transactions":5474,"margin":54.599998474121094},{"product":"JACK HERER DISPOSABLE VAPE - FADE","units":5250,"revenue":175497.3046875,"cost":81637.4951171875,"profit":93859.8046875,"stores":7,"transactions":4660,"margin":53.5},{"product":"WHITE WIDOW CART - FADE","units":5868,"revenue":158174.00390625,"cost":77824.345703125,"profit":80349.6533203125,"stores":6,"transactions":5276,"margin":50.79999923706055},{"product":"KUSH MINTZ CART - FADE","units":4822,"revenue":123835.72265625,"cost":63951.7724609375,"profit":59883.9501953125,"stores":7,"transactions":4240,"margin":48.400001525878906},{"product":"GRAPE APE CART - FADE","units":4838,"revenue":123532.59765625,"cost":64163.974609375,"profit":59368.6279296875,"stores":7,"transactions":4312,"margin":48.099998474121094},{"product":"GREEN CRACK DISPOSABLE VAPE - FADE","units":3534,"revenue":122465.703125,"cost":54953.6962890625,"profit":67512.001953125,"stores":7,"transactions":3224,"margin":55.099998474121094},{"product":"SUNSET SHERBERT CART - FADE","units":4232,"revenue":113479.345703125,"cost":56126.8994140625,"profit":57352.451171875,"stores":6,"transactions":3872,"margin":50.5},{"product":"GG4 DISPOSABLE VAPE - FADE","units":2018,"revenue":65287.8515625,"cost":31379.89990234375,"profit":33907.95166015625,"stores":7,"transactions":1876,"margin":51.900001525878906},{"product":"LA CONFIDENTIAL CART - FADE","units":632,"revenue":18703.00048828125,"cost":8381.8994140625,"profit":10321.099853515625,"stores":6,"transactions":560,"margin":55.20000076293945}],"expansion":[{"product":"TROPICANA COOKIES CART - FADE","current_stores":6,"total_stores":7,"missing_stores":["Elevation Downtown"],"revenue":372213.8671875},{"product":"SKYWALKER OG CART - FADE","current_stores":6,"total_stores":7,"missing_stores":["Elevation Downtown"],"revenue":281479.453125},{"product":"OG KUSH CART - FADE","current_stores":6,"total_stores":7,"missing_stores":["Elevation Downtown"],"revenue":257068.3203125},{"product":"WHITE WIDOW CART - FADE","current_stores":6,"total_stores":7,"missing_stores":["Elevation Downtown"],"revenue":158174.00390625},{"product":"SUNSET SHERBERT CART - FADE","current_stores":6,"total_stores":7,"missing_stores":["Elevation Downtown"],"revenue":113479.345703125},{"product":"LA CONFIDENTIAL CART - FADE","current_stores":6,"total_stores":7,"missing_stores":["Elevation Downtown"],"revenue":18703.00048828125}]},"pricing_consistency":[{"product":"LA CONFIDENTIAL CART - FADE","min_price":49.341464158965316,"max_price":66.5,"avg_price":58.02675021743589,"std_dev":2.3964942404048504,"store_count":12,"price_range":17.158535841034688,"range_pct":29.6},{"product":"JACK HERER DISPOSABLE VAPE - FADE","min_price":63.88316920322292,"max_price":74.73113437868514,"avg_price":69.12103691494866,"std_dev":1.5198384170266805,"store_count":14,"price_range":10.847965175462226,"range_pct":15.7},{"product":"NORTHERN LIGHTS DISPOSABLE VAPE - FADE","min_price":62.16447368421052,"max_price":72.43956692496613,"avg_price":67.94967252414239,"std_dev":1.283031202564393,"store_count":14,"price_range":10.275093240755604,"range_pct":15.1},{"product":"FRUITY PEBBLES OG CART - FADE","min_price":47.93990501990685,"max_price":55.1859402194182,"avg_price":53.03802566956825,"std_dev":0.9807427718338848,"store_count":14,"price_range":7.246035199511347,"range_pct":13.7},{"product":"GRAPE APE CART - FADE","min_price":48.073304257150426,"max_price":55.057692307692314,"avg_price":51.82894482566369,"std_dev":0.8607547976952732,"store_count":14,"price_range":6.98438805054189,"range_pct":13.5},{"product":"JACK HERER CART - FADE","min_price":50.08108602987753,"max_price":57.041535733803656,"avg_price":53.84353591742189,"std_dev":0.8685772786675414,"store_count":14,"price_range":6.9604497039261215,"range_pct":12.9},{"product":"GREEN CRACK DISPOSABLE VAPE - FADE","min_price":66.20738636363637,"max_price":75.08413461538461,"avg_price":70.09313095290162,"std_dev":1.2820842734651665,"store_count":14,"price_range":8.87674825174825,"range_pct":12.7},{"product":"SOUR DIESEL CART - FADE","min_price":49.9334953826608,"max_price":56.399523605310264,"avg_price":53.72722165893769,"std_dev":0.7675819089094549,"store_count":14,"price_range":6.466028222649465,"range_pct":12.0},{"product":"SOUR DIESEL DISPOSABLE VAPE - FADE","min_price":65.64995557742012,"max_price":72.67918934022761,"avg_price":68.22670186240146,"std_dev":1.110269256107822,"store_count":14,"price_range":7.02923376280749,"range_pct":10.3},{"product":"TROPICANA COOKIES CART - FADE","min_price":50.59877368916317,"max_price":55.95666140292553,"avg_price":54.026175273302535,"std_dev":0.7578159494607317,"store_count":12,"price_range":5.357887713762368,"range_pct":9.9},{"product":"SUPER LEMON HAZE CART - FADE","min_price":50.41547346443966,"max_price":55.31299020361713,"avg_price":51.8790301835054,"std_dev":0.6710741742428028,"store_count":14,"price_range":4.897516739177474,"range_pct":9.4},{"product":"GRAND DADDY PURP CART - FADE","min_price":51.01800130208333,"max_price":55.98804665677374,"avg_price":53.59286857459021,"std_dev":0.6223616383137375,"store_count":14,"price_range":4.970045354690411,"range_pct":9.3},{"product":"GG4 CART - FADE","min_price":50.015716552734375,"max_price":54.82077073317308,"avg_price":52.902695125141136,"std_dev":0.6155324755128068,"store_count":14,"price_range":4.805054180438706,"range_pct":9.1},{"product":"FRUITY ROLL-UPZ CART - FADE","min_price":51.18684065969367,"max_price":55.914842460808586,"avg_price":53.35015778537092,"std_dev":0.5624541835420311,"store_count":14,"price_range":4.728001801114914,"range_pct":8.9},{"product":"GG4 DISPOSABLE VAPE - FADE","min_price":62.3014705882353,"max_price":67.50814034598214,"avg_price":65.15058361733735,"std_dev":0.8079975596088134,"store_count":14,"price_range":5.206669757746845,"range_pct":8.0},{"product":"KUSH MINTZ CART - FADE","min_price":49.00390625,"max_price":53.06040786670155,"avg_price":51.51287739334607,"std_dev":0.5516088961242482,"store_count":14,"price_range":4.056501616701551,"range_pct":7.9},{"product":"NORTHERN LIGHTS CART - FADE","min_price":51.591923640324524,"max_price":55.87028684293627,"avg_price":53.86842273848734,"std_dev":0.6033438686879952,"store_count":14,"price_range":4.278363202611741,"range_pct":7.9},{"product":"BLUE DREAM DISPOSABLE VAPE - FADE","min_price":65.84441489361703,"max_price":71.36790179789847,"avg_price":69.67656519277473,"std_dev":0.740901336612301,"store_count":14,"price_range":5.523486904281452,"range_pct":7.9},{"product":"UNICORN PISS CART - FADE","min_price":50.04510019339767,"max_price":54.15782292298363,"avg_price":52.00071236948432,"std_dev":0.5123077345082822,"store_count":14,"price_range":4.112722729585956,"range_pct":7.9},{"product":"GSC CART - FADE","min_price":49.339001464843754,"max_price":53.32555178268251,"avg_price":51.77816862038408,"std_dev":0.5425129322777538,"store_count":14,"price_range":3.9865503178387574,"range_pct":7.7},{"product":"BLUEBERRY CART - FADE","min_price":51.85546875,"max_price":55.95517683543916,"avg_price":53.60367044951864,"std_dev":0.547857651202026,"store_count":14,"price_range":4.099708085439158,"range_pct":7.6},{"product":"SKYWALKER OG CART - FADE","min_price":54.59782276865009,"max_price":58.86517882977844,"avg_price":55.9186905878141,"std_dev":0.6094347059173564,"store_count":12,"price_range":4.267356061128353,"range_pct":7.6},{"product":"BLUE DREAM CART - FADE","min_price":52.49888780381944,"max_price":56.60811851764548,"avg_price":54.625832263583696,"std_dev":0.5875601510964439,"store_count":14,"price_range":4.109230713826033,"range_pct":7.5},{"product":"GRAND DADDY PURP DISPOSABLE VAPE - FADE","min_price":65.94145569620254,"max_price":70.63031304632867,"avg_price":67.7988931288609,"std_dev":0.6134546080289444,"store_count":14,"price_range":4.688857350126137,"range_pct":6.9},{"product":"PINEAPPLE EXPRESS CART - FADE","min_price":51.879285539899556,"max_price":55.515777211130406,"avg_price":53.59751515019767,"std_dev":0.5681679609312267,"store_count":14,"price_range":3.636491671230848,"range_pct":6.8},{"product":"GREEN CRACK CART - FADE","min_price":51.26393280632411,"max_price":54.73008777539639,"avg_price":52.94287203467328,"std_dev":0.5498602952319596,"store_count":14,"price_range":3.4661549690722815,"range_pct":6.5},{"product":"MELON ZKITTLES CART - FADE","min_price":51.49819723586607,"max_price":54.91122760299098,"avg_price":53.22705145045574,"std_dev":0.49599384492540066,"store_count":14,"price_range":3.4130303671248985,"range_pct":6.4},{"product":"KING LOUIS XIII CART - FADE","min_price":50.22323181396345,"max_price":53.33969765894707,"avg_price":52.234021328664554,"std_dev":0.4179100056199475,"store_count":14,"price_range":3.1164658449836136,"range_pct":6.0},{"product":"SUNSET SHERBERT CART - FADE","min_price":52.32848454042862,"max_price":55.10756676557864,"avg_price":53.63252373549621,"std_dev":0.375567222921088,"store_count":12,"price_range":2.7790822251500202,"range_pct":5.2},{"product":"MAUI WOWIE CART - FADE","min_price":52.7274737971844,"max_price":55.3520518006263,"avg_price":53.86666524424407,"std_dev":0.4389050020889394,"store_count":14,"price_range":2.6245780034418953,"range_pct":4.9}],"promotional_effectiveness":{"lift":{"fp_units_per_day":83.28,"disc_units_per_day":758.88,"lift_pct":811.2,"fp_avg_revenue_per_unit":77.1,"disc_avg_revenue_per_unit":51.974999999999994},"by_deal":[{"deal_name":"Stock & Save - Fade 4 for $80","uses":22321,"revenue":4917628.724973202,"discounts":2450832.525023222,"units":196485.0,"cost":2605882.2265839577,"margin":47.0,"discount_depth":66.6},{"deal_name":"Lit4Less - Fade Carts - 3 for $60","uses":13249,"revenue":2518915.904197792,"discounts":1267134.095831712,"units":100958.0,"cost":1338955.427750349,"margin":46.8,"discount_depth":67.0},{"deal_name":"Industry - 30% Off","uses":11709,"revenue":796434.6253490448,"discounts":341706.6246461868,"units":30024.0,"cost":401619.9618649483,"margin":49.6,"discount_depth":60.0},{"deal_name":"Stock & Save - Fade 2 for $50","uses":8959,"revenue":1119982.7749967575,"discounts":224129.72499608994,"units":35843.0,"cost":475367.7720236778,"margin":57.6,"discount_depth":33.4},{"deal_name":"Industry 30% Off","uses":3622,"revenue":289753.03813934326,"discounts":125019.46187973022,"units":10551.0,"cost":145189.30775761604,"margin":49.9,"discount_depth":60.2},{"deal_name":"Fade Carts 2 for $40","uses":3561,"revenue":524251.00000947714,"discounts":264636.50000214577,"units":21037.0,"cost":279003.2031404972,"margin":46.8,"discount_depth":67.0},{"deal_name":"30% Off Special","uses":2588,"revenue":165081.75027370453,"discounts":71056.99973583221,"units":5790.0,"cost":83421.33476734161,"margin":49.5,"discount_depth":60.2},{"deal_name":"Stock & Save - Fade 4 for $85","uses":2211,"revenue":525976.524977684,"discounts":285437.22499489784,"units":19765.0,"cost":262133.3038663864,"margin":50.2,"discount_depth":70.4},{"deal_name":"Lit4Less - Fade Carts - 2 for $50","uses":2165,"revenue":267849.0249999364,"discounts":55075.97499887149,"units":8611.333333333334,"cost":114207.80463775,"margin":57.4,"discount_depth":34.2},{"deal_name":"Fade 3 for $75","uses":2111,"revenue":441703.9749908447,"discounts":92168.52500200272,"units":14099.0,"cost":188429.1057896614,"margin":57.3,"discount_depth":34.6},{"deal_name":"420 2025 - 60% Off","uses":1874,"revenue":153591.14990472794,"discounts":231041.3496875763,"units":10148.0,"cost":136413.27045679092,"margin":11.2,"discount_depth":120.2},{"deal_name":"Lit4Less - FADE Disposables - 2 for $55","uses":1496,"revenue":230745.12500286102,"discounts":63558.62499952316,"units":6720.0,"cost":104495.99654197693,"margin":54.7,"discount_depth":43.2},{"deal_name":"Jackpot - Locals 30% Off","uses":1259,"revenue":103938.30008506775,"discounts":45249.19990301132,"units":3850.0,"cost":52552.07325100899,"margin":49.4,"discount_depth":60.6},{"deal_name":"FADE 0.8g Carts 3 for $65","uses":1197,"revenue":213198.9996433258,"discounts":81813.50148677826,"units":7867.0,"cost":104336.08384132385,"margin":51.1,"discount_depth":55.4},{"deal_name":"Senior - 10% Off","uses":1084,"revenue":95442.03758955002,"discounts":11494.21249806881,"units":2773.0,"cost":37771.97374224663,"margin":60.4,"discount_depth":21.4},{"deal_name":"60% Off Internal - G2B","uses":1083,"revenue":88752.7749991417,"discounts":133894.72499847412,"units":5794.0,"cost":78796.44735336304,"margin":11.2,"discount_depth":120.2},{"deal_name":"0.9g Fade Carts - 2 for $50","uses":1064,"revenue":162472.89999961853,"discounts":32414.60000038147,"units":5197.0,"cost":68925.21023273468,"margin":57.6,"discount_depth":33.2},{"deal_name":"Spark the Summer Sale","uses":1051,"revenue":108689.1749882698,"discounts":72798.3249950409,"units":4714.0,"cost":64230.47288417816,"margin":40.9,"discount_depth":80.2},{"deal_name":"4/20! 60% Off!!!","uses":1007,"revenue":80647.5,"discounts":121027.5,"units":5378.0,"cost":71325.72260856628,"margin":11.6,"discount_depth":120.0},{"deal_name":"Stock & Save - Fade Cart 2 for $52","uses":967,"revenue":125730.08749961853,"discounts":32853.66250038147,"units":3867.0,"cost":51286.08582735062,"margin":59.2,"discount_depth":41.4}]},"growth_opportunities":[{"type":"sku_expansion","title":"Add 'LA CONFIDENTIAL CART - FADE' to 1 more store(s)","detail":"Carried in 6 stores. Missing from: Elevation Downtown","priority":"medium"},{"type":"sku_expansion","title":"Add 'OG KUSH CART - FADE' to 1 more store(s)","detail":"Carried in 6 stores. Missing from: Elevation Downtown","priority":"medium"},{"type":"sku_expansion","title":"Add 'SKYWALKER OG CART - FADE' to 1 more store(s)","detail":"Carried in 6 stores. Missing from: Elevation Downtown","priority":"medium"},{"type":"sku_expansion","title":"Add 'SUNSET SHERBERT CART - FADE' to 1 more store(s)","detail":"Carried in 6 stores. Missing from: Elevation Downtown","priority":"medium"},{"type":"sku_expansion","title":"Add 'TROPICANA COOKIES CART - FADE' to 1 more store(s)","detail":"Carried in 6 stores. Missing from: Elevation Downtown","priority":"medium"},{"type":"velocity","title":"Improve velocity in TESTER","detail":"Velocity index 10 (below category average). 0.0 units/day vs 0.0 avg.","priority":"medium"}],"trend":[{"period":"2024-01","revenue":218490.5078125,"cost":92200.8984375,"margin":57.8,"units":6952,"transactions":4474,"profit":126289.599609375,"revenue_change_pct":null,"units_change_pct":null,"margin_change_pts":null},{"period":"2024-02","revenue":344404.53125,"cost":144481.669921875,"margin":58.0,"units":10894,"transactions":5896,"profit":199922.87109375,"revenue_change_pct":57.6,"units_change_pct":56.7,"margin_change_pts":0.2},{"period":"2024-03","revenue":432680.859375,"cost":182624.609375,"margin":57.8,"units":13770,"transactions":7484,"profit":250056.25,"revenue_change_pct":25.6,"units_change_pct":26.4,"margin_change_pts":-0.3},{"period":"2024-04","revenue":455904.21875,"cost":242305.8984375,"margin":46.9,"units":18272,"transactions":9666,"profit":213598.3203125,"revenue_change_pct":5.4,"units_change_pct":32.7,"margin_change_pts":-10.9},{"period":"2024-05","revenue":303646.7578125,"cost":122969.892578125,"margin":59.5,"units":9272,"transactions":6294,"profit":180676.85546875,"revenue_change_pct":-33.4,"units_change_pct":-49.3,"margin_change_pts":12.7},{"period":"2024-06","revenue":492964.6875,"cost":205542.2265625,"margin":58.3,"units":15498,"transactions":8496,"profit":287422.48046875,"revenue_change_pct":62.3,"units_change_pct":67.1,"margin_change_pts":-1.2},{"period":"2024-07","revenue":687192.1875,"cost":310448.59375,"margin":54.8,"units":23408,"transactions":10470,"profit":376743.59375,"revenue_change_pct":39.4,"units_change_pct":51.0,"margin_change_pts":-3.5},{"period":"2024-08","revenue":824078.828125,"cost":409731.6796875,"margin":50.3,"units":30894,"transactions":11134,"profit":414347.1484375,"revenue_change_pct":19.9,"units_change_pct":32.0,"margin_change_pts":-4.5},{"period":"2024-09","revenue":797021.09375,"cost":393790.15625,"margin":50.6,"units":29692,"transactions":10646,"profit":403230.9765625,"revenue_change_pct":-3.3,"units_change_pct":-3.9,"margin_change_pts":0.3},{"period":"2024-10","revenue":866322.109375,"cost":426734.1796875,"margin":50.7,"units":32176,"transactions":11628,"profit":439587.9296875,"revenue_change_pct":8.7,"units_change_pct":8.4,"margin_change_pts":0.1},{"period":"2024-11","revenue":783964.53125,"cost":417488.5546875,"margin":46.7,"units":31354,"transactions":11040,"profit":366475.9765625,"revenue_change_pct":-9.5,"units_change_pct":-2.6,"margin_change_pts":-4.0},{"period":"2024-12","revenue":876891.09375,"cost":431931.3671875,"margin":50.7,"units":32364,"transactions":11718,"profit":444959.7265625,"revenue_change_pct":11.9,"units_change_pct":3.2,"margin_change_pts":4.0},{"period":"2025-01","revenue":1011927.1875,"cost":494705.8203125,"margin":51.1,"units":36942,"transactions":14436,"profit":517221.3671875,"revenue_change_pct":15.4,"units_change_pct":14.1,"margin_change_pts":0.4},{"period":"2025-02","revenue":851520.703125,"cost":418415.5078125,"margin":50.9,"units":31160,"transactions":12022,"profit":433105.1953125,"revenue_change_pct":-15.9,"units_change_pct":-15.7,"margin_change_pts":-0.2},{"period":"2025-03","revenue":895186.09375,"cost":441580.4296875,"margin":50.7,"units":32838,"transactions":12906,"profit":453605.703125,"revenue_change_pct":5.1,"units_change_pct":5.4,"margin_change_pts":-0.2},{"period":"2025-04","revenue":790002.03125,"cost":445539.0625,"margin":43.6,"units":33132,"transactions":12546,"profit":344462.96875,"revenue_change_pct":-11.7,"units_change_pct":0.9,"margin_change_pts":-7.1},{"period":"2025-05","revenue":836271.328125,"cost":387352.65625,"margin":53.7,"units":28684,"transactions":11034,"profit":448918.671875,"revenue_change_pct":5.9,"units_change_pct":-13.4,"margin_change_pts":10.1},{"period":"2025-06","revenue":836132.8125,"cost":419898.828125,"margin":49.8,"units":30960,"transactions":12070,"profit":416233.9453125,"revenue_change_pct":-0.0,"units_change_pct":7.9,"margin_change_pts":-3.9},{"period":"2025-07","revenue":786365.9375,"cost":392530.859375,"margin":50.1,"units":29190,"transactions":11676,"profit":393835.0390625,"revenue_change_pct":-6.0,"units_change_pct":-5.7,"margin_change_pts":0.3},{"period":"2025-08","revenue":776655.9375,"cost":386266.6015625,"margin":50.3,"units":28678,"transactions":11378,"profit":390389.3359375,"revenue_change_pct":-1.2,"units_change_pct":-1.8,"margin_change_pts":0.2},{"period":"2025-09","revenue":744480.625,"cost":373532.1484375,"margin":49.8,"units":27654,"transactions":11370,"profit":370948.4765625,"revenue_change_pct":-4.1,"units_change_pct":-3.6,"margin_change_pts":-0.4},{"period":"2025-10","revenue":736619.140625,"cost":371253.203125,"margin":49.6,"units":27408,"transactions":11178,"profit":365365.9375,"revenue_change_pct":-1.1,"units_change_pct":-0.9,"margin_change_pts":-0.2},{"period":"2025-11","revenue":689470.0,"cost":383585.3515625,"margin":44.4,"units":28184,"transactions":11456,"profit":305884.66796875,"revenue_change_pct":-6.4,"units_change_pct":2.8,"margin_change_pts":-5.2},{"period":"2025-12","revenue":657073.90625,"cost":330041.796875,"margin":49.8,"units":24262,"transactions":10458,"profit":327032.08984375,"revenue_change_pct":-4.7,"units_change_pct":-13.9,"margin_change_pts":5.4},{"period":"2026-01","revenue":684546.953125,"cost":342637.8515625,"margin":49.9,"units":25328,"transactions":10126,"profit":341909.140625,"revenue_change_pct":4.2,"units_change_pct":4.4,"margin_change_pts":0.2}]}