{"brand":"FADE","date_range":"2024-01-01 00:00:00 to 2026-01-31 00:00:00","period_label":"All Time","summary":{"total_units":638966,"total_revenue":17379815.0,"total_cost":8567590.0,"total_discounts":6948873.125,"total_profit":8812224.375,"overall_margin":50.70000076293945,"fp_margin":64.69999694824219,"disc_margin":48.5,"pct_full_price":13.600000381469727,"avg_discount_rate":28.600000381469727,"fp_revenue":2369361.25,"disc_revenue":15010452.5,"unique_customers":87926,"brand":"FADE","date_range":"2024-01-01 00:00:00 to 2026-01-31 00:00:00","months_count":50,"avg_monthly_cost":342703.6,"cost_per_unit":26.825000000000003,"primary_category":"CARTRIDGE","primary_cat_margin":50.400001525878906,"category_rank":1,"category_total":27,"margin_vs_category":0.30000001192092896,"velocity_rank":1},"category_breakdown":[{"category_clean":"CARTRIDGE","units":598164,"revenue":15982471.25,"cost":7933150.0,"profit":8049321.25,"discounts":6552551.25,"margin":50.400001525878906,"category_avg_margin":50.400001525878906,"vs_category":0.0,"rank":1.0,"total_brands":27.0},{"category_clean":"DISPOSABLE VAPE","units":40800,"revenue":1397274.21875,"cost":634439.9609375,"profit":762834.296875,"discounts":396390.78125,"margin":54.599998474121094,"category_avg_margin":52.79999923706055,"vs_category":1.8,"rank":8.0,"total_brands":35.0},{"category_clean":"TESTER","units":2,"revenue":68.75,"cost":0.024999999441206455,"profit":68.72499942779541,"discounts":-68.72499942779541,"margin":100.0,"category_avg_margin":57.599998474121094,"vs_category":42.4,"rank":6.0,"total_brands":9.0}],"trend":[{"period":"2024-01","revenue":218490.5078125,"cost":92200.8984375,"margin":57.8,"units":6952,"transactions":4474,"profit":126289.599609375,"revenue_change_pct":null,"units_change_pct":null,"margin_change_pts":null},{"period":"2024-02","revenue":344404.53125,"cost":144481.669921875,"margin":58.0,"units":10894,"transactions":5896,"profit":199922.87109375,"revenue_change_pct":57.6,"units_change_pct":56.7,"margin_change_pts":0.2},{"period":"2024-03","revenue":432680.859375,"cost":182624.609375,"margin":57.8,"units":13770,"transactions":7484,"profit":250056.25,"revenue_change_pct":25.6,"units_change_pct":26.4,"margin_change_pts":-0.3},{"period":"2024-04","revenue":455904.21875,"cost":242305.8984375,"margin":46.9,"units":18272,"transactions":9666,"profit":213598.3203125,"revenue_change_pct":5.4,"units_change_pct":32.7,"margin_change_pts":-10.9},{"period":"2024-05","revenue":303646.7578125,"cost":122969.892578125,"margin":59.5,"units":9272,"transactions":6294,"profit":180676.85546875,"revenue_change_pct":-33.4,"units_change_pct":-49.3,"margin_change_pts":12.7},{"period":"2024-06","revenue":492964.6875,"cost":205542.2265625,"margin":58.3,"units":15498,"transactions":8496,"profit":287422.48046875,"revenue_change_pct":62.3,"units_change_pct":67.1,"margin_change_pts":-1.2},{"period":"2024-07","revenue":687192.1875,"cost":310448.59375,"margin":54.8,"units":23408,"transactions":10470,"profit":376743.59375,"revenue_change_pct":39.4,"units_change_pct":51.0,"margin_change_pts":-3.5},{"period":"2024-08","revenue":824078.828125,"cost":409731.6796875,"margin":50.3,"units":30894,"transactions":11134,"profit":414347.1484375,"revenue_change_pct":19.9,"units_change_pct":32.0,"margin_change_pts":-4.5},{"period":"2024-09","revenue":797021.09375,"cost":393790.15625,"margin":50.6,"units":29692,"transactions":10646,"profit":403230.9765625,"revenue_change_pct":-3.3,"units_change_pct":-3.9,"margin_change_pts":0.3},{"period":"2024-10","revenue":866322.109375,"cost":426734.1796875,"margin":50.7,"units":32176,"transactions":11628,"profit":439587.9296875,"revenue_change_pct":8.7,"units_change_pct":8.4,"margin_change_pts":0.1},{"period":"2024-11","revenue":783964.53125,"cost":417488.5546875,"margin":46.7,"units":31354,"transactions":11040,"profit":366475.9765625,"revenue_change_pct":-9.5,"units_change_pct":-2.6,"margin_change_pts":-4.0},{"period":"2024-12","revenue":876891.09375,"cost":431931.3671875,"margin":50.7,"units":32364,"transactions":11718,"profit":444959.7265625,"revenue_change_pct":11.9,"units_change_pct":3.2,"margin_change_pts":4.0},{"period":"2025-01","revenue":1011927.1875,"cost":494705.8203125,"margin":51.1,"units":36942,"transactions":14436,"profit":517221.3671875,"revenue_change_pct":15.4,"units_change_pct":14.1,"margin_change_pts":0.4},{"period":"2025-02","revenue":851520.703125,"cost":418415.5078125,"margin":50.9,"units":31160,"transactions":12022,"profit":433105.1953125,"revenue_change_pct":-15.9,"units_change_pct":-15.7,"margin_change_pts":-0.2},{"period":"2025-03","revenue":895186.09375,"cost":441580.4296875,"margin":50.7,"units":32838,"transactions":12906,"profit":453605.703125,"revenue_change_pct":5.1,"units_change_pct":5.4,"margin_change_pts":-0.2},{"period":"2025-04","revenue":790002.03125,"cost":445539.0625,"margin":43.6,"units":33132,"transactions":12546,"profit":344462.96875,"revenue_change_pct":-11.7,"units_change_pct":0.9,"margin_change_pts":-7.1},{"period":"2025-05","revenue":836271.328125,"cost":387352.65625,"margin":53.7,"units":28684,"transactions":11034,"profit":448918.671875,"revenue_change_pct":5.9,"units_change_pct":-13.4,"margin_change_pts":10.1},{"period":"2025-06","revenue":836132.8125,"cost":419898.828125,"margin":49.8,"units":30960,"transactions":12070,"profit":416233.9453125,"revenue_change_pct":-0.0,"units_change_pct":7.9,"margin_change_pts":-3.9},{"period":"2025-07","revenue":786365.9375,"cost":392530.859375,"margin":50.1,"units":29190,"transactions":11676,"profit":393835.0390625,"revenue_change_pct":-6.0,"units_change_pct":-5.7,"margin_change_pts":0.3},{"period":"2025-08","revenue":776655.9375,"cost":386266.6015625,"margin":50.3,"units":28678,"transactions":11378,"profit":390389.3359375,"revenue_change_pct":-1.2,"units_change_pct":-1.8,"margin_change_pts":0.2},{"period":"2025-09","revenue":744480.625,"cost":373532.1484375,"margin":49.8,"units":27654,"transactions":11370,"profit":370948.4765625,"revenue_change_pct":-4.1,"units_change_pct":-3.6,"margin_change_pts":-0.4},{"period":"2025-10","revenue":736619.140625,"cost":371253.203125,"margin":49.6,"units":27408,"transactions":11178,"profit":365365.9375,"revenue_change_pct":-1.1,"units_change_pct":-0.9,"margin_change_pts":-0.2},{"period":"2025-11","revenue":689470.0,"cost":383585.3515625,"margin":44.4,"units":28184,"transactions":11456,"profit":305884.66796875,"revenue_change_pct":-6.4,"units_change_pct":2.8,"margin_change_pts":-5.2},{"period":"2025-12","revenue":657073.90625,"cost":330041.796875,"margin":49.8,"units":24262,"transactions":10458,"profit":327032.08984375,"revenue_change_pct":-4.7,"units_change_pct":-13.9,"margin_change_pts":5.4},{"period":"2026-01","revenue":684546.953125,"cost":342637.8515625,"margin":49.9,"units":25328,"transactions":10126,"profit":341909.140625,"revenue_change_pct":4.2,"units_change_pct":4.4,"margin_change_pts":0.2}],"share_of_category":[{"category":"CARTRIDGE","brand_revenue":15982470.0,"category_revenue":46155130.0,"revenue_share_pct":34.599998474121094,"brand_units":598164,"category_units":1532896,"units_share_pct":39.0},{"category":"DISPOSABLE VAPE","brand_revenue":1397274.21875,"category_revenue":30552405.0,"revenue_share_pct":4.599999904632568,"brand_units":40800,"category_units":756548,"units_share_pct":5.4},{"category":"TESTER","brand_revenue":68.75,"category_revenue":5668.800048828125,"revenue_share_pct":1.2000000476837158,"brand_units":2,"category_units":186,"units_share_pct":1.1}],"share_of_category_trend":{"CARTRIDGE":[{"period":"2024-01","brand_revenue":218490.5078125,"category_revenue":2057675.625,"share_pct":10.600000381469727},{"period":"2024-02","brand_revenue":344404.53125,"category_revenue":2141777.8125,"share_pct":16.100000381469727},{"period":"2024-03","brand_revenue":432680.859375,"category_revenue":2288552.1875,"share_pct":18.899999618530273},{"period":"2024-04","brand_revenue":455835.46875,"category_revenue":2096820.46875,"share_pct":21.700000762939453},{"period":"2024-05","brand_revenue":303646.7578125,"category_revenue":2138038.59375,"share_pct":14.199999809265137},{"period":"2024-06","brand_revenue":492964.6875,"category_revenue":2017623.90625,"share_pct":24.399999618530273},{"period":"2024-07","brand_revenue":687192.1875,"category_revenue":2031918.28125,"share_pct":33.79999923706055},{"period":"2024-08","brand_revenue":824078.828125,"category_revenue":2132382.65625,"share_pct":38.599998474121094},{"period":"2024-09","brand_revenue":797021.09375,"category_revenue":1955407.03125,"share_pct":40.79999923706055},{"period":"2024-10","brand_revenue":866322.109375,"category_revenue":2083993.125,"share_pct":41.599998474121094},{"period":"2024-11","brand_revenue":765125.15625,"category_revenue":2038609.375,"share_pct":37.5},{"period":"2024-12","brand_revenue":830822.109375,"category_revenue":2003932.03125,"share_pct":41.5},{"period":"2025-01","brand_revenue":933512.578125,"category_revenue":1921719.21875,"share_pct":48.599998474121094},{"period":"2025-02","brand_revenue":771081.484375,"category_revenue":1668647.5,"share_pct":46.20000076293945},{"period":"2025-03","brand_revenue":804324.53125,"category_revenue":1758711.25,"share_pct":45.70000076293945},{"period":"2025-04","brand_revenue":711145.9375,"category_revenue":1735997.5,"share_pct":41.0},{"period":"2025-05","brand_revenue":725523.828125,"category_revenue":1688800.46875,"share_pct":43.0},{"period":"2025-06","brand_revenue":699823.59375,"category_revenue":1594515.0,"share_pct":43.900001525878906},{"period":"2025-07","brand_revenue":701966.796875,"category_revenue":1595739.53125,"share_pct":44.0},{"period":"2025-08","brand_revenue":682009.140625,"category_revenue":1677489.6875,"share_pct":40.70000076293945},{"period":"2025-09","brand_revenue":640726.3671875,"category_revenue":1539547.96875,"share_pct":41.599998474121094},{"period":"2025-10","brand_revenue":620835.1953125,"category_revenue":1548909.21875,"share_pct":40.099998474121094},{"period":"2025-11","brand_revenue":559593.90625,"category_revenue":1545430.15625,"share_pct":36.20000076293945},{"period":"2025-12","brand_revenue":533722.1875,"category_revenue":1467828.28125,"share_pct":36.400001525878906},{"period":"2026-01","brand_revenue":579621.3671875,"category_revenue":1425064.0625,"share_pct":40.70000076293945}],"DISPOSABLE VAPE":[{"period":"2024-01","brand_revenue":0.0,"category_revenue":933474.921875,"share_pct":0.0},{"period":"2024-02","brand_revenue":0.0,"category_revenue":877782.109375,"share_pct":0.0},{"period":"2024-03","brand_revenue":0.0,"category_revenue":990692.03125,"share_pct":0.0},{"period":"2024-04","brand_revenue":0.0,"category_revenue":971952.1875,"share_pct":0.0},{"period":"2024-05","brand_revenue":0.0,"category_revenue":1035100.46875,"share_pct":0.0},{"period":"2024-06","brand_revenue":0.0,"category_revenue":1039794.21875,"share_pct":0.0},{"period":"2024-07","brand_revenue":0.0,"category_revenue":1081636.5625,"share_pct":0.0},{"period":"2024-08","brand_revenue":0.0,"category_revenue":1098658.125,"share_pct":0.0},{"period":"2024-09","brand_revenue":0.0,"category_revenue":1056394.53125,"share_pct":0.0},{"period":"2024-10","brand_revenue":0.0,"category_revenue":1197041.171875,"share_pct":0.0},{"period":"2024-11","brand_revenue":18839.375,"category_revenue":1193980.234375,"share_pct":1.600000023841858},{"period":"2024-12","brand_revenue":46068.974609375,"category_revenue":1222008.984375,"share_pct":3.799999952316284},{"period":"2025-01","brand_revenue":78414.6240234375,"category_revenue":1100552.421875,"share_pct":7.099999904632568},{"period":"2025-02","brand_revenue":80439.248046875,"category_revenue":1167271.25,"share_pct":6.900000095367432},{"period":"2025-03","brand_revenue":90861.62109375,"category_revenue":1348856.71875,"share_pct":6.699999809265137},{"period":"2025-04","brand_revenue":78856.0986328125,"category_revenue":1414639.84375,"share_pct":5.599999904632568},{"period":"2025-05","brand_revenue":110747.548828125,"category_revenue":1460588.4375,"share_pct":7.599999904632568},{"period":"2025-06","brand_revenue":136309.1796875,"category_revenue":1320852.96875,"share_pct":10.300000190734863},{"period":"2025-07","brand_revenue":84399.12109375,"category_revenue":1451194.84375,"share_pct":5.800000190734863},{"period":"2025-08","brand_revenue":94646.796875,"category_revenue":1403520.625,"share_pct":6.699999809265137},{"period":"2025-09","brand_revenue":103754.27734375,"category_revenue":1317518.125,"share_pct":7.900000095367432},{"period":"2025-10","brand_revenue":115783.9453125,"category_revenue":1511693.75,"share_pct":7.699999809265137},{"period":"2025-11","brand_revenue":129876.103515625,"category_revenue":1481709.21875,"share_pct":8.800000190734863},{"period":"2025-12","brand_revenue":123351.6796875,"category_revenue":1476896.875,"share_pct":8.399999618530273},{"period":"2026-01","brand_revenue":104925.625,"category_revenue":1398594.84375,"share_pct":7.5}],"TESTER":[{"period":"2024-01","brand_revenue":0.0,"category_revenue":4033.75,"share_pct":0.0},{"period":"2024-04","brand_revenue":68.75,"category_revenue":85.0,"share_pct":80.9000015258789},{"period":"2024-05","brand_revenue":0.0,"category_revenue":145.24999618530273,"share_pct":0.0},{"period":"2024-09","brand_revenue":0.0,"category_revenue":462.5,"share_pct":0.0},{"period":"2024-11","brand_revenue":0.0,"category_revenue":61.25,"share_pct":0.0},{"period":"2025-03","brand_revenue":0.0,"category_revenue":49.000000953674316,"share_pct":0.0},{"period":"2025-05","brand_revenue":0.0,"category_revenue":25.0,"share_pct":0.0},{"period":"2025-06","brand_revenue":0.0,"category_revenue":156.75000190734863,"share_pct":0.0},{"period":"2025-07","brand_revenue":0.0,"category_revenue":399.24999237060547,"share_pct":0.0},{"period":"2025-08","brand_revenue":0.0,"category_revenue":248.50000381469727,"share_pct":0.0},{"period":"2025-09","brand_revenue":0.0,"category_revenue":2.549999952316284,"share_pct":0.0}]},"discount_depth":[{"tier":"0% (Full Price)","transactions":59070,"pct_of_transactions":10.8,"revenue":2369292.5,"avg_discount":0.0},{"tier":"1-10%","transactions":9168,"pct_of_transactions":1.7,"revenue":359072.65625,"avg_discount":18.799999237060547},{"tier":"11-20%","transactions":63750,"pct_of_transactions":11.7,"revenue":2257587.8125,"avg_discount":33.400001525878906},{"tier":"21-30%","transactions":38540,"pct_of_transactions":7.1,"revenue":1376777.34375,"avg_discount":50.599998474121094},{"tier":"31%+","transactions":322330,"pct_of_transactions":59.0,"revenue":9482875.625,"avg_discount":72.0}],"velocity":{"units_per_day":838.54,"revenue_per_day":22808.1494140625,"avg_units_per_txn":4.88,"days_of_data":762,"total_units":638966,"total_transactions":261602},"velocity_by_category":[{"category":"CARTRIDGE","brand_units_per_day":785.0,"category_avg_units_per_day":74.5,"velocity_index":1053.6,"brand_rev_per_unit":21.38,"category_rev_per_unit":24.09,"brands_in_category":27},{"category":"DISPOSABLE VAPE","brand_units_per_day":53.54,"category_avg_units_per_day":28.36,"velocity_index":188.8,"brand_rev_per_unit":27.4,"category_rev_per_unit":32.31,"brands_in_category":35},{"category":"TESTER","brand_units_per_day":0.0,"category_avg_units_per_day":0.02,"velocity_index":9.7,"brand_rev_per_unit":27.5,"category_rev_per_unit":24.38,"brands_in_category":9}],"deals":[{"deal_name":"Stock & Save - Fade 4 for $80","times_used":44642,"units":196485.0,"revenue":4917628.724973202,"discounts":2450832.525023222,"cost":2605882.2265839577,"profit":2311746.4981412888,"pre_discount_revenue":7368461.25,"margin":47.0,"avg_discount":66.6},{"deal_name":"Lit4Less - Fade Carts - 3 for $60","times_used":26498,"units":100958.0,"revenue":2518915.904197792,"discounts":1267134.095831712,"cost":1338955.427750349,"profit":1179960.4764477413,"pre_discount_revenue":3786050.0,"margin":46.8,"avg_discount":67.0},{"deal_name":"Industry - 30% Off","times_used":23418,"units":30024.0,"revenue":796434.6253490448,"discounts":341706.6246461868,"cost":401619.9618649483,"profit":394814.66346502304,"pre_discount_revenue":1138141.25,"margin":49.6,"avg_discount":60.0},{"deal_name":"Stock & Save - Fade 2 for $50","times_used":17918,"units":35843.0,"revenue":1119982.7749967575,"discounts":224129.72499608994,"cost":475367.7720236778,"profit":644615.0027728081,"pre_discount_revenue":1344112.5,"margin":57.6,"avg_discount":33.4},{"deal_name":"Industry 30% Off","times_used":7244,"units":10551.0,"revenue":289753.03813934326,"discounts":125019.46187973022,"cost":145189.30775761604,"profit":144563.73036026955,"pre_discount_revenue":414772.5,"margin":49.9,"avg_discount":60.2},{"deal_name":"Fade Carts 2 for $40","times_used":7122,"units":21037.0,"revenue":524251.00000947714,"discounts":264636.50000214577,"cost":279003.2031404972,"profit":245247.79686927795,"pre_discount_revenue":788887.5,"margin":46.8,"avg_discount":67.0},{"deal_name":"30% Off Special","times_used":5176,"units":5790.0,"revenue":165081.75027370453,"discounts":71056.99973583221,"cost":83421.33476734161,"profit":81660.41551113129,"pre_discount_revenue":236138.75,"margin":49.5,"avg_discount":60.2},{"deal_name":"Stock & Save - Fade 4 for $85","times_used":4422,"units":19765.0,"revenue":525976.524977684,"discounts":285437.22499489784,"cost":262133.3038663864,"profit":263843.2208919525,"pre_discount_revenue":811413.75,"margin":50.2,"avg_discount":70.4},{"deal_name":"Lit4Less - Fade Carts - 2 for $50","times_used":4330,"units":8611.333333333334,"revenue":267849.0249999364,"discounts":55075.97499887149,"cost":114207.80463775,"profit":153641.22036218643,"pre_discount_revenue":322925.0,"margin":57.4,"avg_discount":34.2},{"deal_name":"Fade 3 for $75","times_used":4222,"units":14099.0,"revenue":441703.9749908447,"discounts":92168.52500200272,"cost":188429.1057896614,"profit":253274.86906766891,"pre_discount_revenue":533872.5,"margin":57.3,"avg_discount":34.6},{"deal_name":"420 2025 - 60% Off","times_used":3748,"units":10148.0,"revenue":153591.14990472794,"discounts":231041.3496875763,"cost":136413.27045679092,"profit":17177.87944793701,"pre_discount_revenue":384632.5,"margin":11.2,"avg_discount":120.2},{"deal_name":"Lit4Less - FADE Disposables - 2 for $55","times_used":2992,"units":6720.0,"revenue":230745.12500286102,"discounts":63558.62499952316,"cost":104495.99654197693,"profit":126249.1284608841,"pre_discount_revenue":294303.75,"margin":54.7,"avg_discount":43.2},{"deal_name":"Jackpot - Locals 30% Off","times_used":2518,"units":3850.0,"revenue":103938.30008506775,"discounts":45249.19990301132,"cost":52552.07325100899,"profit":51386.22683405876,"pre_discount_revenue":149187.5,"margin":49.4,"avg_discount":60.6},{"deal_name":"FADE 0.8g Carts 3 for $65","times_used":2394,"units":7867.0,"revenue":213198.9996433258,"discounts":81813.50148677826,"cost":104336.08384132385,"profit":108862.91580200195,"pre_discount_revenue":295012.5,"margin":51.1,"avg_discount":55.4},{"deal_name":"Senior - 10% Off","times_used":2168,"units":2773.0,"revenue":95442.03758955002,"discounts":11494.21249806881,"cost":37771.97374224663,"profit":57670.061782598495,"pre_discount_revenue":106936.25,"margin":60.4,"avg_discount":21.4},{"deal_name":"60% Off Internal - G2B","times_used":2166,"units":5794.0,"revenue":88752.7749991417,"discounts":133894.72499847412,"cost":78796.44735336304,"profit":9956.327645778656,"pre_discount_revenue":222647.5,"margin":11.2,"avg_discount":120.2},{"deal_name":"0.9g Fade Carts - 2 for $50","times_used":2128,"units":5197.0,"revenue":162472.89999961853,"discounts":32414.60000038147,"cost":68925.21023273468,"profit":93547.68972873688,"pre_discount_revenue":194887.5,"margin":57.6,"avg_discount":33.2},{"deal_name":"Spark the Summer Sale","times_used":2102,"units":4714.0,"revenue":108689.1749882698,"discounts":72798.3249950409,"cost":64230.47288417816,"profit":44458.702104091644,"pre_discount_revenue":181487.5,"margin":40.9,"avg_discount":80.2},{"deal_name":"4/20! 60% Off!!!","times_used":2014,"units":5378.0,"revenue":80647.5,"discounts":121027.5,"cost":71325.72260856628,"profit":9321.777391433716,"pre_discount_revenue":201675.0,"margin":11.6,"avg_discount":120.0},{"deal_name":"Stock & Save - Fade Cart 2 for $52","times_used":1934,"units":3867.0,"revenue":125730.08749961853,"discounts":32853.66250038147,"cost":51286.08582735062,"profit":74444.00163412094,"pre_discount_revenue":158583.75,"margin":59.2,"avg_discount":41.4},{"deal_name":"GW - 60% OFF Elevation House Flower","times_used":1846,"units":4914.0,"revenue":74788.99999856949,"discounts":112235.99999427795,"cost":66178.42275619507,"profit":8610.57724237442,"pre_discount_revenue":187025.0,"margin":11.5,"avg_discount":120.0},{"deal_name":"Veterans - 10% Off","times_used":1728,"units":2138.0,"revenue":73609.05005931854,"discounts":8640.949993729591,"cost":29032.324013710022,"profit":44576.72439575195,"pre_discount_revenue":82250.0,"margin":60.6,"avg_discount":21.0},{"deal_name":"Fade 0.8g Cart + Retreat Disposable for $55","times_used":1512,"units":1716.0,"revenue":59031.25,"discounts":5243.775000572205,"cost":22731.94925966207,"profit":36299.29871082306,"pre_discount_revenue":64275.02499999944,"margin":61.5,"avg_discount":16.4},{"deal_name":"Fade 0.9g Carts 2 for $45","times_used":1508,"units":3708.0,"revenue":104512.5,"discounts":34537.5,"cost":49177.34838724136,"profit":55335.15161275864,"pre_discount_revenue":139050.0,"margin":52.9,"avg_discount":49.6},{"deal_name":"Stock & Save - Fade Cart 2 for $50","times_used":1504,"units":3023.0,"revenue":94385.55000305176,"discounts":18976.949999332428,"cost":40092.53619432449,"profit":54293.013808727264,"pre_discount_revenue":113362.5,"margin":57.5,"avg_discount":33.4},{"deal_name":"Internal Last Chance - 40% Off","times_used":1460,"units":3128.0,"revenue":73308.45000639558,"discounts":49156.54999256134,"cost":43356.27356886864,"profit":29952.17643737793,"pre_discount_revenue":122465.0,"margin":40.9,"avg_discount":80.2},{"deal_name":"Fade Disposables 2 for $50","times_used":1292,"units":2800.0,"revenue":87365.07499694824,"discounts":35159.924998283386,"cost":43539.998540878296,"profit":43825.076456069946,"pre_discount_revenue":122525.0,"margin":50.2,"avg_discount":57.4},{"deal_name":"50% Off Elevation House Brands","times_used":1218,"units":2890.0,"revenue":54033.350000977516,"discounts":54341.6500043869,"cost":38328.62371921539,"profit":15704.726281166077,"pre_discount_revenue":108375.0,"margin":29.1,"avg_discount":100.2},{"deal_name":"Senior / Veterans - 20% Off","times_used":1160,"units":1649.0,"revenue":50062.37498164177,"discounts":12988.874994516373,"cost":22256.449266672134,"profit":27805.925679206848,"pre_discount_revenue":63051.25,"margin":55.5,"avg_discount":41.2},{"deal_name":"S&S - FADE 0.8g Disposables 2 for $55","times_used":1000,"units":2174.0,"revenue":74734.375,"discounts":20055.625,"cost":33805.69886445999,"profit":40928.67614507675,"pre_discount_revenue":94790.0,"margin":54.8,"avg_discount":42.4},{"deal_name":"Internal Vapes - 25% Off","times_used":898,"units":1125.0,"revenue":33679.375,"discounts":11463.125,"cost":15995.436979532242,"profit":17683.938022851944,"pre_discount_revenue":45142.5,"margin":52.5,"avg_discount":50.8},{"deal_name":"S&S - FADE 0.8g Disposables 2 for $57","times_used":896,"units":1872.0,"revenue":66606.99999809265,"discounts":22168.00000190735,"cost":29109.599018096924,"profit":37497.40319728851,"pre_discount_revenue":88775.0,"margin":56.3,"avg_discount":50.0},{"deal_name":"Fade Carts -  2 for $40","times_used":864,"units":2537.0,"revenue":63195.52499771118,"discounts":31941.97500228882,"cost":33646.96137070656,"profit":29548.563627004623,"pre_discount_revenue":95137.5,"margin":46.8,"avg_discount":67.2},{"deal_name":"Internal - 25% Off","times_used":770,"units":1103.0,"revenue":32879.27500009537,"discounts":11186.974999904633,"cost":15641.899486780167,"profit":17237.375518083572,"pre_discount_revenue":44066.25,"margin":52.4,"avg_discount":50.8},{"deal_name":"LVAC - 25% Off","times_used":578,"units":776.0,"revenue":22355.625,"discounts":7451.875,"cost":10483.849658966064,"profit":11871.775345802307,"pre_discount_revenue":29807.5,"margin":53.1,"avg_discount":50.0},{"deal_name":"40% Off Elevation House Brands","times_used":566,"units":1184.0,"revenue":26640.0,"discounts":17760.0,"cost":15702.799482345581,"profit":10937.200517654419,"pre_discount_revenue":44400.0,"margin":41.1,"avg_discount":80.0},{"deal_name":"FADE 0.8g Disposables 2 for $55","times_used":526,"units":1087.0,"revenue":37345.67499637604,"discounts":10128.07499885559,"cost":16902.849435806274,"profit":20442.825560569763,"pre_discount_revenue":47473.75,"margin":54.7,"avg_discount":42.6},{"deal_name":"0.9g Fade Carts - 2 for $55","times_used":474,"units":1320.0,"revenue":45425.0,"discounts":4075.0,"cost":17506.499409675598,"profit":27918.499088287354,"pre_discount_revenue":49500.0,"margin":61.5,"avg_discount":16.4},{"deal_name":"Fade 0.9g Carts 4 for $85","times_used":456,"units":1930.0,"revenue":51911.25,"discounts":20463.75,"cost":25596.624159812927,"profit":26314.625840187073,"pre_discount_revenue":72375.0,"margin":50.7,"avg_discount":56.6},{"deal_name":"40% Off Special","times_used":446,"units":562.0,"revenue":14370.0,"discounts":9580.0,"cost":8505.774712562561,"profit":5864.225287437439,"pre_discount_revenue":23950.0,"margin":40.8,"avg_discount":80.0},{"deal_name":"0.8g Fade Carts - 2 for $50","times_used":370,"units":1146.0,"revenue":35887.5,"discounts":7087.5,"cost":15198.824484348297,"profit":20688.675491809845,"pre_discount_revenue":42975.0,"margin":57.6,"avg_discount":33.0},{"deal_name":"Srene / Select / AMA / Optimum / Fade Carts 3 for $60","times_used":286,"units":552.0,"revenue":13760.0,"discounts":6940.0,"cost":7320.899753570557,"profit":6439.100246429443,"pre_discount_revenue":20700.0,"margin":46.8,"avg_discount":67.0},{"deal_name":"40% Off Internal Brands","times_used":240,"units":724.0,"revenue":16815.0,"discounts":11260.0,"cost":9940.599653720856,"profit":6874.400346279144,"pre_discount_revenue":28075.0,"margin":40.9,"avg_discount":80.2},{"deal_name":"FADE 0.8g Carts 3 for $60","times_used":234,"units":722.0,"revenue":17975.0,"discounts":9100.0,"cost":9575.524668693542,"profit":8399.475331306458,"pre_discount_revenue":27075.0,"margin":46.7,"avg_discount":67.2},{"deal_name":"Employee 30% - NOT FRIDAYS","times_used":190,"units":218.0,"revenue":5778.000001907349,"discounts":2546.99999332428,"cost":2932.399904727936,"profit":2845.600097179413,"pre_discount_revenue":8325.0,"margin":49.2,"avg_discount":61.2},{"deal_name":"Employee - 40% OFF","times_used":164,"units":258.0,"revenue":5868.999993801117,"discounts":3928.4999990463257,"cost":3462.899887561798,"profit":2406.100106239319,"pre_discount_revenue":9797.5,"margin":41.0,"avg_discount":80.2},{"deal_name":"Fade Carts / Disposables 2 for $45","times_used":154,"units":314.0,"revenue":8852.124996185303,"discounts":4252.874999046326,"cost":4539.5748472213745,"profit":4312.550148963928,"pre_discount_revenue":13105.0,"margin":48.7,"avg_discount":65.0},{"deal_name":"Store Credit - $15","times_used":148,"units":191.33333333333334,"revenue":3910.9541821479797,"discounts":3454.0458357334137,"cost":2603.8957436879473,"profit":1307.0584432284036,"pre_discount_revenue":7365.0,"margin":33.4,"avg_discount":93.8},{"deal_name":"Store Credit - $25","times_used":124,"units":190.33333333333334,"revenue":3397.2416830062866,"discounts":3790.2583181858063,"cost":2542.59574731191,"profit":854.6459356943767,"pre_discount_revenue":7187.5,"margin":25.2,"avg_discount":105.4},{"deal_name":"Fade 0.8g Disposables 2 for $55","times_used":116,"units":236.0,"revenue":8099.175000190735,"discounts":2225.824999809265,"cost":3669.7998762130737,"profit":4429.375123977661,"pre_discount_revenue":10325.0,"margin":54.7,"avg_discount":43.2}],"top_products":[{"product":"BLUE DREAM CART - FADE","units":43934,"revenue":1199091.71875,"cost":582674.6484375,"profit":616417.0703125,"transactions":37364,"margin":51.400001525878906},{"product":"MAUI WOWIE CART - FADE","units":39662,"revenue":1064157.1875,"cost":526017.265625,"profit":538139.9609375,"transactions":33504,"margin":50.599998474121094},{"product":"NORTHERN LIGHTS CART - FADE","units":38744,"revenue":1040277.890625,"cost":513842.265625,"profit":526435.625,"transactions":33242,"margin":50.599998474121094},{"product":"PINEAPPLE EXPRESS CART - FADE","units":38754,"revenue":1034416.40625,"cost":513974.921875,"profit":520441.484375,"transactions":33094,"margin":50.29999923706055},{"product":"GRAND DADDY PURP CART - FADE","units":35820,"revenue":966340.625,"cost":475062.734375,"profit":491277.890625,"transactions":30746,"margin":50.79999923706055},{"product":"BLUEBERRY CART - FADE","units":34826,"revenue":928051.25,"cost":461879.8046875,"profit":466171.4453125,"transactions":29372,"margin":50.20000076293945},{"product":"SOUR DIESEL CART - FADE","units":30350,"revenue":823283.4375,"cost":402516.875,"profit":420766.5234375,"transactions":25712,"margin":51.099998474121094},{"product":"FRUITY PEBBLES OG CART - FADE","units":30470,"revenue":812200.15625,"cost":404108.359375,"profit":408091.796875,"transactions":25754,"margin":50.20000076293945},{"product":"JACK HERER CART - FADE","units":29826,"revenue":807390.3125,"cost":395567.3046875,"profit":411823.0078125,"transactions":24750,"margin":51.0},{"product":"FRUITY ROLL-UPZ CART - FADE","units":29716,"revenue":794980.78125,"cost":394108.4375,"profit":400872.34375,"transactions":25982,"margin":50.400001525878906},{"product":"BANANA KUSH CART - FADE","units":29032,"revenue":784467.5,"cost":385036.875,"profit":399430.5859375,"transactions":24372,"margin":50.900001525878906},{"product":"APPLE JACK CART - FADE","units":27548,"revenue":738741.25,"cost":365355.3515625,"profit":373385.9375,"transactions":24032,"margin":50.5},{"product":"MELON ZKITTLES CART - FADE","units":26808,"revenue":712673.28125,"cost":355541.09375,"profit":357132.1875,"transactions":22674,"margin":50.099998474121094},{"product":"UNICORN PISS CART - FADE","units":26014,"revenue":673351.5625,"cost":345010.6640625,"profit":328340.859375,"transactions":20854,"margin":48.79999923706055},{"product":"GREEN CRACK CART - FADE","units":25528,"revenue":665708.671875,"cost":338538.59375,"profit":327170.05859375,"transactions":21782,"margin":49.099998474121094},{"product":"GG4 CART - FADE","units":18184,"revenue":481213.7890625,"cost":241165.29296875,"profit":240048.515625,"transactions":15132,"margin":49.900001525878906},{"product":"KING LOUIS XIII CART - FADE","units":17042,"revenue":440446.4453125,"cost":226019.51171875,"profit":214426.93359375,"transactions":14760,"margin":48.70000076293945},{"product":"TROPICANA COOKIES CART - FADE","units":13652,"revenue":372213.8671875,"cost":181059.6484375,"profit":191154.23828125,"transactions":11942,"margin":51.400001525878906},{"product":"BLUE DREAM DISPOSABLE VAPE - FADE","units":9242,"revenue":323199.90234375,"cost":143713.095703125,"profit":179486.81640625,"transactions":8396,"margin":55.5},{"product":"SUPER LEMON HAZE CART - FADE","units":12442,"revenue":318022.2265625,"cost":165012.01171875,"profit":153010.205078125,"transactions":10840,"margin":48.099998474121094},{"product":"SKYWALKER OG CART - FADE","units":10072,"revenue":281479.453125,"cost":133579.892578125,"profit":147899.55078125,"transactions":8722,"margin":52.5},{"product":"GRAND DADDY PURP DISPOSABLE VAPE - FADE","units":7636,"revenue":260819.5703125,"cost":118739.794921875,"profit":142079.78515625,"transactions":6862,"margin":54.5},{"product":"OG KUSH CART - FADE","units":9720,"revenue":257068.3203125,"cost":128911.494140625,"profit":128156.826171875,"transactions":8192,"margin":49.900001525878906},{"product":"GSC CART - FADE","units":9630,"revenue":249239.04296875,"cost":127717.87109375,"profit":121521.181640625,"transactions":8456,"margin":48.79999923706055},{"product":"NORTHERN LIGHTS DISPOSABLE VAPE - FADE","units":7200,"revenue":247278.84765625,"cost":111960.0,"profit":135318.857421875,"transactions":6568,"margin":54.70000076293945}],"products_by_store":{"Elevation Springs":[{"product":"NORTHERN LIGHTS CART - FADE","units":6808,"revenue":181592.59765625,"cost":90291.09375,"profit":91301.50390625,"transactions":5838,"margin":50.29999923706055},{"product":"BLUE DREAM CART - FADE","units":6566,"revenue":176644.7265625,"cost":87081.572265625,"profit":89563.154296875,"transactions":5690,"margin":50.70000076293945},{"product":"MAUI WOWIE CART - FADE","units":5992,"revenue":159039.248046875,"cost":79468.896484375,"profit":79570.3515625,"transactions":5042,"margin":50.0},{"product":"GRAND DADDY PURP CART - FADE","units":5832,"revenue":157350.1953125,"cost":77346.8994140625,"profit":80003.30078125,"transactions":5024,"margin":50.79999923706055},{"product":"BLUEBERRY CART - FADE","units":5564,"revenue":149965.25390625,"cost":73792.548828125,"profit":76172.7001953125,"transactions":4852,"margin":50.79999923706055},{"product":"PINEAPPLE EXPRESS CART - FADE","units":5612,"revenue":149898.095703125,"cost":74429.1455078125,"profit":75468.9501953125,"transactions":5008,"margin":50.29999923706055},{"product":"FRUITY ROLL-UPZ CART - FADE","units":5416,"revenue":144257.87109375,"cost":71829.697265625,"profit":72428.1787109375,"transactions":4664,"margin":50.20000076293945},{"product":"FRUITY PEBBLES OG CART - FADE","units":5362,"revenue":141891.201171875,"cost":71113.5205078125,"profit":70777.67578125,"transactions":4558,"margin":49.900001525878906},{"product":"APPLE JACK CART - FADE","units":4306,"revenue":116135.3515625,"cost":57108.3251953125,"profit":59027.0263671875,"transactions":3838,"margin":50.79999923706055},{"product":"JACK HERER CART - FADE","units":4138,"revenue":111612.75390625,"cost":54880.224609375,"profit":56732.5244140625,"transactions":3620,"margin":50.79999923706055},{"product":"SOUR DIESEL CART - FADE","units":4108,"revenue":111497.529296875,"cost":54482.3486328125,"profit":57015.17578125,"transactions":3568,"margin":51.099998474121094},{"product":"BANANA KUSH CART - FADE","units":3798,"revenue":105139.345703125,"cost":50370.9716796875,"profit":54768.3740234375,"transactions":3430,"margin":52.099998474121094},{"product":"MELON ZKITTLES CART - FADE","units":3722,"revenue":98847.1484375,"cost":49363.0224609375,"profit":49484.1259765625,"transactions":3202,"margin":50.099998474121094},{"product":"GREEN CRACK CART - FADE","units":3406,"revenue":89169.12109375,"cost":45172.0751953125,"profit":43997.05078125,"transactions":3058,"margin":49.29999923706055},{"product":"KING LOUIS XIII CART - FADE","units":2996,"revenue":79700.8740234375,"cost":39734.4482421875,"profit":39966.42578125,"transactions":2610,"margin":50.099998474121094}],"Elevation Mesa":[{"product":"BLUE DREAM CART - FADE","units":7048,"revenue":193016.34765625,"cost":93474.1015625,"profit":99542.255859375,"transactions":6272,"margin":51.599998474121094},{"product":"GRAND DADDY PURP CART - FADE","units":6940,"revenue":189182.75390625,"cost":92041.748046875,"profit":97141.005859375,"transactions":6214,"margin":51.29999923706055},{"product":"BLUEBERRY CART - FADE","units":6136,"revenue":164635.05859375,"cost":81378.6962890625,"profit":83256.34765625,"transactions":5202,"margin":50.599998474121094},{"product":"NORTHERN LIGHTS CART - FADE","units":5134,"revenue":138111.42578125,"cost":68089.6728515625,"profit":70021.7529296875,"transactions":4676,"margin":50.70000076293945},{"product":"MAUI WOWIE CART - FADE","units":5052,"revenue":136778.203125,"cost":67002.1484375,"profit":69776.0498046875,"transactions":4554,"margin":51.0},{"product":"BANANA KUSH CART - FADE","units":4746,"revenue":130765.52734375,"cost":62943.8232421875,"profit":67821.69921875,"transactions":4256,"margin":51.900001525878906},{"product":"PINEAPPLE EXPRESS CART - FADE","units":4816,"revenue":128960.400390625,"cost":63872.197265625,"profit":65088.203125,"transactions":4288,"margin":50.5},{"product":"SOUR DIESEL CART - FADE","units":4690,"revenue":127114.951171875,"cost":62201.123046875,"profit":64913.828125,"transactions":4130,"margin":51.099998474121094},{"product":"FRUITY ROLL-UPZ CART - FADE","units":4522,"revenue":121839.775390625,"cost":59973.0224609375,"profit":61866.7529296875,"transactions":4132,"margin":50.79999923706055},{"product":"FRUITY PEBBLES OG CART - FADE","units":4438,"revenue":119174.6484375,"cost":58858.974609375,"profit":60315.673828125,"transactions":3982,"margin":50.599998474121094},{"product":"MELON ZKITTLES CART - FADE","units":4326,"revenue":115514.423828125,"cost":57373.57421875,"profit":58140.849609375,"transactions":3824,"margin":50.29999923706055},{"product":"APPLE JACK CART - FADE","units":3974,"revenue":107577.197265625,"cost":52705.1708984375,"profit":54872.0263671875,"transactions":3582,"margin":51.0},{"product":"JACK HERER CART - FADE","units":3874,"revenue":104378.828125,"cost":51378.9208984375,"profit":52999.90234375,"transactions":3282,"margin":50.79999923706055},{"product":"GREEN CRACK CART - FADE","units":3468,"revenue":91909.55078125,"cost":45967.8466796875,"profit":45941.69921875,"transactions":3060,"margin":50.0},{"product":"GG4 CART - FADE","units":3472,"revenue":91221.69921875,"cost":46047.3974609375,"profit":45174.3017578125,"transactions":2818,"margin":49.5}],"Elevation Oasis":[{"product":"BLUE DREAM CART - FADE","units":19986,"revenue":542498.203125,"cost":265064.31640625,"profit":277433.88671875,"transactions":15900,"margin":51.099998474121094},{"product":"PINEAPPLE EXPRESS CART - FADE","units":18612,"revenue":491193.0859375,"cost":246841.640625,"profit":244351.42578125,"transactions":15214,"margin":49.70000076293945},{"product":"MAUI WOWIE CART - FADE","units":17866,"revenue":474497.734375,"cost":236947.8125,"profit":237549.921875,"transactions":14336,"margin":50.099998474121094},{"product":"NORTHERN LIGHTS CART - FADE","units":16560,"revenue":438828.515625,"cost":219626.9921875,"profit":219201.50390625,"transactions":13440,"margin":50.0},{"product":"BLUEBERRY CART - FADE","units":15016,"revenue":390825.6640625,"cost":199149.6875,"profit":191675.9765625,"transactions":12158,"margin":49.0},{"product":"SOUR DIESEL CART - FADE","units":13644,"revenue":367092.6171875,"cost":180953.53515625,"profit":186139.0625,"transactions":10826,"margin":50.70000076293945},{"product":"GRAND DADDY PURP CART - FADE","units":13666,"revenue":365420.1171875,"cost":181245.3125,"profit":184174.78515625,"transactions":11116,"margin":50.400001525878906},{"product":"UNICORN PISS CART - FADE","units":14270,"revenue":364269.375,"cost":189255.859375,"profit":175013.515625,"transactions":10776,"margin":48.0},{"product":"BANANA KUSH CART - FADE","units":13396,"revenue":355415.1953125,"cost":177664.453125,"profit":177750.76171875,"transactions":10366,"margin":50.0},{"product":"JACK HERER CART - FADE","units":12544,"revenue":338415.5078125,"cost":166364.78515625,"profit":172050.703125,"transactions":9752,"margin":50.79999923706055},{"product":"FRUITY PEBBLES OG CART - FADE","units":12578,"revenue":330393.59375,"cost":166815.72265625,"profit":163577.8515625,"transactions":9976,"margin":49.5},{"product":"GREEN CRACK CART - FADE","units":12650,"revenue":324244.375,"cost":167770.625,"profit":156473.759765625,"transactions":10286,"margin":48.29999923706055},{"product":"FRUITY ROLL-UPZ CART - FADE","units":12026,"revenue":317856.1328125,"cost":159494.82421875,"profit":158361.30859375,"transactions":10122,"margin":49.79999923706055},{"product":"APPLE JACK CART - FADE","units":11798,"revenue":312688.10546875,"cost":156470.966796875,"profit":156217.12890625,"transactions":9848,"margin":50.0},{"product":"MELON ZKITTLES CART - FADE","units":11564,"revenue":305573.671875,"cost":153367.548828125,"profit":152206.1328125,"transactions":9346,"margin":49.79999923706055}],"Elevation Downtown":[{"product":"SOUR DIESEL DISPOSABLE VAPE - FADE","units":192,"revenue":6308.2501220703125,"cost":2985.5999755859375,"profit":3322.650146484375,"transactions":186,"margin":52.70000076293945},{"product":"BLUE DREAM DISPOSABLE VAPE - FADE","units":188,"revenue":6189.375,"cost":2923.3999633789062,"profit":3265.9750366210938,"transactions":180,"margin":52.79999923706055},{"product":"NORTHERN LIGHTS DISPOSABLE VAPE - FADE","units":190,"revenue":5905.625,"cost":2954.4998168945312,"profit":2951.1251831054688,"transactions":186,"margin":50.0},{"product":"MAUI WOWIE CART - FADE","units":202,"revenue":5325.474853515625,"cost":2679.0249633789062,"profit":2646.4501953125,"transactions":188,"margin":49.70000076293945},{"product":"GRAND DADDY PURP DISPOSABLE VAPE - FADE","units":158,"revenue":5209.375,"cost":2456.899871826172,"profit":2752.4752807617188,"transactions":148,"margin":52.79999923706055},{"product":"SOUR DIESEL CART - FADE","units":206,"revenue":5143.1500244140625,"cost":2732.0748901367188,"profit":2411.0751342773438,"transactions":194,"margin":46.900001525878906},{"product":"FRUITY PEBBLES OG CART - FADE","units":208,"revenue":4985.7501220703125,"cost":2758.599853515625,"profit":2227.150115966797,"transactions":190,"margin":44.70000076293945},{"product":"JACK HERER DISPOSABLE VAPE - FADE","units":106,"revenue":3960.7501220703125,"cost":1648.3000183105469,"profit":2312.4501037597656,"transactions":104,"margin":58.400001525878906},{"product":"GRAND DADDY PURP CART - FADE","units":150,"revenue":3826.35009765625,"cost":1989.375,"profit":1836.97509765625,"transactions":144,"margin":48.0},{"product":"JACK HERER CART - FADE","units":148,"revenue":3706.0000610351562,"cost":1962.8498840332031,"profit":1743.1500244140625,"transactions":140,"margin":47.0},{"product":"PINEAPPLE EXPRESS CART - FADE","units":140,"revenue":3631.5499877929688,"cost":1856.7498779296875,"profit":1774.8001098632812,"transactions":132,"margin":48.900001525878906},{"product":"GG4 CART - FADE","units":140,"revenue":3501.099853515625,"cost":1856.7498779296875,"profit":1644.3501281738281,"transactions":128,"margin":47.0},{"product":"NORTHERN LIGHTS CART - FADE","units":130,"revenue":3353.4750366210938,"cost":1724.1249084472656,"profit":1629.3499755859375,"transactions":122,"margin":48.599998474121094},{"product":"SUPER LEMON HAZE CART - FADE","units":124,"revenue":3152.8500366210938,"cost":1644.5500183105469,"profit":1508.3000183105469,"transactions":116,"margin":47.79999923706055},{"product":"GG4 DISPOSABLE VAPE - FADE","units":94,"revenue":3080.675048828125,"cost":1461.6999816894531,"profit":1618.9750671386719,"transactions":92,"margin":52.599998474121094}],"Elevation Midtown":[{"product":"MAUI WOWIE CART - FADE","units":5748,"revenue":159081.796875,"cost":76232.8466796875,"profit":82848.955078125,"transactions":5150,"margin":52.099998474121094},{"product":"BLUE DREAM CART - FADE","units":5108,"revenue":144127.548828125,"cost":67744.8486328125,"profit":76382.7001953125,"transactions":4762,"margin":53.0},{"product":"NORTHERN LIGHTS CART - FADE","units":5146,"revenue":143754.248046875,"cost":68248.8232421875,"profit":75505.4248046875,"transactions":4722,"margin":52.5},{"product":"PINEAPPLE EXPRESS CART - FADE","units":4940,"revenue":137091.6796875,"cost":65516.748046875,"profit":71574.9267578125,"transactions":4496,"margin":52.20000076293945},{"product":"JACK HERER CART - FADE","units":4714,"revenue":130534.47265625,"cost":62519.423828125,"profit":68015.048828125,"transactions":4218,"margin":52.099998474121094},{"product":"GRAND DADDY PURP CART - FADE","units":4296,"revenue":120262.32421875,"cost":56975.6982421875,"profit":63286.6259765625,"transactions":3858,"margin":52.599998474121094},{"product":"SOUR DIESEL CART - FADE","units":4190,"revenue":118157.001953125,"cost":55569.873046875,"profit":62587.1240234375,"transactions":3884,"margin":53.0},{"product":"BLUEBERRY CART - FADE","units":4076,"revenue":114036.650390625,"cost":54057.94921875,"profit":59978.701171875,"transactions":3644,"margin":52.599998474121094},{"product":"FRUITY PEBBLES OG CART - FADE","units":4022,"revenue":110978.92578125,"cost":53341.7724609375,"profit":57637.1533203125,"transactions":3710,"margin":51.900001525878906},{"product":"APPLE JACK CART - FADE","units":3888,"revenue":106405.546875,"cost":51564.599609375,"profit":54840.9521484375,"transactions":3508,"margin":51.5},{"product":"MELON ZKITTLES CART - FADE","units":3738,"revenue":102160.224609375,"cost":49575.224609375,"profit":52585.0,"transactions":3208,"margin":51.5},{"product":"FRUITY ROLL-UPZ CART - FADE","units":3636,"revenue":101653.173828125,"cost":48222.4462890625,"profit":53430.7275390625,"transactions":3402,"margin":52.599998474121094},{"product":"BANANA KUSH CART - FADE","units":3428,"revenue":94488.095703125,"cost":45463.84765625,"profit":49024.2529296875,"transactions":3014,"margin":51.900001525878906},{"product":"GREEN CRACK CART - FADE","units":3326,"revenue":90422.67578125,"cost":44111.07421875,"profit":46311.6015625,"transactions":2972,"margin":51.20000076293945},{"product":"UNICORN PISS CART - FADE","units":3298,"revenue":89306.25,"cost":43739.7216796875,"profit":45566.5283203125,"transactions":2974,"margin":51.0}],"Elevation Boulevard":[{"product":"NORTHERN LIGHTS CART - FADE","units":3774,"revenue":101430.751953125,"cost":50052.67578125,"profit":51378.076171875,"transactions":3384,"margin":50.70000076293945},{"product":"BLUE DREAM CART - FADE","units":3744,"revenue":101043.203125,"cost":49654.7998046875,"profit":51388.4033203125,"transactions":3390,"margin":50.900001525878906},{"product":"GRAND DADDY PURP CART - FADE","units":3754,"revenue":98584.345703125,"cost":49787.421875,"profit":48796.923828125,"transactions":3332,"margin":49.5},{"product":"MAUI WOWIE CART - FADE","units":3372,"revenue":89871.572265625,"cost":44721.1474609375,"profit":45150.4248046875,"transactions":2972,"margin":50.20000076293945},{"product":"PINEAPPLE EXPRESS CART - FADE","units":3338,"revenue":87667.373046875,"cost":44270.224609375,"profit":43397.1533203125,"transactions":2790,"margin":49.5},{"product":"BLUEBERRY CART - FADE","units":3210,"revenue":86431.50390625,"cost":42572.6220703125,"profit":43858.876953125,"transactions":2782,"margin":50.70000076293945},{"product":"JACK HERER CART - FADE","units":3150,"revenue":82863.65234375,"cost":41776.875,"profit":41086.77734375,"transactions":2638,"margin":49.599998474121094},{"product":"FRUITY ROLL-UPZ CART - FADE","units":2938,"revenue":78156.6259765625,"cost":38965.224609375,"profit":39191.4013671875,"transactions":2602,"margin":50.099998474121094},{"product":"APPLE JACK CART - FADE","units":2854,"revenue":76646.2255859375,"cost":37851.17431640625,"profit":38795.05126953125,"transactions":2592,"margin":50.599998474121094},{"product":"FRUITY PEBBLES OG CART - FADE","units":2764,"revenue":74573.84765625,"cost":36657.548828125,"profit":37916.30126953125,"transactions":2380,"margin":50.79999923706055},{"product":"BANANA KUSH CART - FADE","units":2754,"revenue":74547.3486328125,"cost":36524.92431640625,"profit":38022.4267578125,"transactions":2502,"margin":51.0},{"product":"SOUR DIESEL CART - FADE","units":2562,"revenue":68716.0498046875,"cost":33978.52294921875,"profit":34737.52685546875,"transactions":2254,"margin":50.599998474121094},{"product":"MELON ZKITTLES CART - FADE","units":2494,"revenue":64218.251953125,"cost":33076.6748046875,"profit":31141.57470703125,"transactions":2212,"margin":48.5},{"product":"UNICORN PISS CART - FADE","units":2200,"revenue":57557.4267578125,"cost":29177.5,"profit":28379.9267578125,"transactions":1776,"margin":49.29999923706055},{"product":"GREEN CRACK CART - FADE","units":1932,"revenue":49589.27734375,"cost":25623.1494140625,"profit":23966.12548828125,"transactions":1742,"margin":48.29999923706055}],"Elevation Parkway":[{"product":"MAUI WOWIE CART - FADE","units":1430,"revenue":39563.173828125,"cost":18965.374755859375,"profit":20597.80029296875,"transactions":1262,"margin":52.099998474121094},{"product":"BLUE DREAM CART - FADE","units":1392,"revenue":39399.25048828125,"cost":18461.39892578125,"profit":20937.84912109375,"transactions":1260,"margin":53.099998474121094},{"product":"PINEAPPLE EXPRESS CART - FADE","units":1296,"revenue":35974.22607421875,"cost":17188.199462890625,"profit":18786.025390625,"transactions":1166,"margin":52.20000076293945},{"product":"JACK HERER CART - FADE","units":1258,"revenue":35879.1259765625,"cost":16684.224853515625,"profit":19194.89990234375,"transactions":1100,"margin":53.5},{"product":"NORTHERN LIGHTS CART - FADE","units":1192,"revenue":33206.8994140625,"cost":15808.89892578125,"profit":17398.00048828125,"transactions":1060,"margin":52.400001525878906},{"product":"GRAND DADDY PURP CART - FADE","units":1182,"revenue":31714.55078125,"cost":15676.2744140625,"profit":16038.275146484375,"transactions":1058,"margin":50.599998474121094},{"product":"FRUITY PEBBLES OG CART - FADE","units":1098,"revenue":30202.22412109375,"cost":14562.22412109375,"profit":15640.0,"transactions":958,"margin":51.79999923706055},{"product":"FRUITY ROLL-UPZ CART - FADE","units":1102,"revenue":29272.099609375,"cost":14615.274658203125,"profit":14656.824951171875,"transactions":984,"margin":50.099998474121094},{"product":"SOUR DIESEL CART - FADE","units":950,"revenue":25562.1240234375,"cost":12599.375,"profit":12962.750244140625,"transactions":856,"margin":50.70000076293945},{"product":"MELON ZKITTLES CART - FADE","units":886,"revenue":24325.673828125,"cost":11750.574951171875,"profit":12575.10009765625,"transactions":812,"margin":51.70000076293945},{"product":"BANANA KUSH CART - FADE","units":838,"revenue":22206.32568359375,"cost":11113.974609375,"profit":11092.349853515625,"transactions":734,"margin":50.0},{"product":"BLUEBERRY CART - FADE","units":760,"revenue":20497.77587890625,"cost":10079.49951171875,"profit":10418.275146484375,"transactions":670,"margin":50.79999923706055},{"product":"BLUE DREAM DISPOSABLE VAPE - FADE","units":548,"revenue":19324.375,"cost":8521.399536132812,"profit":10802.97607421875,"transactions":512,"margin":55.900001525878906},{"product":"SKYWALKER OG CART - FADE","units":690,"revenue":19190.92529296875,"cost":9151.124877929688,"profit":10039.800415039062,"transactions":630,"margin":52.29999923706055},{"product":"GREEN CRACK CART - FADE","units":678,"revenue":18553.499755859375,"cost":8991.974487304688,"profit":9561.525268554688,"transactions":600,"margin":51.5}]},"store_summary":[{"store_clean":"Elevation Oasis","units":274796,"revenue":7372859.375,"cost":3679768.75,"profit":3693090.9375,"discounts":3082912.8125,"margin":50.099998474121094,"discount_rate":29.5},{"store_clean":"Elevation Mesa","units":98726,"revenue":2696748.4375,"cost":1324218.59375,"profit":1372529.84375,"discounts":1060871.484375,"margin":50.900001525878906,"discount_rate":28.200000762939453},{"store_clean":"Elevation Springs","units":98308,"revenue":2686601.5625,"cost":1320947.8125,"profit":1365653.90625,"discounts":1063718.4375,"margin":50.79999923706055,"discount_rate":28.399999618530273},{"store_clean":"Elevation Midtown","units":82980,"revenue":2325120.46875,"cost":1110811.40625,"profit":1214308.984375,"discounts":828009.609375,"margin":52.20000076293945,"discount_rate":26.299999237060547},{"store_clean":"Elevation Boulevard","units":59144,"revenue":1597320.15625,"cost":793057.734375,"profit":804262.421875,"discounts":652549.84375,"margin":50.400001525878906,"discount_rate":29.0},{"store_clean":"Elevation Parkway","units":21682,"revenue":608504.4140625,"cost":292342.96875,"profit":316161.46484375,"discounts":221028.06640625,"margin":52.0,"discount_rate":26.600000381469727},{"store_clean":"Elevation Downtown","units":3330,"revenue":92659.296875,"cost":46442.4755859375,"profit":46216.826171875,"discounts":39783.20068359375,"margin":49.900001525878906,"discount_rate":30.0}],"recommendations":[{"severity":"red","title":"HIGH PROMOTION DEPENDENCY","detail":"Only 14% sells at full price. Heavy discounting required.","action":"Test reducing deal frequency \u2014 track velocity without promos."},{"severity":"info","title":"VOLUME LEVERAGE","detail":"$6,951,926 revenue provides negotiating leverage.","action":"Use volume as leverage in next vendor meeting."}],"comparison":null}