{"brand":"VLASIC","date_range":"2024-01-01 00:00:00 to 2026-01-31 00:00:00","period_label":"All Time","summary":{"total_units":37386,"total_revenue":1393459.6875,"total_cost":690496.25,"total_discounts":437594.0625,"total_profit":702963.59375,"overall_margin":50.400001525878906,"fp_margin":62.0,"disc_margin":46.29999923706055,"pct_full_price":26.700000762939453,"avg_discount_rate":23.899999618530273,"fp_revenue":371462.5,"disc_revenue":1021997.265625,"unique_customers":15942,"brand":"VLASIC","date_range":"2024-01-01 00:00:00 to 2026-01-31 00:00:00","months_count":34,"avg_monthly_cost":40617.424999999996,"cost_per_unit":36.949999999999996,"primary_category":"FLOWER","primary_cat_margin":54.099998474121094,"category_rank":20,"category_total":64,"margin_vs_category":-3.700000047683716,"velocity_rank":19},"category_breakdown":[{"category_clean":"FLOWER","units":35292,"revenue":1337674.53125,"cost":660850.0,"profit":676824.53125,"discounts":425810.46875,"margin":50.599998474121094,"category_avg_margin":54.099998474121094,"vs_category":-3.5,"rank":20.0,"total_brands":64.0},{"category_clean":"CBD","units":2094,"revenue":55785.2490234375,"cost":29646.25,"profit":26138.9990234375,"discounts":11783.62548828125,"margin":46.900001525878906,"category_avg_margin":47.599998474121094,"vs_category":-0.7,"rank":3.0,"total_brands":3.0}],"trend":[{"period":"2024-09","revenue":45845.0,"cost":20812.5,"margin":54.6,"units":1110,"transactions":828,"profit":25032.5,"revenue_change_pct":null,"units_change_pct":null,"margin_change_pts":null},{"period":"2024-10","revenue":56367.9248046875,"cost":26030.0,"margin":53.8,"units":1452,"transactions":1144,"profit":30337.9248046875,"revenue_change_pct":23.0,"units_change_pct":30.8,"margin_change_pts":-0.8},{"period":"2024-11","revenue":88582.373046875,"cost":45875.0,"margin":48.2,"units":2556,"transactions":1782,"profit":42707.373046875,"revenue_change_pct":57.2,"units_change_pct":76.0,"margin_change_pts":-5.6},{"period":"2024-12","revenue":74245.17578125,"cost":33498.75,"margin":54.9,"units":1840,"transactions":1464,"profit":40746.42578125,"revenue_change_pct":-16.2,"units_change_pct":-28.0,"margin_change_pts":6.7},{"period":"2025-01","revenue":65103.525390625,"cost":30338.75,"margin":53.4,"units":1680,"transactions":1268,"profit":34764.775390625,"revenue_change_pct":-12.3,"units_change_pct":-8.7,"margin_change_pts":-1.5},{"period":"2025-02","revenue":99357.0703125,"cost":45108.75,"margin":54.6,"units":2516,"transactions":1744,"profit":54248.3251953125,"revenue_change_pct":52.6,"units_change_pct":49.8,"margin_change_pts":1.2},{"period":"2025-03","revenue":134442.8515625,"cost":69872.5,"margin":48.0,"units":3752,"transactions":2248,"profit":64570.3515625,"revenue_change_pct":35.3,"units_change_pct":49.1,"margin_change_pts":-6.6},{"period":"2025-04","revenue":125134.921875,"cost":75385.0,"margin":39.8,"units":4038,"transactions":2646,"profit":49749.9267578125,"revenue_change_pct":-6.9,"units_change_pct":7.6,"margin_change_pts":-8.3},{"period":"2025-05","revenue":123172.451171875,"cost":57431.25,"margin":53.4,"units":3092,"transactions":2108,"profit":65741.201171875,"revenue_change_pct":-1.6,"units_change_pct":-23.4,"margin_change_pts":13.6},{"period":"2025-06","revenue":105597.626953125,"cost":50336.25,"margin":52.3,"units":2700,"transactions":1808,"profit":55261.376953125,"revenue_change_pct":-14.3,"units_change_pct":-12.7,"margin_change_pts":-1.0},{"period":"2025-07","revenue":3245.2499389648438,"cost":1711.25,"margin":47.3,"units":126,"transactions":84,"profit":1533.9999389648438,"revenue_change_pct":-96.9,"units_change_pct":-95.3,"margin_change_pts":-5.1},{"period":"2025-08","revenue":62604.6484375,"cost":28847.5,"margin":53.9,"units":1586,"transactions":1134,"profit":33757.15087890625,"revenue_change_pct":1829.1,"units_change_pct":1158.7,"margin_change_pts":6.7},{"period":"2025-09","revenue":90496.826171875,"cost":44246.25,"margin":51.1,"units":2368,"transactions":1518,"profit":46250.576171875,"revenue_change_pct":44.6,"units_change_pct":49.3,"margin_change_pts":-2.8},{"period":"2025-10","revenue":118653.5546875,"cost":58462.5,"margin":50.7,"units":3110,"transactions":2158,"profit":60191.0498046875,"revenue_change_pct":31.1,"units_change_pct":31.3,"margin_change_pts":-0.4},{"period":"2025-11","revenue":90004.6484375,"cost":47910.0,"margin":46.8,"units":2552,"transactions":1732,"profit":42094.6484375,"revenue_change_pct":-24.1,"units_change_pct":-17.9,"margin_change_pts":-4.0},{"period":"2025-12","revenue":74423.75,"cost":36555.0,"margin":50.9,"units":1948,"transactions":1290,"profit":37868.75,"revenue_change_pct":-17.3,"units_change_pct":-23.7,"margin_change_pts":4.1},{"period":"2026-01","revenue":36182.17529296875,"cost":18075.0,"margin":50.0,"units":960,"transactions":654,"profit":18107.17529296875,"revenue_change_pct":-51.4,"units_change_pct":-50.7,"margin_change_pts":-0.8}],"share_of_category":[{"category":"FLOWER","brand_revenue":1337674.53125,"category_revenue":77755450.0,"revenue_share_pct":1.7000000476837158,"brand_units":35292,"category_units":2708446,"units_share_pct":1.3},{"category":"CBD","brand_revenue":55785.2490234375,"category_revenue":389585.8984375,"revenue_share_pct":14.300000190734863,"brand_units":2094,"category_units":15010,"units_share_pct":14.0}],"share_of_category_trend":{"FLOWER":[{"period":"2024-01","brand_revenue":0.0,"category_revenue":3552357.8125,"share_pct":0.0},{"period":"2024-02","brand_revenue":0.0,"category_revenue":3535245.625,"share_pct":0.0},{"period":"2024-03","brand_revenue":0.0,"category_revenue":3693805.625,"share_pct":0.0},{"period":"2024-04","brand_revenue":0.0,"category_revenue":3541899.6875,"share_pct":0.0},{"period":"2024-05","brand_revenue":0.0,"category_revenue":3537479.375,"share_pct":0.0},{"period":"2024-06","brand_revenue":0.0,"category_revenue":3403269.6875,"share_pct":0.0},{"period":"2024-07","brand_revenue":0.0,"category_revenue":3457705.9375,"share_pct":0.0},{"period":"2024-08","brand_revenue":0.0,"category_revenue":3453819.375,"share_pct":0.0},{"period":"2024-09","brand_revenue":45845.0,"category_revenue":3316441.5625,"share_pct":1.399999976158142},{"period":"2024-10","brand_revenue":52790.673828125,"category_revenue":3585775.0,"share_pct":1.5},{"period":"2024-11","brand_revenue":76277.7001953125,"category_revenue":3454855.3125,"share_pct":2.200000047683716},{"period":"2024-12","brand_revenue":65161.6748046875,"category_revenue":3226567.8125,"share_pct":2.0},{"period":"2025-01","brand_revenue":59268.3984375,"category_revenue":2984938.125,"share_pct":2.0},{"period":"2025-02","brand_revenue":93677.12890625,"category_revenue":2816220.0,"share_pct":3.299999952316284},{"period":"2025-03","brand_revenue":131085.029296875,"category_revenue":2911379.6875,"share_pct":4.5},{"period":"2025-04","brand_revenue":123321.748046875,"category_revenue":3118895.3125,"share_pct":4.0},{"period":"2025-05","brand_revenue":120455.947265625,"category_revenue":2887345.0,"share_pct":4.199999809265137},{"period":"2025-06","brand_revenue":101000.87890625,"category_revenue":2773698.125,"share_pct":3.5999999046325684},{"period":"2025-07","brand_revenue":910.0,"category_revenue":2782763.125,"share_pct":0.0},{"period":"2025-08","brand_revenue":61424.150390625,"category_revenue":2733122.8125,"share_pct":2.200000047683716},{"period":"2025-09","brand_revenue":89477.0703125,"category_revenue":2603501.5625,"share_pct":3.4000000953674316},{"period":"2025-10","brand_revenue":117458.5546875,"category_revenue":2663705.0,"share_pct":4.400000095367432},{"period":"2025-11","brand_revenue":89554.6484375,"category_revenue":2700189.0625,"share_pct":3.299999952316284},{"period":"2025-12","brand_revenue":74263.75,"category_revenue":2515209.53125,"share_pct":3.0},{"period":"2026-01","brand_revenue":35702.17529296875,"category_revenue":2505261.875,"share_pct":1.399999976158142}],"CBD":[{"period":"2024-01","brand_revenue":0.0,"category_revenue":19620.775146484375,"share_pct":0.0},{"period":"2024-02","brand_revenue":0.0,"category_revenue":20743.40087890625,"share_pct":0.0},{"period":"2024-03","brand_revenue":0.0,"category_revenue":24168.27392578125,"share_pct":0.0},{"period":"2024-04","brand_revenue":0.0,"category_revenue":28758.525390625,"share_pct":0.0},{"period":"2024-05","brand_revenue":0.0,"category_revenue":25626.875,"share_pct":0.0},{"period":"2024-06","brand_revenue":0.0,"category_revenue":22527.39990234375,"share_pct":0.0},{"period":"2024-07","brand_revenue":0.0,"category_revenue":18794.625244140625,"share_pct":0.0},{"period":"2024-08","brand_revenue":0.0,"category_revenue":16418.675537109375,"share_pct":0.0},{"period":"2024-09","brand_revenue":0.0,"category_revenue":14859.9755859375,"share_pct":0.0},{"period":"2024-10","brand_revenue":3577.2500610351562,"category_revenue":18964.625244140625,"share_pct":18.899999618530273},{"period":"2024-11","brand_revenue":12304.67529296875,"category_revenue":20255.250244140625,"share_pct":60.70000076293945},{"period":"2024-12","brand_revenue":9083.499755859375,"category_revenue":15511.099853515625,"share_pct":58.599998474121094},{"period":"2025-01","brand_revenue":5835.1251220703125,"category_revenue":15601.500244140625,"share_pct":37.400001525878906},{"period":"2025-02","brand_revenue":5679.949951171875,"category_revenue":13476.57470703125,"share_pct":42.099998474121094},{"period":"2025-03","brand_revenue":3357.8250122070312,"category_revenue":14939.949951171875,"share_pct":22.5},{"period":"2025-04","brand_revenue":1813.175048828125,"category_revenue":10690.4248046875,"share_pct":17.0},{"period":"2025-05","brand_revenue":2716.4999389648438,"category_revenue":13433.375244140625,"share_pct":20.200000762939453},{"period":"2025-06","brand_revenue":4596.7498779296875,"category_revenue":9377.874755859375,"share_pct":49.0},{"period":"2025-07","brand_revenue":2335.2499389648438,"category_revenue":9109.500122070312,"share_pct":25.600000381469727},{"period":"2025-08","brand_revenue":1180.5000305175781,"category_revenue":10390.374755859375,"share_pct":11.399999618530273},{"period":"2025-09","brand_revenue":1019.7499847412109,"category_revenue":10083.074951171875,"share_pct":10.100000381469727},{"period":"2025-10","brand_revenue":1195.0,"category_revenue":6646.3751220703125,"share_pct":18.0},{"period":"2025-11","brand_revenue":450.0,"category_revenue":7504.000244140625,"share_pct":6.0},{"period":"2025-12","brand_revenue":160.0,"category_revenue":11148.499755859375,"share_pct":1.399999976158142},{"period":"2026-01","brand_revenue":480.0,"category_revenue":10934.87548828125,"share_pct":4.400000095367432}]},"discount_depth":[{"tier":"0% (Full Price)","transactions":6858,"pct_of_transactions":23.4,"revenue":371462.5,"avg_discount":0.0},{"tier":"1-10%","transactions":1686,"pct_of_transactions":5.7,"revenue":104479.74609375,"avg_discount":20.0},{"tier":"11-20%","transactions":1106,"pct_of_transactions":3.8,"revenue":63480.17578125,"avg_discount":34.79999923706055},{"tier":"21-30%","transactions":5606,"pct_of_transactions":19.1,"revenue":311717.3828125,"avg_discount":50.20000076293945},{"tier":"31%+","transactions":5050,"pct_of_transactions":17.2,"revenue":184990.9765625,"avg_discount":92.19999694824219}],"velocity":{"units_per_day":73.74,"revenue_per_day":2748.4500122070312,"avg_units_per_txn":2.92,"days_of_data":507,"total_units":37386,"total_transactions":25610},"velocity_by_category":[{"category":"FLOWER","brand_units_per_day":46.32,"category_avg_units_per_day":55.54,"velocity_index":83.4,"brand_rev_per_unit":30.32,"category_rev_per_unit":22.97,"brands_in_category":64},{"category":"CBD","brand_units_per_day":2.74,"category_avg_units_per_day":6.56,"velocity_index":41.9,"brand_rev_per_unit":21.31,"category_rev_per_unit":20.76,"brands_in_category":3}],"deals":[{"deal_name":"Industry 30% Off","times_used":3166,"units":3934.0,"revenue":137376.56257867813,"discounts":59558.43752026558,"cost":73747.5,"profit":63629.06248509884,"pre_discount_revenue":196935.0,"margin":46.3,"avg_discount":60.4},{"deal_name":"Industry - 30% Off","times_used":3094,"units":3838.0,"revenue":131988.24996471405,"discounts":56769.249992370605,"cost":71330.0,"profit":60658.250008523464,"pre_discount_revenue":188757.5,"margin":46.0,"avg_discount":60.2},{"deal_name":"Lit4Less - 1/4 for $60","times_used":2908,"units":5578.666666666667,"revenue":208583.5417000453,"discounts":70454.79166030884,"cost":104600.0,"profit":103983.54166706404,"pre_discount_revenue":279038.3333333333,"margin":49.9,"avg_discount":50.4},{"deal_name":"4/20 2025 - Flower / Infused","times_used":1510,"units":2392.0,"revenue":59730.625,"discounts":59869.375,"cost":44850.0,"profit":14880.625,"pre_discount_revenue":119600.0,"margin":24.9,"avg_discount":100.2},{"deal_name":"Senior - 10% Off","times_used":864,"units":1413.0,"revenue":61865.249915122986,"discounts":7094.750008881092,"cost":26212.5,"profit":35652.75003552437,"pre_discount_revenue":68960.0,"margin":57.6,"avg_discount":20.6},{"deal_name":"Vlasic 1/4 for $50","times_used":848,"units":1973.0,"revenue":61586.12500190735,"discounts":37063.87499809265,"cost":36993.75,"profit":24592.374999523163,"pre_discount_revenue":98650.0,"margin":39.9,"avg_discount":75.2},{"deal_name":"Vlasic 1/4 for $60","times_used":714,"units":1692.0,"revenue":63390.0,"discounts":21210.0,"cost":31725.0,"profit":31665.0,"pre_discount_revenue":84600.0,"margin":50.0,"avg_discount":50.2},{"deal_name":"GW - 50% Off Flower","times_used":436,"units":660.0,"revenue":16437.5,"discounts":16562.5,"cost":12375.0,"profit":4062.5,"pre_discount_revenue":33000.0,"margin":24.7,"avg_discount":100.4},{"deal_name":"Senior / Veterans - 20% Off","times_used":424,"units":614.0,"revenue":24329.750006198883,"discounts":6165.250001549721,"cost":11505.0,"profit":12824.74999845028,"pre_discount_revenue":30495.0,"margin":52.7,"avg_discount":40.4},{"deal_name":"50% Off - G2B","times_used":402,"units":548.0,"revenue":13688.512496948242,"discounts":13711.487503051758,"cost":10275.0,"profit":3413.512500524521,"pre_discount_revenue":27400.0,"margin":24.9,"avg_discount":100.0},{"deal_name":"Jackpot - Locals 30% Off","times_used":344,"units":674.0,"revenue":22989.000000953674,"discounts":9956.000000238419,"cost":12452.5,"profit":10536.499999761581,"pre_discount_revenue":32945.0,"margin":45.8,"avg_discount":60.4},{"deal_name":"Veterans - 10% Off","times_used":342,"units":412.0,"revenue":18051.75000667572,"discounts":2005.7500007748604,"cost":7556.25,"profit":10495.500003099442,"pre_discount_revenue":20057.5,"margin":58.1,"avg_discount":20.0},{"deal_name":"Lit 4 Less - 1/4 for $60","times_used":302,"units":554.0,"revenue":20775.0,"discounts":7397.5,"cost":9792.5,"profit":10982.5,"pre_discount_revenue":28172.5,"margin":52.9,"avg_discount":52.6},{"deal_name":"Employee 30% - NOT FRIDAYS","times_used":270,"units":305.0,"revenue":9835.499992370605,"discounts":4429.499998092651,"cost":5456.25,"profit":4379.250001907349,"pre_discount_revenue":14265.0,"margin":44.5,"avg_discount":62.2},{"deal_name":"Employee - 40% OFF","times_used":262,"units":328.0,"revenue":9006.374996900558,"discounts":6106.125000715256,"cost":5778.75,"profit":3227.625001370907,"pre_discount_revenue":15112.5,"margin":35.8,"avg_discount":80.8},{"deal_name":"Vlasic 1/4 for $70","times_used":224,"units":539.0,"revenue":23582.5,"discounts":3367.5,"cost":10106.25,"profit":13476.25,"pre_discount_revenue":26950.0,"margin":57.1,"avg_discount":25.0},{"deal_name":"LVAC - 25% Off","times_used":84,"units":108.0,"revenue":4001.25,"discounts":1333.75,"cost":2018.75,"profit":1982.5,"pre_discount_revenue":5335.0,"margin":49.5,"avg_discount":50.0},{"deal_name":"30% Off Special","times_used":68,"units":93.0,"revenue":1385.8875048160553,"discounts":600.3625005483627,"cost":851.25,"profit":534.6374988555908,"pre_discount_revenue":1986.25,"margin":38.6,"avg_discount":60.4},{"deal_name":"GW - 50% Off Topicals / Tinctures / RSO / Tablets","times_used":62,"units":144.0,"revenue":2035.0,"discounts":2035.0,"cost":1772.5,"profit":262.5,"pre_discount_revenue":4070.0,"margin":12.9,"avg_discount":100.0},{"deal_name":"Vlasic - CBD - 50% Off","times_used":40,"units":54.0,"revenue":1156.25,"discounts":1156.25,"cost":1003.75,"profit":152.5,"pre_discount_revenue":2312.5,"margin":13.2,"avg_discount":100.0},{"deal_name":"Store Credit - $50","times_used":24,"units":20.0,"revenue":501.63750410079956,"discounts":498.362500667572,"cost":375.0,"profit":126.63749933242798,"pre_discount_revenue":1000.0,"margin":25.2,"avg_discount":99.6},{"deal_name":"Store Credit - $15","times_used":22,"units":16.666666666666668,"revenue":457.55416552225745,"discounts":375.77916860580444,"cost":312.5,"profit":145.0541671117147,"pre_discount_revenue":833.3333333333333,"margin":31.7,"avg_discount":90.2},{"deal_name":"Store Credit - $25","times_used":22,"units":24.666666666666668,"revenue":743.84166876475,"discounts":489.49166655540466,"cost":462.5,"profit":281.34167154630023,"pre_discount_revenue":1233.3333333333333,"margin":37.8,"avg_discount":79.4},{"deal_name":"Vlasic - CBD - BOGO","times_used":18,"units":45.0,"revenue":694.387491941452,"discounts":666.862508058548,"cost":585.0,"profit":109.38750207424164,"pre_discount_revenue":1361.25,"margin":15.8,"avg_discount":98.0},{"deal_name":"40% Off Special","times_used":18,"units":38.0,"revenue":1140.0,"discounts":760.0,"cost":727.5,"profit":412.5,"pre_discount_revenue":1900.0,"margin":36.2,"avg_discount":80.0},{"deal_name":"Reno - Early Bird - Senior / Veterans - 20%","times_used":14,"units":14.0,"revenue":560.0,"discounts":140.0,"cost":262.5,"profit":297.5,"pre_discount_revenue":700.0,"margin":53.1,"avg_discount":40.0},{"deal_name":"Store Credit - $75","times_used":10,"units":19.0,"revenue":521.5750026702881,"discounts":428.4250020980835,"cost":356.25,"profit":165.3250002861023,"pre_discount_revenue":950.0,"margin":31.7,"avg_discount":90.2},{"deal_name":"Medical - 10%","times_used":8,"units":8.0,"revenue":360.0,"discounts":40.0,"cost":150.0,"profit":210.0,"pre_discount_revenue":400.0,"margin":58.3,"avg_discount":20.0},{"deal_name":"Store Credit - $100","times_used":6,"units":7.0,"revenue":191.16250038146973,"discounts":158.83749961853027,"cost":131.25,"profit":59.91249978542328,"pre_discount_revenue":350.0,"margin":31.3,"avg_discount":90.8},{"deal_name":"Sammy Davis Early Bird - 15% Off","times_used":4,"units":4.0,"revenue":170.0,"discounts":30.0,"cost":75.0,"profit":95.0,"pre_discount_revenue":200.0,"margin":55.9,"avg_discount":30.0},{"deal_name":"Store Credit - $150","times_used":2,"units":2.0,"revenue":51.5625,"discounts":48.4375,"cost":37.5,"profit":14.0625,"pre_discount_revenue":100.0,"margin":27.3,"avg_discount":96.8},{"deal_name":"Veterans Day - 30% Off For Veterans!","times_used":2,"units":6.0,"revenue":47.249999046325684,"discounts":20.250000953674316,"cost":30.0,"profit":17.25000023841858,"pre_discount_revenue":67.5,"margin":36.5,"avg_discount":60.0}],"top_products":[{"product":"MUFFINS EIGHTH - VLASIC","units":11294,"revenue":439788.828125,"cost":210887.5,"profit":228901.328125,"transactions":8720,"margin":52.0},{"product":"LEMONATTI EIGHTH - VLASIC","units":5616,"revenue":208767.3046875,"cost":105300.0,"profit":103467.3046875,"transactions":4358,"margin":49.599998474121094},{"product":"FORBIDDEN WIFE EIGHTH - VLASIC","units":4708,"revenue":181336.5234375,"cost":88275.0,"profit":93061.5234375,"transactions":3744,"margin":51.29999923706055},{"product":"DIVORCE CAKE EIGHTH - VLASIC","units":3008,"revenue":114646.171875,"cost":56400.0,"profit":58246.1767578125,"transactions":2434,"margin":50.79999923706055},{"product":"SCREWDRIVER EIGHTH - VLASIC","units":2408,"revenue":87806.904296875,"cost":45150.0,"profit":42656.8994140625,"transactions":1888,"margin":48.599998474121094},{"product":"GRAPE CRUSH EIGHTH - VLASIC","units":2192,"revenue":82368.828125,"cost":41100.0,"profit":41268.8232421875,"transactions":1678,"margin":50.099998474121094},{"product":"PICKLEBACK EIGHTH - VLASIC","units":1656,"revenue":61993.623046875,"cost":31050.0,"profit":30943.62548828125,"transactions":1396,"margin":49.900001525878906},{"product":"ALASKAN THUNDERFU** EIGHTH - VLASIC","units":952,"revenue":35749.52392578125,"cost":17850.0,"profit":17899.525146484375,"transactions":734,"margin":50.099998474121094},{"product":"BANANACONDA EIGHTH - VLASIC","units":1012,"revenue":34141.37451171875,"cost":18975.0,"profit":15166.37451171875,"transactions":818,"margin":44.400001525878906},{"product":"STANKFACE EIGHTH - VLASIC","units":850,"revenue":32560.8740234375,"cost":15937.5,"profit":16623.375244140625,"transactions":676,"margin":51.099998474121094},{"product":"ZPRITZER EIGHTH - VLASIC","units":532,"revenue":19942.5,"cost":9975.0,"profit":9967.5,"transactions":360,"margin":50.0},{"product":"FRUT LOOPS EIGHTH - VLASIC","units":344,"revenue":12482.17529296875,"cost":6450.0,"profit":6032.17529296875,"transactions":294,"margin":48.29999923706055},{"product":"CBD BROAD SPECTRUM TINCTURE - VLASIC","units":222,"revenue":11356.500244140625,"cost":5827.5,"profit":5529.000244140625,"transactions":210,"margin":48.70000076293945},{"product":"CBN ISOLATE TINCTURE - VLASIC","units":224,"revenue":10724.49951171875,"cost":5320.0,"profit":5404.5001220703125,"transactions":198,"margin":50.400001525878906},{"product":"CBD RELIEF CREAM - VLASIC","units":224,"revenue":10491.57470703125,"cost":5320.0,"profit":5171.5753173828125,"transactions":200,"margin":49.29999923706055},{"product":"VIRGINIA COBBLER EIGHTH - VLASIC","units":296,"revenue":10299.1748046875,"cost":5550.0,"profit":4749.175109863281,"transactions":232,"margin":46.099998474121094},{"product":"WILBURS GELATO EIGHTH - VLASIC","units":250,"revenue":9213.22509765625,"cost":4687.5,"profit":4525.72509765625,"transactions":200,"margin":49.099998474121094},{"product":"CBD FULL SPECTRUM SPORTS ROLL ON - VLASIC","units":166,"revenue":7989.000244140625,"cost":4357.5,"profit":3631.4999389648438,"transactions":164,"margin":45.5},{"product":"ALASKAN THUNDERFUCK EIGHTH - VLASIC","units":174,"revenue":6577.5,"cost":3262.5,"profit":3315.0,"transactions":128,"margin":50.400001525878906},{"product":"CBD RELIEF BATH BOMB - VLASIC","units":226,"revenue":4035.0750732421875,"cost":2401.25,"profit":1633.8250732421875,"transactions":174,"margin":40.5},{"product":"1:1 CBD/CBN RELAX BATH BOMB - VLASIC","units":224,"revenue":3786.6751098632812,"cost":2380.0,"profit":1406.6749572753906,"transactions":174,"margin":37.099998474121094},{"product":"GREEN APPLE CBD BROAD SPECTRUM GUMMIES MINI PACK - VLASIC","units":352,"revenue":3333.4249877929688,"cost":1760.0,"profit":1573.4249877929688,"transactions":248,"margin":47.20000076293945},{"product":"WATERMELON CBD ISOLATE GUMMIES MINI PACK - VLASIC","units":224,"revenue":2055.3750610351562,"cost":1120.0,"profit":935.3749847412109,"transactions":170,"margin":45.5},{"product":"ORANGE CBG ISOLATE GUMMIES MINI PACK - VLASIC","units":232,"revenue":2013.125,"cost":1160.0,"profit":853.125,"transactions":130,"margin":42.400001525878906}],"products_by_store":{"Elevation Springs":[{"product":"MUFFINS EIGHTH - VLASIC","units":2384,"revenue":91940.0,"cost":44700.0,"profit":47240.0,"transactions":2078,"margin":51.400001525878906},{"product":"FORBIDDEN WIFE EIGHTH - VLASIC","units":1144,"revenue":43038.75,"cost":21450.0,"profit":21588.75,"transactions":966,"margin":50.20000076293945},{"product":"LEMONATTI EIGHTH - VLASIC","units":1170,"revenue":42055.0,"cost":21937.5,"profit":20117.5,"transactions":928,"margin":47.79999923706055},{"product":"DIVORCE CAKE EIGHTH - VLASIC","units":872,"revenue":32375.0,"cost":16350.0,"profit":16025.0,"transactions":732,"margin":49.5},{"product":"GRAPE CRUSH EIGHTH - VLASIC","units":550,"revenue":20263.3251953125,"cost":10312.5,"profit":9950.8251953125,"transactions":472,"margin":49.099998474121094},{"product":"SCREWDRIVER EIGHTH - VLASIC","units":452,"revenue":15742.5,"cost":8475.0,"profit":7267.5,"transactions":374,"margin":46.20000076293945},{"product":"PICKLEBACK EIGHTH - VLASIC","units":360,"revenue":13350.0,"cost":6750.0,"profit":6600.0,"transactions":332,"margin":49.400001525878906},{"product":"STANKFACE EIGHTH - VLASIC","units":200,"revenue":7605.0,"cost":3750.0,"profit":3855.0,"transactions":162,"margin":50.70000076293945},{"product":"ALASKAN THUNDERFUCK EIGHTH - VLASIC","units":168,"revenue":6367.5,"cost":3150.0,"profit":3217.5,"transactions":122,"margin":50.5},{"product":"BANANACONDA EIGHTH - VLASIC","units":200,"revenue":6258.8751220703125,"cost":3750.0,"profit":2508.874969482422,"transactions":148,"margin":40.099998474121094},{"product":"ALASKAN THUNDERFU** EIGHTH - VLASIC","units":150,"revenue":5578.75,"cost":2812.5,"profit":2766.25,"transactions":130,"margin":49.599998474121094},{"product":"VIRGINIA COBBLER EIGHTH - VLASIC","units":148,"revenue":5204.1748046875,"cost":2775.0,"profit":2429.1749572753906,"transactions":126,"margin":46.70000076293945},{"product":"FRUT LOOPS EIGHTH - VLASIC","units":112,"revenue":4132.5,"cost":2100.0,"profit":2032.5,"transactions":102,"margin":49.20000076293945},{"product":"CBD BROAD SPECTRUM TINCTURE - VLASIC","units":48,"revenue":2436.0000610351562,"cost":1260.0,"profit":1175.999984741211,"transactions":44,"margin":48.29999923706055},{"product":"CBD RELIEF CREAM - VLASIC","units":50,"revenue":2386.999969482422,"cost":1187.5,"profit":1199.5000457763672,"transactions":48,"margin":50.29999923706055}],"Elevation Mesa":[{"product":"MUFFINS EIGHTH - VLASIC","units":2392,"revenue":91304.74609375,"cost":44850.0,"profit":46454.7509765625,"transactions":1944,"margin":50.900001525878906},{"product":"LEMONATTI EIGHTH - VLASIC","units":1694,"revenue":62214.3505859375,"cost":31762.5,"profit":30451.8505859375,"transactions":1360,"margin":48.900001525878906},{"product":"FORBIDDEN WIFE EIGHTH - VLASIC","units":718,"revenue":27109.69970703125,"cost":13462.5,"profit":13647.19970703125,"transactions":602,"margin":50.29999923706055},{"product":"DIVORCE CAKE EIGHTH - VLASIC","units":738,"revenue":26906.75048828125,"cost":13837.5,"profit":13069.25048828125,"transactions":576,"margin":48.599998474121094},{"product":"PICKLEBACK EIGHTH - VLASIC","units":498,"revenue":18780.0,"cost":9337.5,"profit":9442.5,"transactions":412,"margin":50.29999923706055},{"product":"GRAPE CRUSH EIGHTH - VLASIC","units":400,"revenue":14987.5,"cost":7500.0,"profit":7487.5,"transactions":294,"margin":50.0},{"product":"ZPRITZER EIGHTH - VLASIC","units":278,"revenue":10372.5,"cost":5212.5,"profit":5160.0,"transactions":208,"margin":49.70000076293945},{"product":"ALASKAN THUNDERFU** EIGHTH - VLASIC","units":248,"revenue":8930.625,"cost":4650.0,"profit":4280.625,"transactions":210,"margin":47.900001525878906},{"product":"SCREWDRIVER EIGHTH - VLASIC","units":252,"revenue":8652.5,"cost":4725.0,"profit":3927.5,"transactions":210,"margin":45.400001525878906},{"product":"FRUT LOOPS EIGHTH - VLASIC","units":184,"revenue":6617.17529296875,"cost":3450.0,"profit":3167.1749877929688,"transactions":150,"margin":47.900001525878906},{"product":"BANANACONDA EIGHTH - VLASIC","units":146,"revenue":4472.5,"cost":2737.5,"profit":1735.0,"transactions":124,"margin":38.79999923706055},{"product":"STANKFACE EIGHTH - VLASIC","units":100,"revenue":3750.0,"cost":1875.0,"profit":1875.0,"transactions":84,"margin":50.0},{"product":"CBD BROAD SPECTRUM TINCTURE - VLASIC","units":50,"revenue":2346.0000610351562,"cost":1312.5,"profit":1033.499984741211,"transactions":46,"margin":44.099998474121094},{"product":"CBD RELIEF CREAM - VLASIC","units":50,"revenue":2304.499969482422,"cost":1187.5,"profit":1116.9999694824219,"transactions":38,"margin":48.5},{"product":"CBN ISOLATE TINCTURE - VLASIC","units":50,"revenue":2296.999969482422,"cost":1187.5,"profit":1109.4999694824219,"transactions":46,"margin":48.29999923706055}],"Elevation Oasis":[{"product":"MUFFINS EIGHTH - VLASIC","units":2388,"revenue":98876.42578125,"cost":44775.0,"profit":54101.42578125,"transactions":1316,"margin":54.70000076293945},{"product":"LEMONATTI EIGHTH - VLASIC","units":1230,"revenue":47136.650390625,"cost":23062.5,"profit":24074.150390625,"transactions":746,"margin":51.099998474121094},{"product":"FORBIDDEN WIFE EIGHTH - VLASIC","units":1080,"revenue":42543.3251953125,"cost":20250.0,"profit":22293.3251953125,"transactions":678,"margin":52.400001525878906},{"product":"SCREWDRIVER EIGHTH - VLASIC","units":650,"revenue":24967.5,"cost":12187.5,"profit":12780.0,"transactions":390,"margin":51.20000076293945},{"product":"DIVORCE CAKE EIGHTH - VLASIC","units":548,"revenue":23230.0,"cost":10275.0,"profit":12955.0,"transactions":396,"margin":55.79999923706055},{"product":"GRAPE CRUSH EIGHTH - VLASIC","units":442,"revenue":17025.0,"cost":8287.5,"profit":8737.5,"transactions":262,"margin":51.29999923706055},{"product":"BANANACONDA EIGHTH - VLASIC","units":268,"revenue":9050.0,"cost":5025.0,"profit":4025.0,"transactions":200,"margin":44.5},{"product":"STANKFACE EIGHTH - VLASIC","units":200,"revenue":7820.0,"cost":3750.0,"profit":4070.0,"transactions":130,"margin":52.0},{"product":"PICKLEBACK EIGHTH - VLASIC","units":200,"revenue":7645.0,"cost":3750.0,"profit":3895.0,"transactions":120,"margin":50.900001525878906},{"product":"ALASKAN THUNDERFU** EIGHTH - VLASIC","units":150,"revenue":5713.900146484375,"cost":2812.5,"profit":2901.400146484375,"transactions":80,"margin":50.79999923706055},{"product":"ZPRITZER EIGHTH - VLASIC","units":100,"revenue":3730.0,"cost":1875.0,"profit":1855.0,"transactions":44,"margin":49.70000076293945},{"product":"CBD RELIEF CREAM - VLASIC","units":74,"revenue":3569.5248413085938,"cost":1757.5,"profit":1812.0249938964844,"transactions":68,"margin":50.79999923706055},{"product":"VIRGINIA COBBLER EIGHTH - VLASIC","units":98,"revenue":3345.0,"cost":1837.5,"profit":1507.5,"transactions":62,"margin":45.099998474121094},{"product":"CBD BROAD SPECTRUM TINCTURE - VLASIC","units":60,"revenue":3143.9999389648438,"cost":1575.0,"profit":1568.9999389648438,"transactions":56,"margin":49.900001525878906},{"product":"CBN ISOLATE TINCTURE - VLASIC","units":60,"revenue":3041.0000610351562,"cost":1425.0,"profit":1616.0000610351562,"transactions":56,"margin":53.099998474121094}],"Elevation Midtown":[{"product":"MUFFINS EIGHTH - VLASIC","units":1444,"revenue":56606.97265625,"cost":26200.0,"profit":30406.97509765625,"transactions":1098,"margin":53.70000076293945},{"product":"FORBIDDEN WIFE EIGHTH - VLASIC","units":598,"revenue":23909.599609375,"cost":11212.5,"profit":12697.099609375,"transactions":462,"margin":53.099998474121094},{"product":"GRAPE CRUSH EIGHTH - VLASIC","units":400,"revenue":14356.14990234375,"cost":7500.0,"profit":6856.14990234375,"transactions":304,"margin":47.79999923706055},{"product":"LEMONATTI EIGHTH - VLASIC","units":344,"revenue":13645.0,"cost":6450.0,"profit":7195.0,"transactions":290,"margin":52.70000076293945},{"product":"SCREWDRIVER EIGHTH - VLASIC","units":350,"revenue":13001.2744140625,"cost":6562.5,"profit":6438.7750244140625,"transactions":274,"margin":49.5},{"product":"DIVORCE CAKE EIGHTH - VLASIC","units":298,"revenue":11268.5498046875,"cost":5587.5,"profit":5681.0498046875,"transactions":240,"margin":50.400001525878906},{"product":"PICKLEBACK EIGHTH - VLASIC","units":200,"revenue":7750.625,"cost":3750.0,"profit":4000.625,"transactions":176,"margin":51.599998474121094},{"product":"ALASKAN THUNDERFU** EIGHTH - VLASIC","units":150,"revenue":5793.75,"cost":2812.5,"profit":2981.25,"transactions":100,"margin":51.5},{"product":"STANKFACE EIGHTH - VLASIC","units":150,"revenue":5762.874755859375,"cost":2812.5,"profit":2950.3750610351562,"transactions":110,"margin":51.20000076293945},{"product":"WILBURS GELATO EIGHTH - VLASIC","units":102,"revenue":3903.22509765625,"cost":1912.5,"profit":1990.7249450683594,"transactions":80,"margin":51.0},{"product":"BANANACONDA EIGHTH - VLASIC","units":90,"revenue":3250.0,"cost":1687.5,"profit":1562.5,"transactions":70,"margin":48.099998474121094},{"product":"CBD BROAD SPECTRUM TINCTURE - VLASIC","units":50,"revenue":2734.5001220703125,"cost":1312.5,"profit":1421.9999694824219,"transactions":50,"margin":52.0},{"product":"CBN ISOLATE TINCTURE - VLASIC","units":50,"revenue":2608.9999389648438,"cost":1187.5,"profit":1421.4999389648438,"transactions":50,"margin":54.5},{"product":"CBD RELIEF CREAM - VLASIC","units":50,"revenue":2230.5499267578125,"cost":1187.5,"profit":1043.0500030517578,"transactions":46,"margin":46.79999923706055},{"product":"CBD FULL SPECTRUM SPORTS ROLL ON - VLASIC","units":40,"revenue":2061.0000610351562,"cost":1050.0,"profit":1010.9999847412109,"transactions":40,"margin":49.099998474121094}],"Elevation Boulevard":[{"product":"MUFFINS EIGHTH - VLASIC","units":1422,"revenue":52187.1240234375,"cost":26662.5,"profit":25524.6240234375,"transactions":1200,"margin":48.900001525878906},{"product":"FORBIDDEN WIFE EIGHTH - VLASIC","units":616,"revenue":22629.02587890625,"cost":11550.0,"profit":11079.024658203125,"transactions":540,"margin":49.0},{"product":"LEMONATTI EIGHTH - VLASIC","units":546,"revenue":19543.5498046875,"cost":10237.5,"profit":9306.0498046875,"transactions":484,"margin":47.599998474121094},{"product":"DIVORCE CAKE EIGHTH - VLASIC","units":302,"revenue":10865.0,"cost":5662.5,"profit":5202.5,"transactions":254,"margin":47.900001525878906},{"product":"SCREWDRIVER EIGHTH - VLASIC","units":300,"revenue":9133.125,"cost":5625.0,"profit":3508.125,"transactions":262,"margin":38.400001525878906},{"product":"PICKLEBACK EIGHTH - VLASIC","units":248,"revenue":8909.249877929688,"cost":4650.0,"profit":4259.2498779296875,"transactions":216,"margin":47.79999923706055},{"product":"GRAPE CRUSH EIGHTH - VLASIC","units":118,"revenue":4413.324890136719,"cost":2212.5,"profit":2200.8250427246094,"transactions":110,"margin":49.900001525878906},{"product":"ALASKAN THUNDERFU** EIGHTH - VLASIC","units":104,"revenue":3815.0,"cost":1950.0,"profit":1865.0,"transactions":80,"margin":48.900001525878906},{"product":"STANKFACE EIGHTH - VLASIC","units":100,"revenue":3601.25,"cost":1875.0,"profit":1726.25,"transactions":92,"margin":47.900001525878906},{"product":"BANANACONDA EIGHTH - VLASIC","units":94,"revenue":3045.0,"cost":1762.5,"profit":1282.5,"transactions":80,"margin":42.099998474121094},{"product":"FRUT LOOPS EIGHTH - VLASIC","units":48,"revenue":1732.5,"cost":900.0,"profit":832.5,"transactions":42,"margin":48.099998474121094},{"product":"ALASKAN THUNDERFUCK EIGHTH - VLASIC","units":4,"revenue":140.0,"cost":75.0,"profit":65.0,"transactions":4,"margin":46.400001525878906},{"product":"VIRGINIA COBBLER EIGHTH - VLASIC","units":4,"revenue":140.0,"cost":75.0,"profit":65.0,"transactions":4,"margin":46.400001525878906}],"Elevation Parkway":[{"product":"MUFFINS EIGHTH - VLASIC","units":1264,"revenue":48873.5498046875,"cost":23700.0,"profit":25173.5498046875,"transactions":1084,"margin":51.5},{"product":"LEMONATTI EIGHTH - VLASIC","units":632,"revenue":24172.7490234375,"cost":11850.0,"profit":12322.750244140625,"transactions":550,"margin":51.0},{"product":"FORBIDDEN WIFE EIGHTH - VLASIC","units":552,"revenue":22106.12548828125,"cost":10350.0,"profit":11756.12548828125,"transactions":496,"margin":53.20000076293945},{"product":"SCREWDRIVER EIGHTH - VLASIC","units":404,"revenue":16310.0,"cost":7575.0,"profit":8735.0,"transactions":378,"margin":53.599998474121094},{"product":"GRAPE CRUSH EIGHTH - VLASIC","units":282,"revenue":11323.525390625,"cost":5287.5,"profit":6036.0247802734375,"transactions":236,"margin":53.29999923706055},{"product":"DIVORCE CAKE EIGHTH - VLASIC","units":250,"revenue":10000.875244140625,"cost":4687.5,"profit":5313.375244140625,"transactions":236,"margin":53.099998474121094},{"product":"BANANACONDA EIGHTH - VLASIC","units":214,"revenue":8065.0,"cost":4012.5,"profit":4052.5,"transactions":196,"margin":50.20000076293945},{"product":"ALASKAN THUNDERFU** EIGHTH - VLASIC","units":150,"revenue":5917.5,"cost":2812.5,"profit":3105.0,"transactions":134,"margin":52.5},{"product":"PICKLEBACK EIGHTH - VLASIC","units":150,"revenue":5558.75,"cost":2812.5,"profit":2746.25,"transactions":140,"margin":49.400001525878906},{"product":"STANKFACE EIGHTH - VLASIC","units":100,"revenue":4021.7501831054688,"cost":1875.0,"profit":2146.750030517578,"transactions":98,"margin":53.400001525878906},{"product":"ZPRITZER EIGHTH - VLASIC","units":50,"revenue":1840.0,"cost":937.5,"profit":902.5,"transactions":22,"margin":49.0},{"product":"CBD BROAD SPECTRUM TINCTURE - VLASIC","units":14,"revenue":695.9999847412109,"cost":367.5,"profit":328.49998474121094,"transactions":14,"margin":47.20000076293945},{"product":"CBN ISOLATE TINCTURE - VLASIC","units":14,"revenue":615.9999847412109,"cost":332.5,"profit":283.50000381469727,"transactions":10,"margin":46.0},{"product":"WATERMELON CBD ISOLATE GUMMIES MINI PACK - VLASIC","units":36,"revenue":252.00000762939453,"cost":180.0,"profit":71.99999809265137,"transactions":18,"margin":28.600000381469727},{"product":"GREEN APPLE CBD BROAD SPECTRUM GUMMIES MINI PACK - VLASIC","units":32,"revenue":218.25000762939453,"cost":160.0,"profit":58.24999809265137,"transactions":16,"margin":26.700000762939453}]},"store_summary":[{"store_clean":"Elevation Oasis","units":8102,"revenue":310666.89453125,"cost":148255.0,"profit":162411.904296875,"discounts":80721.97265625,"margin":52.29999923706055,"discount_rate":20.600000381469727},{"store_clean":"Elevation Springs","units":8324,"revenue":308448.8671875,"cost":155937.5,"profit":152511.376953125,"discounts":105428.623046875,"margin":49.400001525878906,"discount_rate":25.5},{"store_clean":"Elevation Mesa","units":8152,"revenue":297914.39453125,"cost":151056.25,"profit":146858.154296875,"discounts":102513.095703125,"margin":49.29999923706055,"discount_rate":25.600000381469727},{"store_clean":"Elevation Midtown","units":4740,"revenue":176127.87109375,"cost":84980.0,"profit":91147.87109375,"discounts":50069.6240234375,"margin":51.79999923706055,"discount_rate":22.100000381469727},{"store_clean":"Elevation Parkway","units":4162,"revenue":160147.578125,"cost":77030.0,"profit":83117.578125,"discounts":43714.9267578125,"margin":51.900001525878906,"discount_rate":21.399999618530273},{"store_clean":"Elevation Boulevard","units":3906,"revenue":140154.150390625,"cost":73237.5,"profit":66916.650390625,"discounts":55145.849609375,"margin":47.70000076293945,"discount_rate":28.200000762939453}],"recommendations":[{"severity":"info","title":"VOLUME LEVERAGE","detail":"$557,384 revenue provides negotiating leverage.","action":"Use volume as leverage in next vendor meeting."}],"comparison":null}