{"brand":"UB GOOD","date_range":"2024-01-01 00:00:00 to 2026-01-31 00:00:00","period_label":"All Time","summary":{"total_units":16754,"total_revenue":512134.53125,"total_cost":245193.2421875,"total_discounts":92584.94140625,"total_profit":266941.2890625,"overall_margin":52.099998474121094,"fp_margin":58.79999923706055,"disc_margin":42.099998474121094,"pct_full_price":59.900001525878906,"avg_discount_rate":15.300000190734863,"fp_revenue":306560.99609375,"disc_revenue":205573.5546875,"unique_customers":9800,"brand":"UB GOOD","date_range":"2024-01-01 00:00:00 to 2026-01-31 00:00:00","months_count":18,"avg_monthly_cost":27243.699999999997,"cost_per_unit":29.275000000000002,"primary_category":"DISPOSABLE VAPE","primary_cat_margin":52.79999923706055,"category_rank":20,"category_total":35,"margin_vs_category":-0.699999988079071,"velocity_rank":19},"category_breakdown":[{"category_clean":"DISPOSABLE VAPE","units":8050,"revenue":325212.96875,"cost":156312.626953125,"profit":168900.3515625,"discounts":39266.52587890625,"margin":51.900001525878906,"category_avg_margin":52.79999923706055,"vs_category":-0.9,"rank":20.0,"total_brands":35.0},{"category_clean":"EDIBLE","units":6786,"revenue":120780.8203125,"cost":53015.625,"profit":67765.2001953125,"discounts":37756.6748046875,"margin":56.099998474121094,"category_avg_margin":50.0,"vs_category":6.1,"rank":18.0,"total_brands":32.0},{"category_clean":"CARTRIDGE","units":1918,"revenue":66140.751953125,"cost":35865.0,"profit":30275.74951171875,"discounts":15561.75048828125,"margin":45.79999923706055,"category_avg_margin":50.400001525878906,"vs_category":-4.6,"rank":21.0,"total_brands":27.0}],"trend":[{"period":"2024-05","revenue":73878.4228515625,"cost":33620.0,"margin":54.5,"units":2364,"transactions":1750,"profit":40258.42529296875,"revenue_change_pct":null,"units_change_pct":null,"margin_change_pts":null},{"period":"2024-06","revenue":85964.6484375,"cost":40774.375,"margin":52.6,"units":2792,"transactions":2110,"profit":45190.2734375,"revenue_change_pct":16.4,"units_change_pct":18.1,"margin_change_pts":-1.9},{"period":"2024-07","revenue":96076.50390625,"cost":44120.0,"margin":54.1,"units":3386,"transactions":2372,"profit":51956.4990234375,"revenue_change_pct":11.8,"units_change_pct":21.3,"margin_change_pts":1.5},{"period":"2024-08","revenue":110668.876953125,"cost":54364.375,"margin":50.9,"units":3576,"transactions":2156,"profit":56304.501953125,"revenue_change_pct":15.2,"units_change_pct":5.6,"margin_change_pts":-3.2},{"period":"2024-09","revenue":72693.125,"cost":35888.87451171875,"margin":50.6,"units":2338,"transactions":1490,"profit":36804.25048828125,"revenue_change_pct":-34.3,"units_change_pct":-34.6,"margin_change_pts":-0.2},{"period":"2024-10","revenue":48557.1728515625,"cost":22859.375,"margin":52.9,"units":1400,"transactions":1128,"profit":25697.80029296875,"revenue_change_pct":-33.2,"units_change_pct":-40.1,"margin_change_pts":2.3},{"period":"2024-11","revenue":16254.7998046875,"cost":9036.25,"margin":44.4,"units":658,"transactions":532,"profit":7218.5498046875,"revenue_change_pct":-66.5,"units_change_pct":-53.0,"margin_change_pts":-8.5},{"period":"2024-12","revenue":6314.2498779296875,"cost":3425.0,"margin":45.8,"units":178,"transactions":158,"profit":2889.2498779296875,"revenue_change_pct":-61.2,"units_change_pct":-72.9,"margin_change_pts":1.3},{"period":"2025-01","revenue":1726.7500305175781,"cost":1105.0,"margin":36.0,"units":62,"transactions":56,"profit":621.7499923706055,"revenue_change_pct":-72.7,"units_change_pct":-65.2,"margin_change_pts":-9.8}],"share_of_category":[{"category":"DISPOSABLE VAPE","brand_revenue":325212.96875,"category_revenue":30552405.0,"revenue_share_pct":1.100000023841858,"brand_units":8050,"category_units":756548,"units_share_pct":1.1},{"category":"EDIBLE","brand_revenue":120780.8203125,"category_revenue":29378492.5,"revenue_share_pct":0.4000000059604645,"brand_units":6786,"category_units":1706530,"units_share_pct":0.4},{"category":"CARTRIDGE","brand_revenue":66140.751953125,"category_revenue":46155130.0,"revenue_share_pct":0.10000000149011612,"brand_units":1918,"category_units":1532896,"units_share_pct":0.1}],"share_of_category_trend":{"DISPOSABLE VAPE":[{"period":"2024-01","brand_revenue":0.0,"category_revenue":933474.921875,"share_pct":0.0},{"period":"2024-02","brand_revenue":0.0,"category_revenue":877782.109375,"share_pct":0.0},{"period":"2024-03","brand_revenue":0.0,"category_revenue":990692.03125,"share_pct":0.0},{"period":"2024-04","brand_revenue":0.0,"category_revenue":971952.1875,"share_pct":0.0},{"period":"2024-05","brand_revenue":43143.30078125,"category_revenue":1035100.46875,"share_pct":4.199999809265137},{"period":"2024-06","brand_revenue":55702.3486328125,"category_revenue":1039794.21875,"share_pct":5.400000095367432},{"period":"2024-07","brand_revenue":49246.0009765625,"category_revenue":1081636.5625,"share_pct":4.599999904632568},{"period":"2024-08","brand_revenue":76674.27734375,"category_revenue":1098658.125,"share_pct":7.0},{"period":"2024-09","brand_revenue":49768.9990234375,"category_revenue":1056394.53125,"share_pct":4.699999809265137},{"period":"2024-10","brand_revenue":38773.04931640625,"category_revenue":1197041.171875,"share_pct":3.200000047683716},{"period":"2024-11","brand_revenue":8005.4998779296875,"category_revenue":1193980.234375,"share_pct":0.699999988079071},{"period":"2024-12","brand_revenue":2611.4999389648438,"category_revenue":1222008.984375,"share_pct":0.20000000298023224},{"period":"2025-01","brand_revenue":1288.0000305175781,"category_revenue":1100552.421875,"share_pct":0.10000000149011612},{"period":"2025-02","brand_revenue":0.0,"category_revenue":1167271.25,"share_pct":0.0},{"period":"2025-03","brand_revenue":0.0,"category_revenue":1348856.71875,"share_pct":0.0},{"period":"2025-04","brand_revenue":0.0,"category_revenue":1414639.84375,"share_pct":0.0},{"period":"2025-05","brand_revenue":0.0,"category_revenue":1460588.4375,"share_pct":0.0},{"period":"2025-06","brand_revenue":0.0,"category_revenue":1320852.96875,"share_pct":0.0},{"period":"2025-07","brand_revenue":0.0,"category_revenue":1451194.84375,"share_pct":0.0},{"period":"2025-08","brand_revenue":0.0,"category_revenue":1403520.625,"share_pct":0.0},{"period":"2025-09","brand_revenue":0.0,"category_revenue":1317518.125,"share_pct":0.0},{"period":"2025-10","brand_revenue":0.0,"category_revenue":1511693.75,"share_pct":0.0},{"period":"2025-11","brand_revenue":0.0,"category_revenue":1481709.21875,"share_pct":0.0},{"period":"2025-12","brand_revenue":0.0,"category_revenue":1476896.875,"share_pct":0.0},{"period":"2026-01","brand_revenue":0.0,"category_revenue":1398594.84375,"share_pct":0.0}],"EDIBLE":[{"period":"2024-01","brand_revenue":0.0,"category_revenue":1115754.921875,"share_pct":0.0},{"period":"2024-02","brand_revenue":0.0,"category_revenue":1235210.0,"share_pct":0.0},{"period":"2024-03","brand_revenue":0.0,"category_revenue":1273343.671875,"share_pct":0.0},{"period":"2024-04","brand_revenue":0.0,"category_revenue":1298159.0625,"share_pct":0.0},{"period":"2024-05","brand_revenue":14653.599853515625,"category_revenue":1215880.78125,"share_pct":1.2000000476837158},{"period":"2024-06","brand_revenue":18914.300537109375,"category_revenue":1181362.421875,"share_pct":1.600000023841858},{"period":"2024-07","brand_revenue":35769.7509765625,"category_revenue":1128302.8125,"share_pct":3.200000047683716},{"period":"2024-08","brand_revenue":22344.7509765625,"category_revenue":1167724.921875,"share_pct":1.899999976158142},{"period":"2024-09","brand_revenue":16648.62548828125,"category_revenue":1114619.53125,"share_pct":1.5},{"period":"2024-10","brand_revenue":7577.9998779296875,"category_revenue":1205149.0625,"share_pct":0.6000000238418579},{"period":"2024-11","brand_revenue":4871.800231933594,"category_revenue":1236132.421875,"share_pct":0.4000000059604645},{"period":"2024-12","brand_revenue":0.0,"category_revenue":1207318.046875,"share_pct":0.0},{"period":"2025-01","brand_revenue":0.0,"category_revenue":1176202.578125,"share_pct":0.0},{"period":"2025-02","brand_revenue":0.0,"category_revenue":1097683.359375,"share_pct":0.0},{"period":"2025-03","brand_revenue":0.0,"category_revenue":1228067.265625,"share_pct":0.0},{"period":"2025-04","brand_revenue":0.0,"category_revenue":1290106.171875,"share_pct":0.0},{"period":"2025-05","brand_revenue":0.0,"category_revenue":1191670.3125,"share_pct":0.0},{"period":"2025-06","brand_revenue":0.0,"category_revenue":1110702.109375,"share_pct":0.0},{"period":"2025-07","brand_revenue":0.0,"category_revenue":1096938.125,"share_pct":0.0},{"period":"2025-08","brand_revenue":0.0,"category_revenue":1145920.859375,"share_pct":0.0},{"period":"2025-09","brand_revenue":0.0,"category_revenue":1070074.53125,"share_pct":0.0},{"period":"2025-10","brand_revenue":0.0,"category_revenue":1168865.78125,"share_pct":0.0},{"period":"2025-11","brand_revenue":0.0,"category_revenue":1192334.453125,"share_pct":0.0},{"period":"2025-12","brand_revenue":0.0,"category_revenue":1138094.375,"share_pct":0.0},{"period":"2026-01","brand_revenue":0.0,"category_revenue":1092874.21875,"share_pct":0.0}],"CARTRIDGE":[{"period":"2024-01","brand_revenue":0.0,"category_revenue":2057675.625,"share_pct":0.0},{"period":"2024-02","brand_revenue":0.0,"category_revenue":2141777.8125,"share_pct":0.0},{"period":"2024-03","brand_revenue":0.0,"category_revenue":2288552.1875,"share_pct":0.0},{"period":"2024-04","brand_revenue":0.0,"category_revenue":2096820.46875,"share_pct":0.0},{"period":"2024-05","brand_revenue":16081.524658203125,"category_revenue":2138038.59375,"share_pct":0.800000011920929},{"period":"2024-06","brand_revenue":11348.00048828125,"category_revenue":2017623.90625,"share_pct":0.6000000238418579},{"period":"2024-07","brand_revenue":11060.74951171875,"category_revenue":2031918.28125,"share_pct":0.5},{"period":"2024-08","brand_revenue":11649.849853515625,"category_revenue":2132382.65625,"share_pct":0.5},{"period":"2024-09","brand_revenue":6275.4998779296875,"category_revenue":1955407.03125,"share_pct":0.30000001192092896},{"period":"2024-10","brand_revenue":2206.125030517578,"category_revenue":2083993.125,"share_pct":0.10000000149011612},{"period":"2024-11","brand_revenue":3377.5,"category_revenue":2038609.375,"share_pct":0.20000000298023224},{"period":"2024-12","brand_revenue":3702.7499389648438,"category_revenue":2003932.03125,"share_pct":0.20000000298023224},{"period":"2025-01","brand_revenue":438.75,"category_revenue":1921719.21875,"share_pct":0.0},{"period":"2025-02","brand_revenue":0.0,"category_revenue":1668647.5,"share_pct":0.0},{"period":"2025-03","brand_revenue":0.0,"category_revenue":1758711.25,"share_pct":0.0},{"period":"2025-04","brand_revenue":0.0,"category_revenue":1735997.5,"share_pct":0.0},{"period":"2025-05","brand_revenue":0.0,"category_revenue":1688800.46875,"share_pct":0.0},{"period":"2025-06","brand_revenue":0.0,"category_revenue":1594515.0,"share_pct":0.0},{"period":"2025-07","brand_revenue":0.0,"category_revenue":1595739.53125,"share_pct":0.0},{"period":"2025-08","brand_revenue":0.0,"category_revenue":1677489.6875,"share_pct":0.0},{"period":"2025-09","brand_revenue":0.0,"category_revenue":1539547.96875,"share_pct":0.0},{"period":"2025-10","brand_revenue":0.0,"category_revenue":1548909.21875,"share_pct":0.0},{"period":"2025-11","brand_revenue":0.0,"category_revenue":1545430.15625,"share_pct":0.0},{"period":"2025-12","brand_revenue":0.0,"category_revenue":1467828.28125,"share_pct":0.0},{"period":"2026-01","brand_revenue":0.0,"category_revenue":1425064.0625,"share_pct":0.0}]},"discount_depth":[{"tier":"0% (Full Price)","transactions":7394,"pct_of_transactions":53.1,"revenue":306560.99609375,"avg_discount":0.0},{"tier":"1-10%","transactions":686,"pct_of_transactions":4.9,"revenue":27053.75,"avg_discount":19.799999237060547},{"tier":"11-20%","transactions":352,"pct_of_transactions":2.5,"revenue":18210.47607421875,"avg_discount":34.400001525878906},{"tier":"21-30%","transactions":882,"pct_of_transactions":6.3,"revenue":29805.54931640625,"avg_discount":58.400001525878906},{"tier":"31%+","transactions":2150,"pct_of_transactions":15.4,"revenue":59130.029296875,"avg_discount":85.5999984741211}],"velocity":{"units_per_day":68.38,"revenue_per_day":2090.3500366210938,"avg_units_per_txn":2.86,"days_of_data":245,"total_units":16754,"total_transactions":11752},"velocity_by_category":[{"category":"DISPOSABLE VAPE","brand_units_per_day":10.56,"category_avg_units_per_day":28.36,"velocity_index":37.2,"brand_rev_per_unit":32.32,"category_rev_per_unit":32.31,"brands_in_category":35},{"category":"EDIBLE","brand_units_per_day":8.9,"category_avg_units_per_day":69.98,"velocity_index":12.7,"brand_rev_per_unit":14.24,"category_rev_per_unit":13.77,"brands_in_category":32},{"category":"CARTRIDGE","brand_units_per_day":2.52,"category_avg_units_per_day":74.5,"velocity_index":3.4,"brand_rev_per_unit":27.59,"category_rev_per_unit":24.09,"brands_in_category":27}],"deals":[{"deal_name":"Industry - 30% Off","times_used":1746,"units":2074.0,"revenue":58153.6993932724,"discounts":25129.80015695095,"cost":34726.89999999944,"profit":23426.79990333505,"pre_discount_revenue":83283.5000038147,"margin":40.3,"avg_discount":60.4},{"deal_name":"UB Good Edibles - 4 for $40","times_used":364,"units":1704.0,"revenue":21345.999994277954,"discounts":18914.000000953674,"cost":13312.5,"profit":8033.5000014305115,"pre_discount_revenue":40260.0,"margin":37.6,"avg_discount":94.0},{"deal_name":"30% Off Special","times_used":238,"units":270.0,"revenue":7029.999988079071,"discounts":3030.0000381469727,"cost":4278.125,"profit":2751.874978542328,"pre_discount_revenue":10060.0,"margin":39.1,"avg_discount":60.2},{"deal_name":"30% OFF UB GOOD","times_used":234,"units":300.0,"revenue":7331.249959468842,"discounts":3161.250067949295,"cost":4355.625,"profit":2975.624950379133,"pre_discount_revenue":10492.5,"margin":40.6,"avg_discount":60.2},{"deal_name":"Senior - 10% Off","times_used":232,"units":330.0,"revenue":9676.750030517578,"discounts":1130.7500046491623,"cost":4237.5,"profit":5439.250113964081,"pre_discount_revenue":10807.5,"margin":56.2,"avg_discount":21.0},{"deal_name":"UBGood Edibles B2G1","times_used":154,"units":551.0,"revenue":8535.812225341797,"discounts":4430.43746471405,"cost":4304.6875,"profit":4231.125028729439,"pre_discount_revenue":12966.25,"margin":49.6,"avg_discount":68.4},{"deal_name":"Veterans - 10% Off","times_used":124,"units":173.0,"revenue":6210.012474060059,"discounts":713.7375092506409,"cost":2874.0625,"profit":3335.9500539302826,"pre_discount_revenue":6923.75,"margin":53.7,"avg_discount":20.6},{"deal_name":"UBGood Disposables 3 for $60","times_used":94,"units":294.0,"revenue":7350.0,"discounts":4350.0,"cost":5085.0,"profit":2265.0,"pre_discount_revenue":11700.0,"margin":30.8,"avg_discount":74.4},{"deal_name":"UBGood Carts/ Disposables B2G1","times_used":76,"units":232.0,"revenue":6066.025137901306,"discounts":3308.9750051498413,"cost":4205.0,"profit":1861.0250198841095,"pre_discount_revenue":9375.0,"margin":30.7,"avg_discount":70.6},{"deal_name":"UB Good Rosin Disposables - 2 for $100","times_used":72,"units":154.0,"revenue":9645.0,"discounts":1520.0,"cost":4812.5,"profit":4832.5,"pre_discount_revenue":11165.0,"margin":50.1,"avg_discount":27.2},{"deal_name":"Jackpot - Locals 30% Off","times_used":58,"units":78.0,"revenue":2035.2499890327454,"discounts":872.2500109672546,"cost":1208.75,"profit":826.499992609024,"pre_discount_revenue":2907.5,"margin":40.6,"avg_discount":60.0},{"deal_name":"Senior / Veterans - 20% Off","times_used":58,"units":96.0,"revenue":2675.9000062942505,"discounts":657.1000009775162,"cost":1310.0,"profit":1365.8999967575073,"pre_discount_revenue":3333.0000019073486,"margin":51.0,"avg_discount":39.4},{"deal_name":"Employee 30% - NOT FRIDAYS","times_used":18,"units":18.0,"revenue":691.2499809265137,"discounts":296.2499952316284,"cost":416.25,"profit":275.0000047683716,"pre_discount_revenue":987.5,"margin":39.8,"avg_discount":60.0},{"deal_name":"Employee - 40% OFF","times_used":8,"units":12.0,"revenue":487.49999046325684,"discounts":325.00000953674316,"cost":350.0,"profit":137.5000023841858,"pre_discount_revenue":812.5,"margin":28.2,"avg_discount":80.0},{"deal_name":"UBGood Distillate Disposables B2G1","times_used":8,"units":28.0,"revenue":800.1000022888184,"discounts":319.89999771118164,"cost":490.0,"profit":310.0999975204468,"pre_discount_revenue":1120.0,"margin":38.8,"avg_discount":57.2},{"deal_name":"LVAC - 25% Off","times_used":4,"units":4.0,"revenue":136.875,"discounts":45.625,"cost":78.125,"profit":58.75,"pre_discount_revenue":182.5,"margin":42.9,"avg_discount":50.0}],"top_products":[{"product":"PINK LEMONADE DISPOSABLE VAPE - UB GOOD","units":1740,"revenue":61137.59765625,"cost":29490.0,"profit":31647.60009765625,"transactions":1600,"margin":51.79999923706055},{"product":"WATERMELON PUNCH DISPOSABLE VAPE - UB GOOD","units":1710,"revenue":60558.3740234375,"cost":28590.0,"profit":31968.3740234375,"transactions":1600,"margin":52.79999923706055},{"product":"CHERRY LIMEADE DISPOSABLE VAPE - UB GOOD","units":1640,"revenue":58187.0263671875,"cost":27635.0,"profit":30552.02392578125,"transactions":1540,"margin":52.5},{"product":"BANANA SPLIT DISPOSABLE VAPE - UB GOOD","units":1504,"revenue":52122.373046875,"cost":25015.12451171875,"profit":27107.2509765625,"transactions":1408,"margin":52.0},{"product":"BLUE RUSH CART - UB GOOD","units":1036,"revenue":34685.74951171875,"cost":19360.0,"profit":15325.74951171875,"transactions":854,"margin":44.20000076293945},{"product":"10:1 CBD/THC JUICY PEAR GUMMIES - UB GOOD","units":1666,"revenue":32085.74951171875,"cost":13015.625,"profit":19070.12451171875,"transactions":1248,"margin":59.400001525878906},{"product":"PINEAPPLE CAKE CART - UB GOOD","units":882,"revenue":31455.0,"cost":16505.0,"profit":14950.0,"transactions":776,"margin":47.5},{"product":"KIWI DRAGONFRUIT SATIVA GUMMIES - UB GOOD","units":1542,"revenue":26988.125,"cost":12046.875,"profit":14941.25,"transactions":1094,"margin":55.400001525878906},{"product":"GRAPES N CREAM HASH ROSIN DISPOSABLE VAPE - UB GOOD","units":394,"revenue":25260.849609375,"cost":12312.5,"profit":12948.349609375,"transactions":382,"margin":51.29999923706055},{"product":"1:1 THC/CBN RAZZZBERRY INDICA GUMMIES - UB GOOD","units":1374,"revenue":24109.07470703125,"cost":10734.375,"profit":13374.69970703125,"transactions":868,"margin":55.5},{"product":"WILD BERRY HIBISCUS HYBRID GUMMIES - UB GOOD","units":1138,"revenue":19741.77490234375,"cost":8890.625,"profit":10851.14990234375,"transactions":740,"margin":55.0},{"product":"BTY OG HASH ROSIN DISPOSABLE VAPE - UB GOOD","units":298,"revenue":18860.74951171875,"cost":9312.5,"profit":9548.250122070312,"transactions":280,"margin":50.599998474121094},{"product":"1:1 THC/CBG GINGER PEACH HYBRID GUMMIES - UB GOOD","units":1066,"revenue":17856.099853515625,"cost":8328.125,"profit":9527.974853515625,"transactions":792,"margin":53.400001525878906},{"product":"HEAD HUNTER HASH ROSIN DISPOSABLE VAPE - UB GOOD","units":200,"revenue":13080.250244140625,"cost":6250.0,"profit":6830.250244140625,"transactions":192,"margin":52.20000076293945},{"product":"LEMON BANGER HASH ROSIN DISPOSABLE VAPE - UB GOOD","units":182,"revenue":12006.25,"cost":5770.0,"profit":6236.25,"transactions":176,"margin":51.900001525878906},{"product":"ZKITTLEZ HASH ROSIN DISPOSABLE VAPE - UB GOOD","units":100,"revenue":6284.749755859375,"cost":3125.0,"profit":3159.7500610351562,"transactions":100,"margin":50.29999923706055},{"product":"ACAI LEMONADE HASH ROSIN DISPOSABLE VAPE - UB GOOD","units":98,"revenue":6107.5,"cost":3062.5,"profit":3045.0,"transactions":96,"margin":49.900001525878906},{"product":"CADILLAC RAINBOWS HASH ROSIN DISPOSABLE VAPE - UB GOOD","units":88,"revenue":5807.0001220703125,"cost":2750.0,"profit":3057.0001220703125,"transactions":82,"margin":52.599998474121094},{"product":"GLITTER BOMB HASH ROSIN DISPOSABLE VAPE - UB GOOD","units":96,"revenue":5800.250244140625,"cost":3000.0,"profit":2800.2499389648438,"transactions":88,"margin":48.29999923706055}],"products_by_store":{"Elevation Springs":[{"product":"BANANA SPLIT DISPOSABLE VAPE - UB GOOD","units":328,"revenue":11523.00048828125,"cost":5560.0,"profit":5962.9998779296875,"transactions":318,"margin":51.70000076293945},{"product":"CHERRY LIMEADE DISPOSABLE VAPE - UB GOOD","units":282,"revenue":9938.499755859375,"cost":4815.0,"profit":5123.499755859375,"transactions":276,"margin":51.599998474121094},{"product":"PINK LEMONADE DISPOSABLE VAPE - UB GOOD","units":286,"revenue":9600.125122070312,"cost":4920.0,"profit":4680.1251220703125,"transactions":252,"margin":48.79999923706055},{"product":"WATERMELON PUNCH DISPOSABLE VAPE - UB GOOD","units":270,"revenue":9307.999877929688,"cost":4615.0,"profit":4692.9998779296875,"transactions":262,"margin":50.400001525878906},{"product":"10:1 CBD/THC JUICY PEAR GUMMIES - UB GOOD","units":386,"revenue":7269.100341796875,"cost":3015.625,"profit":4253.475036621094,"transactions":284,"margin":58.5},{"product":"BLUE RUSH CART - UB GOOD","units":186,"revenue":5976.25,"cost":3422.5,"profit":2553.75,"transactions":146,"margin":42.70000076293945},{"product":"KIWI DRAGONFRUIT SATIVA GUMMIES - UB GOOD","units":282,"revenue":4719.549865722656,"cost":2203.125,"profit":2516.425018310547,"transactions":206,"margin":53.29999923706055},{"product":"GRAPES N CREAM HASH ROSIN DISPOSABLE VAPE - UB GOOD","units":74,"revenue":4471.25,"cost":2312.5,"profit":2158.75,"transactions":72,"margin":48.29999923706055},{"product":"BTY OG HASH ROSIN DISPOSABLE VAPE - UB GOOD","units":72,"revenue":4338.999938964844,"cost":2250.0,"profit":2088.9999389648438,"transactions":70,"margin":48.099998474121094},{"product":"1:1 THC/CBN RAZZZBERRY INDICA GUMMIES - UB GOOD","units":238,"revenue":4224.5001220703125,"cost":1859.375,"profit":2365.124969482422,"transactions":132,"margin":56.0},{"product":"PINEAPPLE CAKE CART - UB GOOD","units":98,"revenue":3292.5,"cost":1805.0,"profit":1487.5,"transactions":90,"margin":45.20000076293945},{"product":"HEAD HUNTER HASH ROSIN DISPOSABLE VAPE - UB GOOD","units":50,"revenue":3106.4999389648438,"cost":1562.5,"profit":1543.9999389648438,"transactions":48,"margin":49.70000076293945},{"product":"1:1 THC/CBG GINGER PEACH HYBRID GUMMIES - UB GOOD","units":172,"revenue":2827.1499633789062,"cost":1343.75,"profit":1483.3999633789062,"transactions":136,"margin":52.5},{"product":"WILD BERRY HIBISCUS HYBRID GUMMIES - UB GOOD","units":140,"revenue":2339.0249633789062,"cost":1093.75,"profit":1245.2749633789062,"transactions":110,"margin":53.20000076293945},{"product":"CADILLAC RAINBOWS HASH ROSIN DISPOSABLE VAPE - UB GOOD","units":20,"revenue":1305.0,"cost":625.0,"profit":680.0,"transactions":20,"margin":52.099998474121094}],"Elevation Mesa":[{"product":"PINK LEMONADE DISPOSABLE VAPE - UB GOOD","units":284,"revenue":9736.500244140625,"cost":4650.0,"profit":5086.499938964844,"transactions":260,"margin":52.20000076293945},{"product":"WATERMELON PUNCH DISPOSABLE VAPE - UB GOOD","units":280,"revenue":9613.524780273438,"cost":4445.0,"profit":5168.5247802734375,"transactions":254,"margin":53.79999923706055},{"product":"CHERRY LIMEADE DISPOSABLE VAPE - UB GOOD","units":276,"revenue":9311.525268554688,"cost":4425.0,"profit":4886.524963378906,"transactions":258,"margin":52.5},{"product":"BANANA SPLIT DISPOSABLE VAPE - UB GOOD","units":272,"revenue":8761.300048828125,"cost":4325.0,"profit":4436.300048828125,"transactions":256,"margin":50.599998474121094},{"product":"BLUE RUSH CART - UB GOOD","units":148,"revenue":4520.1251220703125,"cost":2775.0,"profit":1745.1249694824219,"transactions":124,"margin":38.599998474121094},{"product":"1:1 THC/CBN RAZZZBERRY INDICA GUMMIES - UB GOOD","units":242,"revenue":4195.325012207031,"cost":1890.625,"profit":2304.7000122070312,"transactions":182,"margin":54.900001525878906},{"product":"KIWI DRAGONFRUIT SATIVA GUMMIES - UB GOOD","units":242,"revenue":4008.275146484375,"cost":1890.625,"profit":2117.6499938964844,"transactions":188,"margin":52.79999923706055},{"product":"10:1 CBD/THC JUICY PEAR GUMMIES - UB GOOD","units":192,"revenue":3772.3001098632812,"cost":1500.0,"profit":2272.2999572753906,"transactions":142,"margin":60.20000076293945},{"product":"PINEAPPLE CAKE CART - UB GOOD","units":98,"revenue":3343.75,"cost":1837.5,"profit":1506.25,"transactions":92,"margin":45.0},{"product":"1:1 THC/CBG GINGER PEACH HYBRID GUMMIES - UB GOOD","units":182,"revenue":3136.35009765625,"cost":1421.875,"profit":1714.4749450683594,"transactions":144,"margin":54.70000076293945},{"product":"WILD BERRY HIBISCUS HYBRID GUMMIES - UB GOOD","units":188,"revenue":3025.8248901367188,"cost":1468.75,"profit":1557.0750427246094,"transactions":114,"margin":51.5},{"product":"BTY OG HASH ROSIN DISPOSABLE VAPE - UB GOOD","units":26,"revenue":1475.7499694824219,"cost":812.5,"profit":663.2499694824219,"transactions":26,"margin":44.900001525878906},{"product":"ACAI LEMONADE HASH ROSIN DISPOSABLE VAPE - UB GOOD","units":20,"revenue":1250.5000305175781,"cost":625.0,"profit":625.4999923706055,"transactions":20,"margin":50.0},{"product":"ZKITTLEZ HASH ROSIN DISPOSABLE VAPE - UB GOOD","units":20,"revenue":1213.75,"cost":625.0,"profit":588.75,"transactions":20,"margin":48.5},{"product":"GRAPES N CREAM HASH ROSIN DISPOSABLE VAPE - UB GOOD","units":22,"revenue":1183.499984741211,"cost":687.5,"profit":495.99998474121094,"transactions":22,"margin":41.900001525878906}],"Elevation Oasis":[{"product":"WATERMELON PUNCH DISPOSABLE VAPE - UB GOOD","units":362,"revenue":13616.55029296875,"cost":6085.0,"profit":7531.55029296875,"transactions":330,"margin":55.29999923706055},{"product":"CHERRY LIMEADE DISPOSABLE VAPE - UB GOOD","units":334,"revenue":12435.250244140625,"cost":5720.0,"profit":6715.250244140625,"transactions":298,"margin":54.0},{"product":"PINK LEMONADE DISPOSABLE VAPE - UB GOOD","units":322,"revenue":11989.89990234375,"cost":5635.0,"profit":6354.89990234375,"transactions":282,"margin":53.0},{"product":"BLUE RUSH CART - UB GOOD","units":262,"revenue":8624.349975585938,"cost":4912.5,"profit":3711.8499755859375,"transactions":180,"margin":43.0},{"product":"PINEAPPLE CAKE CART - UB GOOD","units":200,"revenue":7595.1251220703125,"cost":3750.0,"profit":3845.1251220703125,"transactions":152,"margin":50.599998474121094},{"product":"BANANA SPLIT DISPOSABLE VAPE - UB GOOD","units":218,"revenue":7567.025146484375,"cost":3700.0,"profit":3867.025146484375,"transactions":176,"margin":51.099998474121094},{"product":"10:1 CBD/THC JUICY PEAR GUMMIES - UB GOOD","units":340,"revenue":6198.85009765625,"cost":2656.25,"profit":3542.60009765625,"transactions":202,"margin":57.099998474121094},{"product":"WILD BERRY HIBISCUS HYBRID GUMMIES - UB GOOD","units":328,"revenue":5607.8997802734375,"cost":2562.5,"profit":3045.4000854492188,"transactions":168,"margin":54.29999923706055},{"product":"KIWI DRAGONFRUIT SATIVA GUMMIES - UB GOOD","units":288,"revenue":5274.625244140625,"cost":2250.0,"profit":3024.6249389648438,"transactions":172,"margin":57.29999923706055},{"product":"1:1 THC/CBG GINGER PEACH HYBRID GUMMIES - UB GOOD","units":274,"revenue":4738.924865722656,"cost":2140.625,"profit":2598.2998657226562,"transactions":170,"margin":54.79999923706055},{"product":"1:1 THC/CBN RAZZZBERRY INDICA GUMMIES - UB GOOD","units":272,"revenue":4715.975036621094,"cost":2125.0,"profit":2590.9750366210938,"transactions":120,"margin":54.900001525878906},{"product":"HEAD HUNTER HASH ROSIN DISPOSABLE VAPE - UB GOOD","units":50,"revenue":3316.4999389648438,"cost":1562.5,"profit":1753.9999389648438,"transactions":46,"margin":52.900001525878906},{"product":"BTY OG HASH ROSIN DISPOSABLE VAPE - UB GOOD","units":26,"revenue":1805.2499389648438,"cost":812.5,"profit":992.7500152587891,"transactions":24,"margin":55.0},{"product":"GRAPES N CREAM HASH ROSIN DISPOSABLE VAPE - UB GOOD","units":24,"revenue":1647.5,"cost":750.0,"profit":897.5,"transactions":24,"margin":54.5},{"product":"LEMON BANGER HASH ROSIN DISPOSABLE VAPE - UB GOOD","units":22,"revenue":1475.0,"cost":687.5,"profit":787.5,"transactions":16,"margin":53.400001525878906}],"Elevation Midtown":[{"product":"CHERRY LIMEADE DISPOSABLE VAPE - UB GOOD","units":296,"revenue":10755.250244140625,"cost":5180.0,"profit":5575.250244140625,"transactions":282,"margin":51.79999923706055},{"product":"PINK LEMONADE DISPOSABLE VAPE - UB GOOD","units":286,"revenue":10169.025268554688,"cost":5005.0,"profit":5164.0252685546875,"transactions":276,"margin":50.79999923706055},{"product":"BANANA SPLIT DISPOSABLE VAPE - UB GOOD","units":256,"revenue":9158.499755859375,"cost":4305.1251220703125,"profit":4853.374938964844,"transactions":250,"margin":53.0},{"product":"BLUE RUSH CART - UB GOOD","units":240,"revenue":9122.775268554688,"cost":4500.0,"profit":4622.774963378906,"transactions":222,"margin":50.70000076293945},{"product":"WATERMELON PUNCH DISPOSABLE VAPE - UB GOOD","units":220,"revenue":7610.775146484375,"cost":3850.0,"profit":3760.775146484375,"transactions":208,"margin":49.400001525878906},{"product":"PINEAPPLE CAKE CART - UB GOOD","units":188,"revenue":7193.75,"cost":3525.0,"profit":3668.75,"transactions":170,"margin":51.0},{"product":"GRAPES N CREAM HASH ROSIN DISPOSABLE VAPE - UB GOOD","units":76,"revenue":4922.5,"cost":2375.0,"profit":2547.5,"transactions":74,"margin":51.79999923706055},{"product":"10:1 CBD/THC JUICY PEAR GUMMIES - UB GOOD","units":228,"revenue":4522.5750732421875,"cost":1781.25,"profit":2741.3250732421875,"transactions":192,"margin":60.599998474121094},{"product":"1:1 THC/CBN RAZZZBERRY INDICA GUMMIES - UB GOOD","units":222,"revenue":4100.400085449219,"cost":1734.375,"profit":2366.0250854492188,"transactions":138,"margin":57.70000076293945},{"product":"KIWI DRAGONFRUIT SATIVA GUMMIES - UB GOOD","units":184,"revenue":3245.3750610351562,"cost":1437.5,"profit":1807.8750610351562,"transactions":128,"margin":55.70000076293945},{"product":"1:1 THC/CBG GINGER PEACH HYBRID GUMMIES - UB GOOD","units":176,"revenue":3211.6500854492188,"cost":1375.0,"profit":1836.6500854492188,"transactions":120,"margin":57.20000076293945},{"product":"LEMON BANGER HASH ROSIN DISPOSABLE VAPE - UB GOOD","units":40,"revenue":2709.5001220703125,"cost":1250.0,"profit":1459.4999694824219,"transactions":40,"margin":53.900001525878906},{"product":"WILD BERRY HIBISCUS HYBRID GUMMIES - UB GOOD","units":136,"revenue":2571.3250732421875,"cost":1062.5,"profit":1508.8250732421875,"transactions":92,"margin":58.70000076293945},{"product":"BTY OG HASH ROSIN DISPOSABLE VAPE - UB GOOD","units":22,"revenue":1433.5000610351562,"cost":687.5,"profit":745.9999847412109,"transactions":20,"margin":52.0}],"Elevation Boulevard":[{"product":"WATERMELON PUNCH DISPOSABLE VAPE - UB GOOD","units":190,"revenue":6283.5247802734375,"cost":3325.0,"profit":2958.5250854492188,"transactions":174,"margin":47.099998474121094},{"product":"PINK LEMONADE DISPOSABLE VAPE - UB GOOD","units":182,"revenue":5844.0496826171875,"cost":3185.0,"profit":2659.0499877929688,"transactions":162,"margin":45.5},{"product":"CHERRY LIMEADE DISPOSABLE VAPE - UB GOOD","units":170,"revenue":5775.999755859375,"cost":2975.0,"profit":2801.0000610351562,"transactions":160,"margin":48.5},{"product":"BANANA SPLIT DISPOSABLE VAPE - UB GOOD","units":142,"revenue":4918.500061035156,"cost":2485.0,"profit":2433.4999084472656,"transactions":140,"margin":49.5},{"product":"1:1 THC/CBN RAZZZBERRY INDICA GUMMIES - UB GOOD","units":292,"revenue":4704.2999267578125,"cost":2281.25,"profit":2423.0499267578125,"transactions":212,"margin":51.5},{"product":"KIWI DRAGONFRUIT SATIVA GUMMIES - UB GOOD","units":240,"revenue":3420.2999877929688,"cost":1875.0,"profit":1545.2999877929688,"transactions":160,"margin":45.20000076293945},{"product":"10:1 CBD/THC JUICY PEAR GUMMIES - UB GOOD","units":186,"revenue":3286.1248779296875,"cost":1453.125,"profit":1833.0000305175781,"transactions":144,"margin":55.79999923706055},{"product":"BLUE RUSH CART - UB GOOD","units":100,"revenue":3211.25,"cost":1875.0,"profit":1336.25,"transactions":90,"margin":41.599998474121094},{"product":"PINEAPPLE CAKE CART - UB GOOD","units":98,"revenue":3147.9998779296875,"cost":1837.5,"profit":1310.5000305175781,"transactions":96,"margin":41.599998474121094},{"product":"1:1 THC/CBG GINGER PEACH HYBRID GUMMIES - UB GOOD","units":166,"revenue":2065.7749938964844,"cost":1296.875,"profit":768.8999938964844,"transactions":136,"margin":37.20000076293945},{"product":"WILD BERRY HIBISCUS HYBRID GUMMIES - UB GOOD","units":114,"revenue":1760.7499694824219,"cost":890.625,"profit":870.1249694824219,"transactions":80,"margin":49.400001525878906},{"product":"GRAPES N CREAM HASH ROSIN DISPOSABLE VAPE - UB GOOD","units":24,"revenue":1433.5000610351562,"cost":750.0,"profit":683.4999847412109,"transactions":22,"margin":47.70000076293945},{"product":"BTY OG HASH ROSIN DISPOSABLE VAPE - UB GOOD","units":26,"revenue":1433.4999084472656,"cost":812.5,"profit":621.0000228881836,"transactions":20,"margin":43.29999923706055},{"product":"ZKITTLEZ HASH ROSIN DISPOSABLE VAPE - UB GOOD","units":20,"revenue":1201.500015258789,"cost":625.0,"profit":576.5000152587891,"transactions":20,"margin":48.0},{"product":"ACAI LEMONADE HASH ROSIN DISPOSABLE VAPE - UB GOOD","units":20,"revenue":1152.5,"cost":625.0,"profit":527.5,"transactions":18,"margin":45.79999923706055}],"Elevation Parkway":[{"product":"WATERMELON PUNCH DISPOSABLE VAPE - UB GOOD","units":388,"revenue":14125.999755859375,"cost":6270.0,"profit":7855.999755859375,"transactions":372,"margin":55.599998474121094},{"product":"PINK LEMONADE DISPOSABLE VAPE - UB GOOD","units":380,"revenue":13798.00048828125,"cost":6095.0,"profit":7702.9998779296875,"transactions":368,"margin":55.79999923706055},{"product":"GRAPES N CREAM HASH ROSIN DISPOSABLE VAPE - UB GOOD","units":174,"revenue":11602.60009765625,"cost":5437.5,"profit":6165.10009765625,"transactions":168,"margin":53.099998474121094},{"product":"BANANA SPLIT DISPOSABLE VAPE - UB GOOD","units":288,"revenue":10194.05029296875,"cost":4640.0,"profit":5554.05029296875,"transactions":268,"margin":54.5},{"product":"CHERRY LIMEADE DISPOSABLE VAPE - UB GOOD","units":282,"revenue":9970.499877929688,"cost":4520.0,"profit":5450.4998779296875,"transactions":266,"margin":54.70000076293945},{"product":"BTY OG HASH ROSIN DISPOSABLE VAPE - UB GOOD","units":126,"revenue":8373.75,"cost":3937.5,"profit":4436.25,"transactions":120,"margin":53.0},{"product":"10:1 CBD/THC JUICY PEAR GUMMIES - UB GOOD","units":334,"revenue":7036.7999267578125,"cost":2609.375,"profit":4427.4249267578125,"transactions":284,"margin":62.900001525878906},{"product":"PINEAPPLE CAKE CART - UB GOOD","units":200,"revenue":6881.875,"cost":3750.0,"profit":3131.875,"transactions":176,"margin":45.5},{"product":"LEMON BANGER HASH ROSIN DISPOSABLE VAPE - UB GOOD","units":100,"revenue":6710.7501220703125,"cost":3207.5,"profit":3503.2501220703125,"transactions":100,"margin":52.20000076293945},{"product":"HEAD HUNTER HASH ROSIN DISPOSABLE VAPE - UB GOOD","units":100,"revenue":6657.249755859375,"cost":3125.0,"profit":3532.2500610351562,"transactions":98,"margin":53.099998474121094},{"product":"KIWI DRAGONFRUIT SATIVA GUMMIES - UB GOOD","units":306,"revenue":6320.0,"cost":2390.625,"profit":3929.375,"transactions":240,"margin":62.20000076293945},{"product":"WILD BERRY HIBISCUS HYBRID GUMMIES - UB GOOD","units":232,"revenue":4436.9500732421875,"cost":1812.5,"profit":2624.4500732421875,"transactions":176,"margin":59.099998474121094},{"product":"CADILLAC RAINBOWS HASH ROSIN DISPOSABLE VAPE - UB GOOD","units":50,"revenue":3335.0,"cost":1562.5,"profit":1772.5,"transactions":46,"margin":53.099998474121094},{"product":"BLUE RUSH CART - UB GOOD","units":100,"revenue":3231.0000610351562,"cost":1875.0,"profit":1356.0000610351562,"transactions":92,"margin":42.0},{"product":"1:1 THC/CBN RAZZZBERRY INDICA GUMMIES - UB GOOD","units":108,"revenue":2168.574981689453,"cost":843.75,"profit":1324.8249816894531,"transactions":84,"margin":61.099998474121094}]},"store_summary":[{"store_clean":"Elevation Parkway","units":3320,"revenue":120539.853515625,"cost":54576.25,"profit":65963.5986328125,"discounts":12967.650146484375,"margin":54.70000076293945,"discount_rate":9.699999809265137},{"store_clean":"Elevation Oasis","units":3400,"revenue":101590.9765625,"cost":47786.875,"profit":53804.1015625,"discounts":16778.525390625,"margin":53.0,"discount_rate":14.199999809265137},{"store_clean":"Elevation Springs","units":2964,"revenue":89101.953125,"cost":43903.125,"profit":45198.8232421875,"discounts":19558.050537109375,"margin":50.70000076293945,"discount_rate":18.0},{"store_clean":"Elevation Midtown","units":2570,"revenue":80726.8994140625,"cost":38068.24951171875,"profit":42658.65234375,"discounts":12240.6005859375,"margin":52.79999923706055,"discount_rate":13.199999809265137},{"store_clean":"Elevation Mesa","units":2512,"revenue":69598.30078125,"cost":34004.375,"profit":35593.92578125,"discounts":16001.700439453125,"margin":51.099998474121094,"discount_rate":18.700000762939453},{"store_clean":"Elevation Boulevard","units":1988,"revenue":50576.5771484375,"cost":26854.375,"profit":23722.19970703125,"discounts":15038.42529296875,"margin":46.900001525878906,"discount_rate":22.899999618530273}],"recommendations":[{"severity":"info","title":"VOLUME LEVERAGE","detail":"$204,854 revenue provides negotiating leverage.","action":"Use volume as leverage in next vendor meeting."}],"comparison":null}