{"brand":"HAZE","date_range":"2024-01-01 00:00:00 to 2026-01-31 00:00:00","period_label":"All Time","summary":{"total_units":1414,"total_revenue":53599.0234375,"total_cost":30931.25,"total_discounts":19445.9765625,"total_profit":22667.7734375,"overall_margin":42.29999923706055,"fp_margin":58.20000076293945,"disc_margin":34.400001525878906,"pct_full_price":33.20000076293945,"avg_discount_rate":26.600000381469727,"fp_revenue":17812.5,"disc_revenue":35786.52099609375,"brand":"HAZE","date_range":"2024-01-01 00:00:00 to 2026-01-31 00:00:00","primary_category":"CONCENTRATE","store_coverage":"6/7","stores_present":["Elevation Springs","Elevation Mesa","Elevation Oasis","Elevation Midtown","Elevation Boulevard","Elevation Parkway"],"stores_missing":["Elevation Downtown"],"velocity_rank":15,"velocity_total":27},"distribution":[{"store":"Elevation Springs","carries_brand":true,"sku_count":6,"revenue":13312.24853515625,"units":350,"store_total_revenue":51138750.0,"brand_share_pct":0.0},{"store":"Elevation Mesa","carries_brand":true,"sku_count":4,"revenue":8943.024291992188,"units":248,"store_total_revenue":47532240.0,"brand_share_pct":0.0},{"store":"Elevation Oasis","carries_brand":true,"sku_count":6,"revenue":10062.249145507812,"units":250,"store_total_revenue":56050145.0,"brand_share_pct":0.0},{"store":"Elevation Downtown","carries_brand":false,"sku_count":0,"revenue":0.0,"units":0,"store_total_revenue":1945237.1875,"brand_share_pct":0},{"store":"Elevation Midtown","carries_brand":true,"sku_count":6,"revenue":7535.0,"units":198,"store_total_revenue":30850185.0,"brand_share_pct":0.0},{"store":"Elevation Boulevard","carries_brand":true,"sku_count":4,"revenue":6733.7493896484375,"units":196,"store_total_revenue":28757865.0,"brand_share_pct":0.0},{"store":"Elevation Parkway","carries_brand":true,"sku_count":6,"revenue":7012.750244140625,"units":172,"store_total_revenue":21987007.5,"brand_share_pct":0.0}],"share_of_category":[{"category":"CONCENTRATE","brand_revenue":53599.0234375,"category_revenue":7866357.5,"revenue_share_pct":0.699999988079071,"brand_units":1414,"category_units":316632,"units_share_pct":0.4}],"share_of_category_trend":{"CONCENTRATE":[{"period":"2024-01","brand_revenue":0.0,"category_revenue":351129.609375,"share_pct":0.0},{"period":"2024-02","brand_revenue":0.0,"category_revenue":371224.4921875,"share_pct":0.0},{"period":"2024-03","brand_revenue":0.0,"category_revenue":375964.296875,"share_pct":0.0},{"period":"2024-04","brand_revenue":0.0,"category_revenue":352745.859375,"share_pct":0.0},{"period":"2024-05","brand_revenue":0.0,"category_revenue":346027.5,"share_pct":0.0},{"period":"2024-06","brand_revenue":0.0,"category_revenue":310723.3984375,"share_pct":0.0},{"period":"2024-07","brand_revenue":0.0,"category_revenue":336220.078125,"share_pct":0.0},{"period":"2024-08","brand_revenue":0.0,"category_revenue":324004.04296875,"share_pct":0.0},{"period":"2024-09","brand_revenue":2016.0000610351562,"category_revenue":326834.1796875,"share_pct":0.6000000238418579},{"period":"2024-10","brand_revenue":8330.675048828125,"category_revenue":324500.859375,"share_pct":2.5999999046325684},{"period":"2024-11","brand_revenue":10350.50048828125,"category_revenue":351240.0390625,"share_pct":2.9000000953674316},{"period":"2024-12","brand_revenue":7095.7501220703125,"category_revenue":324145.4296875,"share_pct":2.200000047683716},{"period":"2025-01","brand_revenue":5206.7498779296875,"category_revenue":325749.19921875,"share_pct":1.600000023841858},{"period":"2025-02","brand_revenue":5544.2498779296875,"category_revenue":300499.0234375,"share_pct":1.7999999523162842},{"period":"2025-03","brand_revenue":6466.500244140625,"category_revenue":298171.5234375,"share_pct":2.200000047683716},{"period":"2025-04","brand_revenue":3028.2501220703125,"category_revenue":343355.625,"share_pct":0.8999999761581421},{"period":"2025-05","brand_revenue":4589.2498779296875,"category_revenue":288836.62109375,"share_pct":1.600000023841858},{"period":"2025-06","brand_revenue":971.1000061035156,"category_revenue":280928.33984375,"share_pct":0.30000001192092896},{"period":"2025-07","brand_revenue":0.0,"category_revenue":283604.1796875,"share_pct":0.0},{"period":"2025-08","brand_revenue":0.0,"category_revenue":274773.76953125,"share_pct":0.0},{"period":"2025-09","brand_revenue":0.0,"category_revenue":264599.19921875,"share_pct":0.0},{"period":"2025-10","brand_revenue":0.0,"category_revenue":277515.46875,"share_pct":0.0},{"period":"2025-11","brand_revenue":0.0,"category_revenue":295773.3203125,"share_pct":0.0},{"period":"2025-12","brand_revenue":0.0,"category_revenue":267042.05078125,"share_pct":0.0},{"period":"2026-01","brand_revenue":0.0,"category_revenue":270749.70703125,"share_pct":0.0}]},"velocity_by_category":[{"category":"CONCENTRATE","brand_units_per_day":1.86,"category_avg_units_per_day":15.38,"velocity_index":12.1,"brand_rev_per_unit":30.32,"category_rev_per_unit":19.88,"brands_in_category":27}],"store_gaps":[{"store":"Elevation Downtown","category":"CONCENTRATE","category_revenue_at_store":53170.9033203125,"opportunity":"Brand not carried"}],"product_mix":{"top":[{"product":"FRESH SQUEEZED COLD CURED LIVE ROSIN BADDER - HAZE","units":864,"revenue":33374.85107421875,"cost":18900.0,"profit":14474.849853515625,"stores":6,"transactions":670,"margin":43.400001525878906},{"product":"BELLY LAUGH LIVE ROSIN BADDER - HAZE","units":350,"revenue":12802.674560546875,"cost":7656.25,"profit":5146.4251708984375,"stores":6,"transactions":278,"margin":40.20000076293945},{"product":"LILAC COOKIES LIVE ROSIN BADDER - HAZE","units":150,"revenue":5634.2498779296875,"cost":3281.25,"profit":2353.000030517578,"stores":3,"transactions":118,"margin":41.79999923706055},{"product":"GARLIC BREATH LIVE ROSIN BADDER - HAZE","units":50,"revenue":1787.2500610351562,"cost":1093.75,"profit":693.4999847412109,"stores":1,"transactions":42,"margin":38.79999923706055}],"bottom":[],"expansion":[{"product":"LILAC COOKIES LIVE ROSIN BADDER - HAZE","current_stores":3,"total_stores":6,"missing_stores":["Elevation Mesa","Elevation Midtown","Elevation Boulevard"],"revenue":5634.2498779296875}]},"pricing_consistency":[{"product":"FRESH SQUEEZED COLD CURED LIVE ROSIN BADDER - HAZE","min_price":67.66096141240368,"max_price":94.85714285714286,"avg_price":79.39203106945823,"std_dev":3.790292620114478,"store_count":12,"price_range":27.196181444739178,"range_pct":34.3},{"product":"LILAC COOKIES LIVE ROSIN BADDER - HAZE","min_price":68.66345919095552,"max_price":84.4374974568685,"avg_price":75.33365221594134,"std_dev":3.2655062243943447,"store_count":6,"price_range":15.77403826591297,"range_pct":20.9},{"product":"BELLY LAUGH LIVE ROSIN BADDER - HAZE","min_price":67.67000122070313,"max_price":78.36000366210938,"avg_price":72.29116719563802,"std_dev":1.7195444913621505,"store_count":12,"price_range":10.69000244140625,"range_pct":14.8}],"promotional_effectiveness":{"lift":{"fp_units_per_day":3.66,"disc_units_per_day":6.44,"lift_pct":75.9,"fp_avg_revenue_per_unit":104.77499999999999,"disc_avg_revenue_per_unit":66.65},"by_deal":[{"deal_name":"Industry - 30% Off","uses":90,"revenue":7763.499913215637,"discounts":3416.500086784363,"units":214.0,"cost":4681.25,"margin":39.7,"discount_depth":61.2},{"deal_name":"30% Off Special","uses":71,"revenue":6133.749957084656,"discounts":2628.7500429153442,"units":182.0,"cost":3981.25,"margin":35.1,"discount_depth":60.0},{"deal_name":"GW - 50% Off Concentrates","uses":63,"revenue":4882.5,"discounts":4882.5,"units":186.0,"cost":4068.75,"margin":16.7,"discount_depth":100.0},{"deal_name":"Origyn Rosin 1g for $50","uses":30,"revenue":3937.6749992370605,"discounts":2782.3250007629395,"units":128.0,"cost":2800.0,"margin":28.9,"discount_depth":82.8},{"deal_name":"Haze - Rosin 1g for $50","uses":14,"revenue":1875.0,"discounts":1275.0,"units":60.0,"cost":1312.5,"margin":30.0,"discount_depth":81.0},{"deal_name":"Employee - 40% OFF","uses":12,"revenue":834.1000127792358,"discounts":570.8999824523926,"units":28.0,"cost":612.5,"margin":26.6,"discount_depth":81.2},{"deal_name":"Senior - 10% Off","uses":9,"revenue":1399.4999885559082,"discounts":155.49999713897705,"units":30.0,"cost":656.25,"margin":53.1,"discount_depth":20.0},{"deal_name":"Veterans - 10% Off","uses":8,"revenue":834.7499847412109,"discounts":92.74999618530273,"units":18.0,"cost":393.75,"margin":52.8,"discount_depth":20.0},{"deal_name":"Industry 30% Off","uses":5,"revenue":465.49999713897705,"discounts":199.50000286102295,"units":14.0,"cost":306.25,"margin":34.2,"discount_depth":60.0},{"deal_name":"Senior / Veterans - 20% Off","uses":4,"revenue":419.9999809265137,"discounts":104.99999523162842,"units":10.0,"cost":218.75,"margin":47.9,"discount_depth":40.0},{"deal_name":"LVAC - 25% Off","uses":3,"revenue":236.25,"discounts":78.75,"units":6.0,"cost":131.25,"margin":44.4,"discount_depth":50.0},{"deal_name":"Employee 30% - NOT FRIDAYS","uses":2,"revenue":146.99999809265137,"discounts":63.00000190734863,"units":4.0,"cost":87.5,"margin":40.5,"discount_depth":60.0},{"deal_name":"Jackpot - Locals 30% Off","uses":1,"revenue":73.49999904632568,"discounts":31.500000953674316,"units":2.0,"cost":43.75,"margin":40.5,"discount_depth":60.0}]},"growth_opportunities":[{"type":"distribution","title":"Expand to Elevation Downtown","detail":"Store has $21,268 in CONCENTRATE \u2014 categories where HAZE competes.","priority":"high"},{"type":"sku_expansion","title":"Add 'LILAC COOKIES LIVE ROSIN BADDER - HAZE' to 3 more store(s)","detail":"Carried in 3 stores. Missing from: Elevation Mesa, Elevation Midtown, Elevation Boulevard","priority":"medium"},{"type":"velocity","title":"Improve velocity in CONCENTRATE","detail":"Velocity index 12 (below category average). 0.9 units/day vs 7.7 avg.","priority":"medium"}],"trend":[{"period":"2024-09","revenue":2016.0000610351562,"cost":1006.25,"margin":50.1,"units":46,"transactions":40,"profit":1009.7499847412109,"revenue_change_pct":null,"units_change_pct":null,"margin_change_pts":null},{"period":"2024-10","revenue":8330.675048828125,"cost":4987.5,"margin":40.1,"units":228,"transactions":140,"profit":3343.175048828125,"revenue_change_pct":313.2,"units_change_pct":395.7,"margin_change_pts":-10.0},{"period":"2024-11","revenue":10350.50048828125,"cost":7000.0,"margin":32.4,"units":320,"transactions":228,"profit":3350.4998779296875,"revenue_change_pct":24.2,"units_change_pct":40.4,"margin_change_pts":-7.8},{"period":"2024-12","revenue":7095.7501220703125,"cost":3281.25,"margin":53.8,"units":150,"transactions":116,"profit":3814.4998168945312,"revenue_change_pct":-31.4,"units_change_pct":-53.1,"margin_change_pts":21.4},{"period":"2025-01","revenue":5206.7498779296875,"cost":2887.5,"margin":44.5,"units":132,"transactions":98,"profit":2319.250030517578,"revenue_change_pct":-26.6,"units_change_pct":-12.0,"margin_change_pts":-9.2},{"period":"2025-02","revenue":5544.2498779296875,"cost":2887.5,"margin":47.9,"units":132,"transactions":94,"profit":2656.7498779296875,"revenue_change_pct":6.5,"units_change_pct":0,"margin_change_pts":3.4},{"period":"2025-03","revenue":6466.500244140625,"cost":3675.0,"margin":43.2,"units":168,"transactions":142,"profit":2791.4999389648438,"revenue_change_pct":16.6,"units_change_pct":27.3,"margin_change_pts":-4.8},{"period":"2025-04","revenue":3028.2501220703125,"cost":1618.75,"margin":46.5,"units":74,"transactions":60,"profit":1409.4999694824219,"revenue_change_pct":-53.2,"units_change_pct":-56.0,"margin_change_pts":3.4},{"period":"2025-05","revenue":4589.2498779296875,"cost":2975.0,"margin":35.2,"units":136,"transactions":92,"profit":1614.2500305175781,"revenue_change_pct":51.5,"units_change_pct":83.8,"margin_change_pts":-11.4},{"period":"2025-06","revenue":971.1000061035156,"cost":612.5,"margin":36.9,"units":28,"transactions":20,"profit":358.6000061035156,"revenue_change_pct":-78.8,"units_change_pct":-79.4,"margin_change_pts":1.8}]}