{"brand":"HAZE","date_range":"2024-01-01 00:00:00 to 2026-01-31 00:00:00","period_label":"All Time","summary":{"total_units":1414,"total_revenue":53599.0234375,"total_cost":30931.25,"total_discounts":19445.9765625,"total_profit":22667.7734375,"overall_margin":42.29999923706055,"fp_margin":58.20000076293945,"disc_margin":34.400001525878906,"pct_full_price":33.20000076293945,"avg_discount_rate":26.600000381469727,"fp_revenue":17812.5,"disc_revenue":35786.52099609375,"unique_customers":790,"brand":"HAZE","date_range":"2024-01-01 00:00:00 to 2026-01-31 00:00:00","months_count":20,"avg_monthly_cost":3093.125,"cost_per_unit":43.75,"primary_category":"CONCENTRATE","primary_cat_margin":45.900001525878906,"category_rank":14,"category_total":27,"margin_vs_category":-3.5999999046325684,"velocity_rank":15},"category_breakdown":[{"category_clean":"CONCENTRATE","units":1414,"revenue":53599.0234375,"cost":30931.25,"profit":22667.77587890625,"discounts":19445.975341796875,"margin":42.29999923706055,"category_avg_margin":45.900001525878906,"vs_category":-3.6,"rank":14.0,"total_brands":27.0}],"trend":[{"period":"2024-09","revenue":2016.0000610351562,"cost":1006.25,"margin":50.1,"units":46,"transactions":40,"profit":1009.7499847412109,"revenue_change_pct":null,"units_change_pct":null,"margin_change_pts":null},{"period":"2024-10","revenue":8330.675048828125,"cost":4987.5,"margin":40.1,"units":228,"transactions":140,"profit":3343.175048828125,"revenue_change_pct":313.2,"units_change_pct":395.7,"margin_change_pts":-10.0},{"period":"2024-11","revenue":10350.50048828125,"cost":7000.0,"margin":32.4,"units":320,"transactions":228,"profit":3350.4998779296875,"revenue_change_pct":24.2,"units_change_pct":40.4,"margin_change_pts":-7.8},{"period":"2024-12","revenue":7095.7501220703125,"cost":3281.25,"margin":53.8,"units":150,"transactions":116,"profit":3814.4998168945312,"revenue_change_pct":-31.4,"units_change_pct":-53.1,"margin_change_pts":21.4},{"period":"2025-01","revenue":5206.7498779296875,"cost":2887.5,"margin":44.5,"units":132,"transactions":98,"profit":2319.250030517578,"revenue_change_pct":-26.6,"units_change_pct":-12.0,"margin_change_pts":-9.2},{"period":"2025-02","revenue":5544.2498779296875,"cost":2887.5,"margin":47.9,"units":132,"transactions":94,"profit":2656.7498779296875,"revenue_change_pct":6.5,"units_change_pct":0,"margin_change_pts":3.4},{"period":"2025-03","revenue":6466.500244140625,"cost":3675.0,"margin":43.2,"units":168,"transactions":142,"profit":2791.4999389648438,"revenue_change_pct":16.6,"units_change_pct":27.3,"margin_change_pts":-4.8},{"period":"2025-04","revenue":3028.2501220703125,"cost":1618.75,"margin":46.5,"units":74,"transactions":60,"profit":1409.4999694824219,"revenue_change_pct":-53.2,"units_change_pct":-56.0,"margin_change_pts":3.4},{"period":"2025-05","revenue":4589.2498779296875,"cost":2975.0,"margin":35.2,"units":136,"transactions":92,"profit":1614.2500305175781,"revenue_change_pct":51.5,"units_change_pct":83.8,"margin_change_pts":-11.4},{"period":"2025-06","revenue":971.1000061035156,"cost":612.5,"margin":36.9,"units":28,"transactions":20,"profit":358.6000061035156,"revenue_change_pct":-78.8,"units_change_pct":-79.4,"margin_change_pts":1.8}],"share_of_category":[{"category":"CONCENTRATE","brand_revenue":53599.0234375,"category_revenue":7866357.5,"revenue_share_pct":0.699999988079071,"brand_units":1414,"category_units":316632,"units_share_pct":0.4}],"share_of_category_trend":{"CONCENTRATE":[{"period":"2024-01","brand_revenue":0.0,"category_revenue":351129.609375,"share_pct":0.0},{"period":"2024-02","brand_revenue":0.0,"category_revenue":371224.4921875,"share_pct":0.0},{"period":"2024-03","brand_revenue":0.0,"category_revenue":375964.296875,"share_pct":0.0},{"period":"2024-04","brand_revenue":0.0,"category_revenue":352745.859375,"share_pct":0.0},{"period":"2024-05","brand_revenue":0.0,"category_revenue":346027.5,"share_pct":0.0},{"period":"2024-06","brand_revenue":0.0,"category_revenue":310723.3984375,"share_pct":0.0},{"period":"2024-07","brand_revenue":0.0,"category_revenue":336220.078125,"share_pct":0.0},{"period":"2024-08","brand_revenue":0.0,"category_revenue":324004.04296875,"share_pct":0.0},{"period":"2024-09","brand_revenue":2016.0000610351562,"category_revenue":326834.1796875,"share_pct":0.6000000238418579},{"period":"2024-10","brand_revenue":8330.675048828125,"category_revenue":324500.859375,"share_pct":2.5999999046325684},{"period":"2024-11","brand_revenue":10350.50048828125,"category_revenue":351240.0390625,"share_pct":2.9000000953674316},{"period":"2024-12","brand_revenue":7095.7501220703125,"category_revenue":324145.4296875,"share_pct":2.200000047683716},{"period":"2025-01","brand_revenue":5206.7498779296875,"category_revenue":325749.19921875,"share_pct":1.600000023841858},{"period":"2025-02","brand_revenue":5544.2498779296875,"category_revenue":300499.0234375,"share_pct":1.7999999523162842},{"period":"2025-03","brand_revenue":6466.500244140625,"category_revenue":298171.5234375,"share_pct":2.200000047683716},{"period":"2025-04","brand_revenue":3028.2501220703125,"category_revenue":343355.625,"share_pct":0.8999999761581421},{"period":"2025-05","brand_revenue":4589.2498779296875,"category_revenue":288836.62109375,"share_pct":1.600000023841858},{"period":"2025-06","brand_revenue":971.1000061035156,"category_revenue":280928.33984375,"share_pct":0.30000001192092896},{"period":"2025-07","brand_revenue":0.0,"category_revenue":283604.1796875,"share_pct":0.0},{"period":"2025-08","brand_revenue":0.0,"category_revenue":274773.76953125,"share_pct":0.0},{"period":"2025-09","brand_revenue":0.0,"category_revenue":264599.19921875,"share_pct":0.0},{"period":"2025-10","brand_revenue":0.0,"category_revenue":277515.46875,"share_pct":0.0},{"period":"2025-11","brand_revenue":0.0,"category_revenue":295773.3203125,"share_pct":0.0},{"period":"2025-12","brand_revenue":0.0,"category_revenue":267042.05078125,"share_pct":0.0},{"period":"2026-01","brand_revenue":0.0,"category_revenue":270749.70703125,"share_pct":0.0}]},"discount_depth":[{"tier":"0% (Full Price)","transactions":300,"pct_of_transactions":27.1,"revenue":17812.5,"avg_discount":0.0},{"tier":"1-10%","transactions":52,"pct_of_transactions":4.7,"revenue":3287.2503662109375,"avg_discount":20.0},{"tier":"11-20%","transactions":16,"pct_of_transactions":1.4,"revenue":927.2499847412109,"avg_discount":38.79999923706055},{"tier":"21-30%","transactions":30,"pct_of_transactions":2.7,"revenue":1284.7500610351562,"avg_discount":54.400001525878906},{"tier":"31%+","transactions":302,"pct_of_transactions":27.3,"revenue":12411.025390625,"avg_discount":93.80000305175781}],"velocity":{"units_per_day":4.8,"revenue_per_day":181.70000076293945,"avg_units_per_txn":2.74,"days_of_data":295,"total_units":1414,"total_transactions":1030},"velocity_by_category":[{"category":"CONCENTRATE","brand_units_per_day":1.86,"category_avg_units_per_day":15.38,"velocity_index":12.1,"brand_rev_per_unit":30.32,"category_rev_per_unit":19.88,"brands_in_category":27}],"deals":[{"deal_name":"Industry - 30% Off","times_used":180,"units":214.0,"revenue":7763.499913215637,"discounts":3416.500086784363,"cost":4681.25,"profit":3082.249911427498,"pre_discount_revenue":11180.0,"margin":39.7,"avg_discount":61.2},{"deal_name":"30% Off Special","times_used":142,"units":182.0,"revenue":6133.749957084656,"discounts":2628.7500429153442,"cost":3981.25,"profit":2152.499955892563,"pre_discount_revenue":8762.5,"margin":35.1,"avg_discount":60.0},{"deal_name":"GW - 50% Off Concentrates","times_used":126,"units":186.0,"revenue":4882.5,"discounts":4882.5,"cost":4068.75,"profit":813.75,"pre_discount_revenue":9765.0,"margin":16.7,"avg_discount":100.0},{"deal_name":"Origyn Rosin 1g for $50","times_used":60,"units":128.0,"revenue":3937.6749992370605,"discounts":2782.3250007629395,"cost":2800.0,"profit":1137.6749992370605,"pre_discount_revenue":6720.0,"margin":28.9,"avg_discount":82.8},{"deal_name":"Haze - Rosin 1g for $50","times_used":28,"units":60.0,"revenue":1875.0,"discounts":1275.0,"cost":1312.5,"profit":562.5,"pre_discount_revenue":3150.0,"margin":30.0,"avg_discount":81.0},{"deal_name":"Employee - 40% OFF","times_used":24,"units":28.0,"revenue":834.1000127792358,"discounts":570.8999824523926,"cost":612.5,"profit":221.59999595023692,"pre_discount_revenue":1405.0,"margin":26.6,"avg_discount":81.2},{"deal_name":"Senior - 10% Off","times_used":18,"units":30.0,"revenue":1399.4999885559082,"discounts":155.49999713897705,"cost":656.25,"profit":743.2499885559082,"pre_discount_revenue":1555.0,"margin":53.1,"avg_discount":20.0},{"deal_name":"Veterans - 10% Off","times_used":16,"units":18.0,"revenue":834.7499847412109,"discounts":92.74999618530273,"cost":393.75,"profit":440.99998474121094,"pre_discount_revenue":927.5,"margin":52.8,"avg_discount":20.0},{"deal_name":"Industry 30% Off","times_used":10,"units":14.0,"revenue":465.49999713897705,"discounts":199.50000286102295,"cost":306.25,"profit":159.24999713897705,"pre_discount_revenue":665.0,"margin":34.2,"avg_discount":60.0},{"deal_name":"Senior / Veterans - 20% Off","times_used":8,"units":10.0,"revenue":419.9999809265137,"discounts":104.99999523162842,"cost":218.75,"profit":201.25000476837158,"pre_discount_revenue":525.0,"margin":47.9,"avg_discount":40.0},{"deal_name":"LVAC - 25% Off","times_used":6,"units":6.0,"revenue":236.25,"discounts":78.75,"cost":131.25,"profit":105.0,"pre_discount_revenue":315.0,"margin":44.4,"avg_discount":50.0},{"deal_name":"Employee 30% - NOT FRIDAYS","times_used":4,"units":4.0,"revenue":146.99999809265137,"discounts":63.00000190734863,"cost":87.5,"profit":59.49999809265137,"pre_discount_revenue":210.0,"margin":40.5,"avg_discount":60.0},{"deal_name":"Jackpot - Locals 30% Off","times_used":2,"units":2.0,"revenue":73.49999904632568,"discounts":31.500000953674316,"cost":43.75,"profit":29.749999046325684,"pre_discount_revenue":105.0,"margin":40.5,"avg_discount":60.0}],"top_products":[{"product":"FRESH SQUEEZED COLD CURED LIVE ROSIN BADDER - HAZE","units":864,"revenue":33374.85107421875,"cost":18900.0,"profit":14474.849853515625,"transactions":670,"margin":43.400001525878906},{"product":"BELLY LAUGH LIVE ROSIN BADDER - HAZE","units":350,"revenue":12802.674560546875,"cost":7656.25,"profit":5146.4251708984375,"transactions":278,"margin":40.20000076293945},{"product":"LILAC COOKIES LIVE ROSIN BADDER - HAZE","units":150,"revenue":5634.2498779296875,"cost":3281.25,"profit":2353.000030517578,"transactions":118,"margin":41.79999923706055},{"product":"GARLIC BREATH LIVE ROSIN BADDER - HAZE","units":50,"revenue":1787.2500610351562,"cost":1093.75,"profit":693.4999847412109,"transactions":42,"margin":38.79999923706055}],"products_by_store":{"Elevation Springs":[{"product":"FRESH SQUEEZED COLD CURED LIVE ROSIN BADDER - HAZE","units":200,"revenue":7571.7498779296875,"cost":4375.0,"profit":3196.7498779296875,"transactions":152,"margin":42.20000076293945},{"product":"BELLY LAUGH LIVE ROSIN BADDER - HAZE","units":100,"revenue":3917.9998779296875,"cost":2187.5,"profit":1730.5000305175781,"transactions":80,"margin":44.20000076293945},{"product":"LILAC COOKIES LIVE ROSIN BADDER - HAZE","units":50,"revenue":1822.5,"cost":1093.75,"profit":728.75,"transactions":44,"margin":40.0}],"Elevation Mesa":[{"product":"FRESH SQUEEZED COLD CURED LIVE ROSIN BADDER - HAZE","units":198,"revenue":7239.6002197265625,"cost":4331.25,"profit":2908.3499145507812,"transactions":144,"margin":40.20000076293945},{"product":"BELLY LAUGH LIVE ROSIN BADDER - HAZE","units":50,"revenue":1703.4249877929688,"cost":1093.75,"profit":609.6749877929688,"transactions":40,"margin":35.79999923706055}],"Elevation Oasis":[{"product":"FRESH SQUEEZED COLD CURED LIVE ROSIN BADDER - HAZE","units":152,"revenue":6248.2501220703125,"cost":3325.0,"profit":2923.2501220703125,"transactions":126,"margin":46.79999923706055},{"product":"LILAC COOKIES LIVE ROSIN BADDER - HAZE","units":48,"revenue":2026.4999389648438,"cost":1050.0,"profit":976.5000152587891,"transactions":32,"margin":48.20000076293945},{"product":"BELLY LAUGH LIVE ROSIN BADDER - HAZE","units":50,"revenue":1787.5,"cost":1093.75,"profit":693.75,"transactions":32,"margin":38.79999923706055}],"Elevation Midtown":[{"product":"FRESH SQUEEZED COLD CURED LIVE ROSIN BADDER - HAZE","units":98,"revenue":4056.0000610351562,"cost":2143.75,"profit":1912.2500610351562,"transactions":80,"margin":47.099998474121094},{"product":"GARLIC BREATH LIVE ROSIN BADDER - HAZE","units":50,"revenue":1787.2500610351562,"cost":1093.75,"profit":693.4999847412109,"transactions":42,"margin":38.79999923706055},{"product":"BELLY LAUGH LIVE ROSIN BADDER - HAZE","units":50,"revenue":1691.7500305175781,"cost":1093.75,"profit":597.9999923706055,"transactions":42,"margin":35.29999923706055}],"Elevation Boulevard":[{"product":"FRESH SQUEEZED COLD CURED LIVE ROSIN BADDER - HAZE","units":146,"revenue":4939.2498779296875,"cost":3193.75,"profit":1745.5000305175781,"transactions":108,"margin":35.29999923706055},{"product":"BELLY LAUGH LIVE ROSIN BADDER - HAZE","units":50,"revenue":1794.4999694824219,"cost":1093.75,"profit":700.7499694824219,"transactions":42,"margin":39.0}],"Elevation Parkway":[{"product":"FRESH SQUEEZED COLD CURED LIVE ROSIN BADDER - HAZE","units":70,"revenue":3320.0,"cost":1531.25,"profit":1788.75,"transactions":60,"margin":53.900001525878906},{"product":"BELLY LAUGH LIVE ROSIN BADDER - HAZE","units":50,"revenue":1907.5,"cost":1093.75,"profit":813.75,"transactions":42,"margin":42.70000076293945},{"product":"LILAC COOKIES LIVE ROSIN BADDER - HAZE","units":52,"revenue":1785.2499389648438,"cost":1137.5,"profit":647.7500152587891,"transactions":42,"margin":36.29999923706055}]},"store_summary":[{"store_clean":"Elevation Springs","units":350,"revenue":13312.249755859375,"cost":7656.25,"profit":5655.999755859375,"discounts":5062.749938964844,"margin":42.5,"discount_rate":27.600000381469727},{"store_clean":"Elevation Oasis","units":250,"revenue":10062.249755859375,"cost":5468.75,"profit":4593.500061035156,"discounts":2817.7499389648438,"margin":45.70000076293945,"discount_rate":21.899999618530273},{"store_clean":"Elevation Mesa","units":248,"revenue":8943.02490234375,"cost":5425.0,"profit":3518.02490234375,"discounts":3709.47509765625,"margin":39.29999923706055,"discount_rate":29.299999237060547},{"store_clean":"Elevation Midtown","units":198,"revenue":7535.0,"cost":4331.25,"profit":3203.75,"discounts":2752.5,"margin":42.5,"discount_rate":26.799999237060547},{"store_clean":"Elevation Parkway","units":172,"revenue":7012.750244140625,"cost":3762.5,"profit":3250.2499389648438,"discounts":2279.7500610351562,"margin":46.29999923706055,"discount_rate":24.5},{"store_clean":"Elevation Boulevard","units":196,"revenue":6733.75,"cost":4287.5,"profit":2446.25,"discounts":2823.75,"margin":36.29999923706055,"discount_rate":29.5}],"recommendations":[{"severity":"red","title":"LOW DISCOUNTED MARGIN","detail":"Margin drops to 34.4% when discounted.","action":"Cap discount depth at 20% or negotiate lower wholesale cost."},{"severity":"info","title":"VOLUME LEVERAGE","detail":"$21,440 revenue provides negotiating leverage.","action":"Use volume as leverage in next vendor meeting."}],"comparison":null}