{"brand":"BIG CHIEF","date_range":"2024-01-01 00:00:00 to 2026-01-31 00:00:00","period_label":"All Time","summary":{"total_units":112976,"total_revenue":3563573.125,"total_cost":1803580.625,"total_discounts":884314.21875,"total_profit":1759992.65625,"overall_margin":49.400001525878906,"fp_margin":59.599998474121094,"disc_margin":47.20000076293945,"pct_full_price":17.5,"avg_discount_rate":19.899999618530273,"fp_revenue":623135.0,"disc_revenue":2940438.125,"brand":"BIG CHIEF","date_range":"2024-01-01 00:00:00 to 2026-01-31 00:00:00","primary_category":"CARTRIDGE","store_coverage":"7/7","stores_present":["Elevation Springs","Elevation Mesa","Elevation Oasis","Elevation Downtown","Elevation Midtown","Elevation Boulevard","Elevation Parkway"],"stores_missing":[],"velocity_rank":5,"velocity_total":27},"distribution":[{"store":"Elevation Springs","carries_brand":true,"sku_count":78,"revenue":671566.5625,"units":21892,"store_total_revenue":51138750.0,"brand_share_pct":1.2999999523162842},{"store":"Elevation Mesa","carries_brand":true,"sku_count":78,"revenue":684200.625,"units":21708,"store_total_revenue":47532240.0,"brand_share_pct":1.399999976158142},{"store":"Elevation Oasis","carries_brand":true,"sku_count":82,"revenue":1101878.90625,"units":34372,"store_total_revenue":56050145.0,"brand_share_pct":2.0},{"store":"Elevation Downtown","carries_brand":true,"sku_count":4,"revenue":10138.824462890625,"units":410,"store_total_revenue":1945237.1875,"brand_share_pct":0.5},{"store":"Elevation Midtown","carries_brand":true,"sku_count":76,"revenue":493416.171875,"units":15306,"store_total_revenue":30850185.0,"brand_share_pct":1.600000023841858},{"store":"Elevation Boulevard","carries_brand":true,"sku_count":76,"revenue":344064.0234375,"units":11328,"store_total_revenue":28757865.0,"brand_share_pct":1.2000000476837158},{"store":"Elevation Parkway","carries_brand":true,"sku_count":82,"revenue":258308.0859375,"units":7960,"store_total_revenue":21987007.5,"brand_share_pct":1.2000000476837158}],"share_of_category":[{"category":"CARTRIDGE","brand_revenue":2707979.6875,"category_revenue":46155130.0,"revenue_share_pct":5.900000095367432,"brand_units":84620,"category_units":1532896,"units_share_pct":5.5},{"category":"PRE ROLL PACK","brand_revenue":657941.71875,"category_revenue":3903863.75,"revenue_share_pct":16.899999618530273,"brand_units":23300,"category_units":123714,"units_share_pct":18.8},{"category":"INFUSED PACK","brand_revenue":197651.81640625,"category_revenue":8259010.0,"revenue_share_pct":2.4000000953674316,"brand_units":5056,"category_units":240090,"units_share_pct":2.1}],"share_of_category_trend":{"CARTRIDGE":[{"period":"2024-01","brand_revenue":155494.00390625,"category_revenue":2057675.625,"share_pct":7.599999904632568},{"period":"2024-02","brand_revenue":213634.00390625,"category_revenue":2141777.8125,"share_pct":10.0},{"period":"2024-03","brand_revenue":319797.96875,"category_revenue":2288552.1875,"share_pct":14.0},{"period":"2024-04","brand_revenue":247173.84765625,"category_revenue":2096820.46875,"share_pct":11.800000190734863},{"period":"2024-05","brand_revenue":259646.640625,"category_revenue":2138038.59375,"share_pct":12.100000381469727},{"period":"2024-06","brand_revenue":230622.05078125,"category_revenue":2017623.90625,"share_pct":11.399999618530273},{"period":"2024-07","brand_revenue":147179.775390625,"category_revenue":2031918.28125,"share_pct":7.199999809265137},{"period":"2024-08","brand_revenue":95406.62109375,"category_revenue":2132382.65625,"share_pct":4.5},{"period":"2024-09","brand_revenue":165495.078125,"category_revenue":1955407.03125,"share_pct":8.5},{"period":"2024-10","brand_revenue":143918.603515625,"category_revenue":2083993.125,"share_pct":6.900000095367432},{"period":"2024-11","brand_revenue":143434.6484375,"category_revenue":2038609.375,"share_pct":7.0},{"period":"2024-12","brand_revenue":138888.49609375,"category_revenue":2003932.03125,"share_pct":6.900000095367432},{"period":"2025-01","brand_revenue":98990.99609375,"category_revenue":1921719.21875,"share_pct":5.199999809265137},{"period":"2025-02","brand_revenue":49671.4990234375,"category_revenue":1668647.5,"share_pct":3.0},{"period":"2025-03","brand_revenue":94623.974609375,"category_revenue":1758711.25,"share_pct":5.400000095367432},{"period":"2025-04","brand_revenue":52355.8740234375,"category_revenue":1735997.5,"share_pct":3.0},{"period":"2025-05","brand_revenue":57724.072265625,"category_revenue":1688800.46875,"share_pct":3.4000000953674316},{"period":"2025-06","brand_revenue":42833.65234375,"category_revenue":1594515.0,"share_pct":2.700000047683716},{"period":"2025-07","brand_revenue":28092.8759765625,"category_revenue":1595739.53125,"share_pct":1.7999999523162842},{"period":"2025-08","brand_revenue":12930.0244140625,"category_revenue":1677489.6875,"share_pct":0.800000011920929},{"period":"2025-09","brand_revenue":8610.0,"category_revenue":1539547.96875,"share_pct":0.6000000238418579},{"period":"2025-10","brand_revenue":1455.0,"category_revenue":1548909.21875,"share_pct":0.10000000149011612},{"period":"2025-11","brand_revenue":0.0,"category_revenue":1545430.15625,"share_pct":0.0},{"period":"2025-12","brand_revenue":0.0,"category_revenue":1467828.28125,"share_pct":0.0},{"period":"2026-01","brand_revenue":0.0,"category_revenue":1425064.0625,"share_pct":0.0}],"PRE ROLL PACK":[{"period":"2024-01","brand_revenue":0.0,"category_revenue":169271.89453125,"share_pct":0.0},{"period":"2024-02","brand_revenue":0.0,"category_revenue":174199.375,"share_pct":0.0},{"period":"2024-03","brand_revenue":0.0,"category_revenue":187083.0078125,"share_pct":0.0},{"period":"2024-04","brand_revenue":0.0,"category_revenue":179617.6171875,"share_pct":0.0},{"period":"2024-05","brand_revenue":0.0,"category_revenue":198875.703125,"share_pct":0.0},{"period":"2024-06","brand_revenue":0.0,"category_revenue":182181.42578125,"share_pct":0.0},{"period":"2024-07","brand_revenue":0.0,"category_revenue":189754.43359375,"share_pct":0.0},{"period":"2024-08","brand_revenue":0.0,"category_revenue":163466.5234375,"share_pct":0.0},{"period":"2024-09","brand_revenue":0.0,"category_revenue":145157.197265625,"share_pct":0.0},{"period":"2024-10","brand_revenue":0.0,"category_revenue":143902.822265625,"share_pct":0.0},{"period":"2024-11","brand_revenue":7710.0,"category_revenue":169051.3671875,"share_pct":4.599999904632568},{"period":"2024-12","brand_revenue":76028.65234375,"category_revenue":186738.92578125,"share_pct":40.70000076293945},{"period":"2025-01","brand_revenue":133322.099609375,"category_revenue":222888.57421875,"share_pct":59.79999923706055},{"period":"2025-02","brand_revenue":94322.626953125,"category_revenue":186213.06640625,"share_pct":50.70000076293945},{"period":"2025-03","brand_revenue":103883.671875,"category_revenue":195415.56640625,"share_pct":53.20000076293945},{"period":"2025-04","brand_revenue":65973.076171875,"category_revenue":188683.2421875,"share_pct":35.0},{"period":"2025-05","brand_revenue":98477.05078125,"category_revenue":231505.29296875,"share_pct":42.5},{"period":"2025-06","brand_revenue":51076.2255859375,"category_revenue":169830.2734375,"share_pct":30.100000381469727},{"period":"2025-07","brand_revenue":27073.349609375,"category_revenue":130345.849609375,"share_pct":20.799999237060547},{"period":"2025-08","brand_revenue":75.0,"category_revenue":108797.099609375,"share_pct":0.10000000149011612},{"period":"2025-09","brand_revenue":0.0,"category_revenue":99689.677734375,"share_pct":0.0},{"period":"2025-10","brand_revenue":0.0,"category_revenue":67141.8505859375,"share_pct":0.0},{"period":"2025-11","brand_revenue":0.0,"category_revenue":80167.7978515625,"share_pct":0.0},{"period":"2025-12","brand_revenue":0.0,"category_revenue":71818.3740234375,"share_pct":0.0},{"period":"2026-01","brand_revenue":0.0,"category_revenue":62066.826171875,"share_pct":0.0}],"INFUSED PACK":[{"period":"2024-01","brand_revenue":0.0,"category_revenue":204601.875,"share_pct":0.0},{"period":"2024-02","brand_revenue":0.0,"category_revenue":221156.7578125,"share_pct":0.0},{"period":"2024-03","brand_revenue":13200.999755859375,"category_revenue":257436.93359375,"share_pct":5.099999904632568},{"period":"2024-04","brand_revenue":12077.62451171875,"category_revenue":301537.3046875,"share_pct":4.0},{"period":"2024-05","brand_revenue":32481.10107421875,"category_revenue":301873.0078125,"share_pct":10.800000190734863},{"period":"2024-06","brand_revenue":24825.44921875,"category_revenue":300488.6328125,"share_pct":8.300000190734863},{"period":"2024-07","brand_revenue":34677.02392578125,"category_revenue":303570.80078125,"share_pct":11.399999618530273},{"period":"2024-08","brand_revenue":32610.2001953125,"category_revenue":283995.625,"share_pct":11.5},{"period":"2024-09","brand_revenue":43750.0244140625,"category_revenue":331664.1796875,"share_pct":13.199999809265137},{"period":"2024-10","brand_revenue":4029.375,"category_revenue":311486.1328125,"share_pct":1.2999999523162842},{"period":"2024-11","brand_revenue":0.0,"category_revenue":306613.92578125,"share_pct":0.0},{"period":"2024-12","brand_revenue":0.0,"category_revenue":298008.41796875,"share_pct":0.0},{"period":"2025-01","brand_revenue":0.0,"category_revenue":269244.765625,"share_pct":0.0},{"period":"2025-02","brand_revenue":0.0,"category_revenue":309579.8046875,"share_pct":0.0},{"period":"2025-03","brand_revenue":0.0,"category_revenue":312908.80859375,"share_pct":0.0},{"period":"2025-04","brand_revenue":0.0,"category_revenue":389974.3359375,"share_pct":0.0},{"period":"2025-05","brand_revenue":0.0,"category_revenue":404824.9609375,"share_pct":0.0},{"period":"2025-06","brand_revenue":0.0,"category_revenue":383193.4765625,"share_pct":0.0},{"period":"2025-07","brand_revenue":0.0,"category_revenue":437456.640625,"share_pct":0.0},{"period":"2025-08","brand_revenue":0.0,"category_revenue":391817.578125,"share_pct":0.0},{"period":"2025-09","brand_revenue":0.0,"category_revenue":367221.40625,"share_pct":0.0},{"period":"2025-10","brand_revenue":0.0,"category_revenue":423332.109375,"share_pct":0.0},{"period":"2025-11","brand_revenue":0.0,"category_revenue":395184.53125,"share_pct":0.0},{"period":"2025-12","brand_revenue":0.0,"category_revenue":387500.234375,"share_pct":0.0},{"period":"2026-01","brand_revenue":0.0,"category_revenue":364337.6171875,"share_pct":0.0}]},"velocity_by_category":[{"category":"PRE ROLL PACK","brand_units_per_day":30.58,"category_avg_units_per_day":11.6,"velocity_index":263.7,"brand_rev_per_unit":22.59,"category_rev_per_unit":25.24,"brands_in_category":14},{"category":"CARTRIDGE","brand_units_per_day":111.04,"category_avg_units_per_day":74.5,"velocity_index":149.0,"brand_rev_per_unit":25.6,"category_rev_per_unit":24.09,"brands_in_category":27},{"category":"INFUSED PACK","brand_units_per_day":6.64,"category_avg_units_per_day":26.26,"velocity_index":25.3,"brand_rev_per_unit":31.27,"category_rev_per_unit":27.52,"brands_in_category":12}],"store_gaps":[{"store":"Elevation Downtown","category":"CARTRIDGE","category_revenue_at_store":190494.43359375,"opportunity":"Category not carried at this store"},{"store":"Elevation Downtown","category":"INFUSED PACK","category_revenue_at_store":135628.349609375,"opportunity":"Category not carried at this store"}],"product_mix":{"top":[{"product":"SOUR TANGIE CART - BIG CHIEF","units":6596,"revenue":207092.34375,"cost":104658.75,"profit":102433.603515625,"stores":6,"transactions":5620,"margin":49.5},{"product":"CHERRY PIE CART - BIG CHIEF","units":5228,"revenue":163311.025390625,"cost":83992.5,"profit":79318.525390625,"stores":6,"transactions":4452,"margin":48.599998474121094},{"product":"WHITE WIDOW CART - BIG CHIEF","units":4986,"revenue":156605.52734375,"cost":79153.75,"profit":77451.77734375,"stores":6,"transactions":4024,"margin":49.5},{"product":"SOUR DIESEL CART - BIG CHIEF","units":4940,"revenue":155673.154296875,"cost":79273.75,"profit":76399.3994140625,"stores":6,"transactions":4322,"margin":49.099998474121094},{"product":"AK47 CDT CART - BIG CHIEF","units":4576,"revenue":153268.203125,"cost":74518.125,"profit":78750.0732421875,"stores":6,"transactions":3994,"margin":51.400001525878906},{"product":"BISCOTTI CART - BIG CHIEF","units":4840,"revenue":150699.375,"cost":77208.75,"profit":73490.625,"stores":6,"transactions":4142,"margin":48.79999923706055},{"product":"MAC & CHIEF CDT CART - BIG CHIEF","units":4618,"revenue":150585.17578125,"cost":73437.5,"profit":77147.67578125,"stores":6,"transactions":4038,"margin":51.20000076293945},{"product":"GIRL SCOUT COOKIES CART - BIG CHIEF","units":4656,"revenue":148471.77734375,"cost":74911.25,"profit":73560.52734375,"stores":6,"transactions":4068,"margin":49.5},{"product":"TRIPLE SCOOP CDT CART - BIG CHIEF","units":4314,"revenue":141313.701171875,"cost":68468.75,"profit":72844.951171875,"stores":6,"transactions":3686,"margin":51.5},{"product":"OG KUSH CART - BIG CHIEF","units":4236,"revenue":135593.076171875,"cost":67567.5,"profit":68025.576171875,"stores":6,"transactions":3302,"margin":50.20000076293945},{"product":"RUNTZ 4 PK PRE ROLL - BIG CHIEF","units":4498,"revenue":120699.8046875,"cost":67470.0,"profit":53229.7998046875,"stores":6,"transactions":3802,"margin":44.099998474121094},{"product":"GREEN CRACK CDT CART - BIG CHIEF","units":3466,"revenue":117042.8515625,"cost":57644.375,"profit":59398.4765625,"stores":6,"transactions":2944,"margin":50.70000076293945},{"product":"STRAWNANA CDT CART - BIG CHIEF","units":3518,"revenue":114065.80078125,"cost":55655.625,"profit":58410.17578125,"stores":6,"transactions":2914,"margin":51.20000076293945},{"product":"APPLE JACK CART - BIG CHIEF","units":3386,"revenue":107705.478515625,"cost":54620.0,"profit":53085.4736328125,"stores":6,"transactions":2862,"margin":49.29999923706055},{"product":"LEMON CHERRY CART - BIG CHIEF","units":3282,"revenue":104118.095703125,"cost":52496.25,"profit":51621.8505859375,"stores":6,"transactions":2794,"margin":49.599998474121094},{"product":"JESSICA RABBIT 4 PK PRE ROLL - BIG CHIEF","units":3334,"revenue":101693.4765625,"cost":50010.0,"profit":51683.4765625,"stores":6,"transactions":2924,"margin":50.79999923706055},{"product":"UZUMAKI CDT CART - BIG CHIEF","units":3070,"revenue":97900.25390625,"cost":48238.125,"profit":49662.1240234375,"stores":6,"transactions":2728,"margin":50.70000076293945},{"product":"DON MEGA 4 PK PRE ROLL - BIG CHIEF","units":3248,"revenue":95910.771484375,"cost":48720.0,"profit":47190.7763671875,"stores":7,"transactions":2844,"margin":49.20000076293945},{"product":"TRAIN WRECK CART - BIG CHIEF","units":2950,"revenue":95075.576171875,"cost":47318.75,"profit":47756.826171875,"stores":5,"transactions":2456,"margin":50.20000076293945},{"product":"HONCHO LATO CDT CART - BIG CHIEF","units":2650,"revenue":86631.875,"cost":42856.25,"profit":43775.625,"stores":6,"transactions":2294,"margin":50.5}],"bottom":[{"product":"GRANDDADDY PURPLE CART - BIG CHIEF","units":1212,"revenue":37431.875,"cost":19695.0,"profit":17736.875,"stores":6,"transactions":1024,"margin":47.400001525878906},{"product":"APPLES & BANANAS 4 PK PRE ROLL - BIG CHIEF","units":1222,"revenue":37242.32421875,"cost":18330.0,"profit":18912.325439453125,"stores":6,"transactions":1124,"margin":50.79999923706055},{"product":"ORANGE CREAMSICLE 4 PK PRE ROLL - BIG CHIEF","units":1004,"revenue":31091.77490234375,"cost":15060.0,"profit":16031.77490234375,"stores":5,"transactions":880,"margin":51.599998474121094},{"product":"LEMON POUND CAKE CART - BIG CHIEF","units":780,"revenue":24388.349609375,"cost":12187.5,"profit":12200.849609375,"stores":6,"transactions":662,"margin":50.0},{"product":"MAC 1 4PK PRE ROLL - BIG CHIEF","units":822,"revenue":23930.30029296875,"cost":12330.0,"profit":11600.30029296875,"stores":6,"transactions":738,"margin":48.5},{"product":"TRAIN WRECK CART 0.8G - BIG CHIEF","units":344,"revenue":10805.0,"cost":5590.0,"profit":5215.0,"stores":2,"transactions":258,"margin":48.29999923706055},{"product":"AK-47 CDT CART - BIG CHIEF","units":312,"revenue":9957.050170898438,"cost":4911.25,"profit":5045.8001708984375,"stores":3,"transactions":290,"margin":50.70000076293945},{"product":"HANCHO LATO INFUSED PRE ROLL 5 PK - BIG CHIEF","units":150,"revenue":6643.499755859375,"cost":3468.75,"profit":3174.7500610351562,"stores":5,"transactions":142,"margin":47.79999923706055},{"product":"DON MEGA PRE ROLL 4 PK - BIG CHIEF","units":4,"revenue":150.0,"cost":60.0,"profit":90.0,"stores":1,"transactions":4,"margin":60.0},{"product":"SOUR MAC & CHIEF CDT CART - BIG CHIEF","units":2,"revenue":50.0,"cost":32.5,"profit":17.5,"stores":1,"transactions":2,"margin":35.0}],"expansion":[{"product":"SOUR TANGIE CART - BIG CHIEF","current_stores":6,"total_stores":7,"missing_stores":["Elevation Downtown"],"revenue":207092.34375},{"product":"CHERRY PIE CART - BIG CHIEF","current_stores":6,"total_stores":7,"missing_stores":["Elevation Downtown"],"revenue":163311.025390625},{"product":"WHITE WIDOW CART - BIG CHIEF","current_stores":6,"total_stores":7,"missing_stores":["Elevation Downtown"],"revenue":156605.52734375},{"product":"SOUR DIESEL CART - BIG CHIEF","current_stores":6,"total_stores":7,"missing_stores":["Elevation Downtown"],"revenue":155673.154296875},{"product":"AK47 CDT CART - BIG CHIEF","current_stores":6,"total_stores":7,"missing_stores":["Elevation Downtown"],"revenue":153268.203125},{"product":"BISCOTTI CART - BIG CHIEF","current_stores":6,"total_stores":7,"missing_stores":["Elevation Downtown"],"revenue":150699.375},{"product":"MAC & CHIEF CDT CART - BIG CHIEF","current_stores":6,"total_stores":7,"missing_stores":["Elevation Downtown"],"revenue":150585.17578125},{"product":"GIRL SCOUT COOKIES CART - BIG CHIEF","current_stores":6,"total_stores":7,"missing_stores":["Elevation Downtown"],"revenue":148471.77734375},{"product":"TRIPLE SCOOP CDT CART - BIG CHIEF","current_stores":6,"total_stores":7,"missing_stores":["Elevation Downtown"],"revenue":141313.701171875},{"product":"OG KUSH CART - BIG CHIEF","current_stores":6,"total_stores":7,"missing_stores":["Elevation Downtown"],"revenue":135593.076171875}]},"pricing_consistency":[{"product":"TRIPLE SCOOP INFUSED PRE ROLL 5 PK - BIG CHIEF","min_price":55.54878901509405,"max_price":103.3252427184466,"avg_price":76.69793528808628,"std_dev":7.621086569137831,"store_count":10,"price_range":47.776453703352544,"range_pct":62.3},{"product":"HONCHO LATO INFUSED PRE ROLL 5 PK - BIG CHIEF","min_price":62.31250700403432,"max_price":97.51047495249155,"avg_price":73.41168061542187,"std_dev":5.772979870899928,"store_count":10,"price_range":35.19796794845723,"range_pct":47.9},{"product":"UZUMAKI LIVE RESIN INFUSED PRE ROLL 5 PK - BIG CHIEF","min_price":68.05113096494932,"max_price":92.45000203450522,"avg_price":78.57558034284231,"std_dev":4.420637011672804,"store_count":12,"price_range":24.398871069555888,"range_pct":31.1},{"product":"SOUR APPLE 4 PK PRE ROLL - BIG CHIEF","min_price":48.46809314546131,"max_price":64.33333333333334,"avg_price":59.46074649608589,"std_dev":2.074409185113061,"store_count":14,"price_range":15.865240187872027,"range_pct":26.7},{"product":"BANGIN BANANA INFUSED PRE ROLL 5 PK - BIG CHIEF","min_price":77.84000651041667,"max_price":100.85251933396465,"avg_price":87.18663438992277,"std_dev":3.470570883326659,"store_count":10,"price_range":23.012512823547986,"range_pct":26.4},{"product":"HANCHO LATO INFUSED PRE ROLL 5 PK - BIG CHIEF","min_price":78.1166737874349,"max_price":98.18332926432292,"avg_price":88.58000183105469,"std_dev":2.990139399006531,"store_count":10,"price_range":20.066655476888027,"range_pct":22.7},{"product":"DON MEGA 4 PK PRE ROLL - BIG CHIEF","min_price":50.49674987792969,"max_price":62.164501953125004,"avg_price":58.434780436670486,"std_dev":1.5268610962196112,"store_count":14,"price_range":11.667752075195317,"range_pct":20.0},{"product":"RUNTZ 4 PK PRE ROLL - BIG CHIEF","min_price":49.33215725806452,"max_price":59.400684931506845,"avg_price":53.96088875707334,"std_dev":1.3107224655908192,"store_count":12,"price_range":10.068527673442329,"range_pct":18.7},{"product":"MAC 1 4PK PRE ROLL - BIG CHIEF","min_price":53.18181818181819,"max_price":63.559322033898304,"avg_price":58.123948639468416,"std_dev":1.4437823835513959,"store_count":12,"price_range":10.377503852080121,"range_pct":17.9},{"product":"HONCHO LATO CDT CART - BIG CHIEF","min_price":58.33437442779541,"max_price":69.28586050180289,"avg_price":64.17083753143632,"std_dev":1.4539556340494089,"store_count":12,"price_range":10.951486074007475,"range_pct":17.1},{"product":"MAC 1 4 PK PRE ROLL - BIG CHIEF","min_price":45.49951330407873,"max_price":53.66319444444444,"avg_price":49.540235873873215,"std_dev":1.26122769008554,"store_count":12,"price_range":8.16368114036571,"range_pct":16.5},{"product":"APPLES & BANANAS 4 PK PRE ROLL - BIG CHIEF","min_price":56.42124938964844,"max_price":65.67708333333333,"avg_price":60.99673592552292,"std_dev":1.3122339706986885,"store_count":12,"price_range":9.255833943684895,"range_pct":15.2},{"product":"TRAINWRECK CART - BIG CHIEF","min_price":57.109375,"max_price":65.41620455794597,"avg_price":61.416093751447605,"std_dev":1.1985754274226925,"store_count":12,"price_range":8.306829557945976,"range_pct":13.5},{"product":"ACAI COOKIES 4 PK PRE ROLL - BIG CHIEF","min_price":54.96474358974359,"max_price":61.849999999999994,"avg_price":59.05073224155767,"std_dev":1.095947906373525,"store_count":12,"price_range":6.885256410256408,"range_pct":11.7},{"product":"BISCOTTI CART - BIG CHIEF","min_price":58.150000000000006,"max_price":64.9591796875,"avg_price":61.71088485175208,"std_dev":0.9620434624338642,"store_count":12,"price_range":6.809179687499993,"range_pct":11.0},{"product":"GREEN CRACK CDT CART - BIG CHIEF","min_price":63.2921455320248,"max_price":70.59967558262711,"avg_price":66.98225069010114,"std_dev":1.1130752336274896,"store_count":12,"price_range":7.307530050602322,"range_pct":10.9},{"product":"GRANDDADDY PURPLE CART - BIG CHIEF","min_price":59.28308823529412,"max_price":65.9375,"avg_price":62.11306941968707,"std_dev":0.8910879554927823,"store_count":12,"price_range":6.654411764705879,"range_pct":10.7},{"product":"TRIPLE SCOOP CDT CART - BIG CHIEF","min_price":63.97125358438671,"max_price":70.9696914210464,"avg_price":66.60680454314142,"std_dev":1.0884111993937078,"store_count":12,"price_range":6.998437836659699,"range_pct":10.5},{"product":"AK-47 CDT CART - BIG CHIEF","min_price":62.98594956987359,"max_price":69.73333358764648,"avg_price":65.53976364187695,"std_dev":1.464152848031229,"store_count":6,"price_range":6.747384017772893,"range_pct":10.3},{"product":"STRAWNANA CDT CART - BIG CHIEF","min_price":59.92857796805246,"max_price":66.4107858426195,"avg_price":63.9843571742907,"std_dev":0.940369016958225,"store_count":12,"price_range":6.482207874567054,"range_pct":10.1},{"product":"LEMON CHERRY CART - BIG CHIEF","min_price":60.64444493765783,"max_price":66.54117431640626,"avg_price":63.013104608693276,"std_dev":0.8989419897748422,"store_count":12,"price_range":5.89672937874842,"range_pct":9.4},{"product":"LONDON POUND CAKE CART - BIG CHIEF","min_price":60.403294825291894,"max_price":65.716796875,"avg_price":62.166901886928436,"std_dev":0.7657220196183204,"store_count":12,"price_range":5.313502049708099,"range_pct":8.5},{"product":"CHERRY PIE CART - BIG CHIEF","min_price":59.394230769230774,"max_price":64.43173435081269,"avg_price":61.868167575501005,"std_dev":0.8219669301624277,"store_count":12,"price_range":5.037503581581921,"range_pct":8.1},{"product":"TRAIN WRECK CART - BIG CHIEF","min_price":60.95801329001402,"max_price":65.8923046875,"avg_price":63.1313598494818,"std_dev":0.7592790924265389,"store_count":10,"price_range":4.934291397485984,"range_pct":7.8},{"product":"OG KUSH CART - BIG CHIEF","min_price":60.242000325520834,"max_price":64.88024311680948,"avg_price":62.93916550194232,"std_dev":0.8015375016415472,"store_count":12,"price_range":4.638242791288647,"range_pct":7.4},{"product":"APPLE JACK CART - BIG CHIEF","min_price":60.42279411764706,"max_price":64.9207269577753,"avg_price":62.84394591663237,"std_dev":0.7190784694434756,"store_count":12,"price_range":4.497932840128245,"range_pct":7.2},{"product":"CHIEF OG CDT CART - BIG CHIEF","min_price":65.64312189275567,"max_price":70.29414653778076,"avg_price":67.39528310828722,"std_dev":0.7467654128747485,"store_count":12,"price_range":4.651024645025084,"range_pct":6.9},{"product":"GIRL SCOUT COOKIES CART - BIG CHIEF","min_price":61.559343009159484,"max_price":65.90078034015916,"avg_price":63.178202099379064,"std_dev":0.7056957331800651,"store_count":12,"price_range":4.34143733099968,"range_pct":6.9},{"product":"UZUMAKI CDT CART - BIG CHIEF","min_price":62.97035759264003,"max_price":67.32000122070312,"avg_price":64.27703833030267,"std_dev":0.6730536465571292,"store_count":12,"price_range":4.3496436280630935,"range_pct":6.8},{"product":"LEMON POUND CAKE CART - BIG CHIEF","min_price":60.0,"max_price":63.9,"avg_price":62.04293154090866,"std_dev":0.6648066482484625,"store_count":12,"price_range":3.899999999999997,"range_pct":6.3}],"promotional_effectiveness":{"lift":{"fp_units_per_day":25.46,"disc_units_per_day":153.58,"lift_pct":503.4,"fp_avg_revenue_per_unit":80.67500000000001,"disc_avg_revenue_per_unit":60.300000000000004},"by_deal":[{"deal_name":"Industry - 30% Off","uses":4786,"revenue":354881.3970899582,"discounts":152633.59895944595,"units":12824.0,"cost":205172.5,"margin":42.2,"discount_depth":60.2},{"deal_name":"Stock & Save - 3 for $75 - Srene / Select / Big Chief Carts","uses":3713,"revenue":572975.374994278,"discounts":156989.6249985695,"units":18320.0,"cost":287605.625,"margin":49.8,"discount_depth":43.0},{"deal_name":"3 for $79 Big Chief Carts","uses":2706,"revenue":584548.3965682983,"discounts":118276.60167455673,"units":17754.0,"cost":287339.375,"margin":50.8,"discount_depth":33.6},{"deal_name":"3 for $75 Big Chief Carts","uses":2083,"revenue":424637.5,"discounts":86297.5,"units":13578.0,"cost":218479.375,"margin":48.5,"discount_depth":33.8},{"deal_name":"Stock & Save - Big Chief PR Packs 2 for $50","uses":1710,"revenue":232843.82500648499,"discounts":46606.174998283386,"units":7452.0,"cost":111780.0,"margin":52.0,"discount_depth":33.4},{"deal_name":"Big Chief PR Packs - 2 for $40","uses":1418,"revenue":153057.92500019073,"discounts":76554.57499980927,"units":6123.0,"cost":91845.0,"margin":40.0,"discount_depth":66.6},{"deal_name":"30% Off Special","uses":1166,"revenue":72603.84993076324,"discounts":31316.149928569794,"units":2679.0,"cost":41377.5,"margin":43.0,"discount_depth":60.2},{"deal_name":"2 for $50 Big Chief Carts","uses":490,"revenue":68137.5,"discounts":13692.5,"units":2176.0,"cost":35198.125,"margin":48.3,"discount_depth":33.4},{"deal_name":"Jackpot - Locals 30% Off","uses":323,"revenue":29174.87482070923,"discounts":12438.87493133545,"units":1052.0,"cost":16548.75,"margin":43.3,"discount_depth":59.8},{"deal_name":"Big Chief IPR Packs - 2 for $40","uses":275,"revenue":29462.5,"discounts":22300.0,"units":1178.0,"cost":22823.75,"margin":22.5,"discount_depth":86.2},{"deal_name":"Industry 30% Off","uses":259,"revenue":22729.999449253082,"discounts":9977.499861717224,"units":789.0,"cost":12286.875,"margin":45.9,"discount_depth":61.0},{"deal_name":"Senior - 10% Off","uses":257,"revenue":24599.73762512207,"discounts":2927.7625262737274,"units":685.0,"cost":11091.25,"margin":54.9,"discount_depth":21.2},{"deal_name":"Veterans - 10% Off","uses":237,"revenue":20999.412655830383,"discounts":2435.58753490448,"units":573.0,"cost":9378.75,"margin":55.3,"discount_depth":20.8},{"deal_name":"- Big Chief PR Packs 2 for $30","uses":183,"revenue":14988.35000038147,"discounts":15011.64999961853,"units":800.0,"cost":12000.0,"margin":19.9,"discount_depth":100.0},{"deal_name":"Stock & Save - 3 for $75 - Srene / Select Carts","uses":174,"revenue":27320.0,"discounts":6670.0,"units":872.0,"cost":14170.0,"margin":48.1,"discount_depth":39.2},{"deal_name":"Lit4Less - 3 for $75 Carts - Srene / Select / AMA / Optimum / BC","uses":162,"revenue":21523.125,"discounts":7511.875,"units":690.0,"cost":10781.25,"margin":49.9,"discount_depth":51.8},{"deal_name":"Senior / Veterans - 20% Off","uses":154,"revenue":16022.57513999939,"discounts":4104.925034046173,"units":507.0,"cost":8081.25,"margin":49.6,"discount_depth":40.8},{"deal_name":"Big Chief IPR Packs - 2 for $60","uses":130,"revenue":20112.62499809265,"discounts":8538.625001907349,"units":538.0,"cost":10423.75,"margin":48.2,"discount_depth":59.6},{"deal_name":"LVAC - 25% Off","uses":55,"revenue":4552.5,"discounts":1517.5,"units":158.0,"cost":2453.75,"margin":46.1,"discount_depth":50.0},{"deal_name":"Employee 30% - NOT FRIDAYS","uses":42,"revenue":2526.999969482422,"discounts":1082.9999923706055,"units":92.0,"cost":1414.375,"margin":44.0,"discount_depth":60.0}]},"growth_opportunities":[{"type":"sku_expansion","title":"Add 'ACAI COOKIES 4 PK PRE ROLL - BIG CHIEF' to 1 more store(s)","detail":"Carried in 6 stores. Missing from: Elevation Downtown","priority":"medium"},{"type":"sku_expansion","title":"Add 'AK-47 CDT CART - BIG CHIEF' to 4 more store(s)","detail":"Carried in 3 stores. Missing from: Elevation Oasis, Elevation Downtown, Elevation Midtown, Elevation Boulevard","priority":"medium"},{"type":"sku_expansion","title":"Add 'AK47 CDT CART - BIG CHIEF' to 1 more store(s)","detail":"Carried in 6 stores. Missing from: Elevation Downtown","priority":"medium"},{"type":"sku_expansion","title":"Add 'APPLE JACK CART - BIG CHIEF' to 1 more store(s)","detail":"Carried in 6 stores. Missing from: Elevation Downtown","priority":"medium"},{"type":"sku_expansion","title":"Add 'APPLES & BANANAS 4 PK PRE ROLL - BIG CHIEF' to 1 more store(s)","detail":"Carried in 6 stores. Missing from: Elevation Downtown","priority":"medium"},{"type":"velocity","title":"Improve velocity in INFUSED PACK","detail":"Velocity index 25 (below category average). 3.3 units/day vs 13.1 avg.","priority":"medium"}],"trend":[{"period":"2024-01","revenue":155494.00390625,"cost":80405.0,"margin":48.3,"units":4948,"transactions":2530,"profit":75088.9990234375,"revenue_change_pct":null,"units_change_pct":null,"margin_change_pts":null},{"period":"2024-02","revenue":213634.00390625,"cost":111748.125,"margin":47.7,"units":6876,"transactions":3084,"profit":101885.87890625,"revenue_change_pct":37.4,"units_change_pct":39.0,"margin_change_pts":-0.6},{"period":"2024-03","revenue":332998.984375,"cost":169130.625,"margin":49.2,"units":10402,"transactions":4736,"profit":163868.359375,"revenue_change_pct":55.9,"units_change_pct":51.3,"margin_change_pts":1.5},{"period":"2024-04","revenue":259251.46484375,"cost":125527.5,"margin":51.6,"units":7778,"transactions":3610,"profit":133723.974609375,"revenue_change_pct":-22.1,"units_change_pct":-25.2,"margin_change_pts":2.4},{"period":"2024-05","revenue":292127.75390625,"cost":141916.875,"margin":51.4,"units":8558,"transactions":3876,"profit":150210.87890625,"revenue_change_pct":12.7,"units_change_pct":10.0,"margin_change_pts":-0.2},{"period":"2024-06","revenue":255447.5,"cost":125953.125,"margin":50.7,"units":7628,"transactions":3464,"profit":129494.375,"revenue_change_pct":-12.6,"units_change_pct":-10.9,"margin_change_pts":-0.7},{"period":"2024-07","revenue":181856.796875,"cost":88850.0,"margin":51.1,"units":5260,"transactions":2712,"profit":93006.796875,"revenue_change_pct":-28.8,"units_change_pct":-31.0,"margin_change_pts":0.4},{"period":"2024-08","revenue":128016.826171875,"cost":62072.5,"margin":51.5,"units":3666,"transactions":2458,"profit":65944.326171875,"revenue_change_pct":-29.6,"units_change_pct":-30.3,"margin_change_pts":0.4},{"period":"2024-09","revenue":209245.09765625,"cost":114541.875,"margin":45.3,"units":6774,"transactions":3652,"profit":94703.22265625,"revenue_change_pct":63.5,"units_change_pct":84.8,"margin_change_pts":-6.3},{"period":"2024-10","revenue":147947.978515625,"cost":74634.375,"margin":49.6,"units":4714,"transactions":2328,"profit":73313.5986328125,"revenue_change_pct":-29.3,"units_change_pct":-30.4,"margin_change_pts":4.3},{"period":"2024-11","revenue":151144.6484375,"cost":76043.75,"margin":49.7,"units":4876,"transactions":2840,"profit":75100.8984375,"revenue_change_pct":2.2,"units_change_pct":3.4,"margin_change_pts":0.1},{"period":"2024-12","revenue":214917.1484375,"cost":106811.875,"margin":50.3,"units":6944,"transactions":4010,"profit":108105.2734375,"revenue_change_pct":42.2,"units_change_pct":42.4,"margin_change_pts":0.6},{"period":"2025-01","revenue":232313.10546875,"cost":113418.75,"margin":51.2,"units":7502,"transactions":4372,"profit":118894.345703125,"revenue_change_pct":8.1,"units_change_pct":8.0,"margin_change_pts":0.9},{"period":"2025-02","revenue":143994.12109375,"cost":70690.0,"margin":50.9,"units":4648,"transactions":2880,"profit":73304.1259765625,"revenue_change_pct":-38.0,"units_change_pct":-38.0,"margin_change_pts":-0.3},{"period":"2025-03","revenue":198507.65625,"cost":102005.0,"margin":48.6,"units":6678,"transactions":3680,"profit":96502.646484375,"revenue_change_pct":37.9,"units_change_pct":43.7,"margin_change_pts":-2.3},{"period":"2025-04","revenue":118328.9453125,"cost":60253.75,"margin":49.1,"units":3950,"transactions":2378,"profit":58075.2001953125,"revenue_change_pct":-40.4,"units_change_pct":-40.9,"margin_change_pts":0.5},{"period":"2025-05","revenue":156201.123046875,"cost":85621.25,"margin":45.2,"units":5634,"transactions":3430,"profit":70579.873046875,"revenue_change_pct":32.0,"units_change_pct":42.6,"margin_change_pts":-3.9},{"period":"2025-06","revenue":93909.873046875,"cost":49731.25,"margin":47.0,"units":3260,"transactions":1878,"profit":44178.623046875,"revenue_change_pct":-39.9,"units_change_pct":-42.1,"margin_change_pts":1.9},{"period":"2025-07","revenue":55166.2255859375,"cost":31946.25,"margin":42.1,"units":2094,"transactions":1202,"profit":23219.9755859375,"revenue_change_pct":-41.3,"units_change_pct":-35.8,"margin_change_pts":-5.0},{"period":"2025-08","revenue":13005.0244140625,"cost":6685.0,"margin":48.6,"units":428,"transactions":294,"profit":6320.0250244140625,"revenue_change_pct":-76.4,"units_change_pct":-79.6,"margin_change_pts":6.5},{"period":"2025-09","revenue":8610.0,"cost":4781.25,"margin":44.5,"units":306,"transactions":242,"profit":3828.75,"revenue_change_pct":-33.8,"units_change_pct":-28.5,"margin_change_pts":-4.1},{"period":"2025-10","revenue":1455.0,"cost":812.5,"margin":44.2,"units":52,"transactions":50,"profit":642.5,"revenue_change_pct":-83.1,"units_change_pct":-83.0,"margin_change_pts":-0.3}]}