{"brand":"SAUCE","date_range":"2024-01-01 00:00:00 to 2026-01-31 00:00:00","period_label":"All Time","summary":{"total_units":92472,"total_revenue":3784151.25,"total_cost":1760955.0,"total_discounts":1267368.671875,"total_profit":2023196.25,"overall_margin":53.5,"fp_margin":64.4000015258789,"disc_margin":48.20000076293945,"pct_full_price":32.29999923706055,"avg_discount_rate":25.100000381469727,"fp_revenue":1223295.0,"disc_revenue":2560856.25,"brand":"SAUCE","date_range":"2024-01-01 00:00:00 to 2026-01-31 00:00:00","primary_category":"DISPOSABLE VAPE","store_coverage":"7/7","stores_present":["Elevation Springs","Elevation Mesa","Elevation Oasis","Elevation Downtown","Elevation Midtown","Elevation Boulevard","Elevation Parkway"],"stores_missing":[],"velocity_rank":2,"velocity_total":35},"distribution":[{"store":"Elevation Springs","carries_brand":true,"sku_count":56,"revenue":816969.765625,"units":19894,"store_total_revenue":51138750.0,"brand_share_pct":1.600000023841858},{"store":"Elevation Mesa","carries_brand":true,"sku_count":56,"revenue":569754.765625,"units":14590,"store_total_revenue":47532240.0,"brand_share_pct":1.2000000476837158},{"store":"Elevation Oasis","carries_brand":true,"sku_count":56,"revenue":900228.28125,"units":22044,"store_total_revenue":56050145.0,"brand_share_pct":1.600000023841858},{"store":"Elevation Downtown","carries_brand":true,"sku_count":42,"revenue":112168.49609375,"units":2722,"store_total_revenue":1945237.1875,"brand_share_pct":5.800000190734863},{"store":"Elevation Midtown","carries_brand":true,"sku_count":58,"revenue":406004.453125,"units":9890,"store_total_revenue":30850185.0,"brand_share_pct":1.2999999523162842},{"store":"Elevation Boulevard","carries_brand":true,"sku_count":56,"revenue":327924.21875,"units":8582,"store_total_revenue":28757865.0,"brand_share_pct":1.100000023841858},{"store":"Elevation Parkway","carries_brand":true,"sku_count":56,"revenue":651101.328125,"units":14750,"store_total_revenue":21987007.5,"brand_share_pct":3.0}],"share_of_category":[{"category":"DISPOSABLE VAPE","brand_revenue":3783516.25,"category_revenue":30552405.0,"revenue_share_pct":12.399999618530273,"brand_units":92460,"category_units":756548,"units_share_pct":12.2},{"category":"TESTER","brand_revenue":462.5,"category_revenue":5668.800048828125,"revenue_share_pct":8.199999809265137,"brand_units":8,"category_units":186,"units_share_pct":4.3},{"category":0.0,"brand_revenue":0.0,"category_revenue":0.0,"revenue_share_pct":0.0,"brand_units":0,"category_units":0,"units_share_pct":0.0}],"share_of_category_trend":{"DISPOSABLE VAPE":[{"period":"2024-01","brand_revenue":0.0,"category_revenue":933474.921875,"share_pct":0.0},{"period":"2024-02","brand_revenue":0.0,"category_revenue":877782.109375,"share_pct":0.0},{"period":"2024-03","brand_revenue":0.0,"category_revenue":990692.03125,"share_pct":0.0},{"period":"2024-04","brand_revenue":0.0,"category_revenue":971952.1875,"share_pct":0.0},{"period":"2024-05","brand_revenue":0.0,"category_revenue":1035100.46875,"share_pct":0.0},{"period":"2024-06","brand_revenue":0.0,"category_revenue":1039794.21875,"share_pct":0.0},{"period":"2024-07","brand_revenue":0.0,"category_revenue":1081636.5625,"share_pct":0.0},{"period":"2024-08","brand_revenue":148057.724609375,"category_revenue":1098658.125,"share_pct":13.5},{"period":"2024-09","brand_revenue":101368.22265625,"category_revenue":1056394.53125,"share_pct":9.600000381469727},{"period":"2024-10","brand_revenue":162883.271484375,"category_revenue":1197041.171875,"share_pct":13.600000381469727},{"period":"2024-11","brand_revenue":336556.5625,"category_revenue":1193980.234375,"share_pct":28.200000762939453},{"period":"2024-12","brand_revenue":233528.06640625,"category_revenue":1222008.984375,"share_pct":19.100000381469727},{"period":"2025-01","brand_revenue":217445.17578125,"category_revenue":1100552.421875,"share_pct":19.799999237060547},{"period":"2025-02","brand_revenue":215462.79296875,"category_revenue":1167271.25,"share_pct":18.5},{"period":"2025-03","brand_revenue":267516.89453125,"category_revenue":1348856.71875,"share_pct":19.799999237060547},{"period":"2025-04","brand_revenue":234499.43359375,"category_revenue":1414639.84375,"share_pct":16.600000381469727},{"period":"2025-05","brand_revenue":271845.37109375,"category_revenue":1460588.4375,"share_pct":18.600000381469727},{"period":"2025-06","brand_revenue":160121.025390625,"category_revenue":1320852.96875,"share_pct":12.100000381469727},{"period":"2025-07","brand_revenue":219842.1484375,"category_revenue":1451194.84375,"share_pct":15.100000381469727},{"period":"2025-08","brand_revenue":259007.59765625,"category_revenue":1403520.625,"share_pct":18.5},{"period":"2025-09","brand_revenue":202235.9765625,"category_revenue":1317518.125,"share_pct":15.300000190734863},{"period":"2025-10","brand_revenue":247068.046875,"category_revenue":1511693.75,"share_pct":16.299999237060547},{"period":"2025-11","brand_revenue":156784.74609375,"category_revenue":1481709.21875,"share_pct":10.600000381469727},{"period":"2025-12","brand_revenue":171717.734375,"category_revenue":1476896.875,"share_pct":11.600000381469727},{"period":"2026-01","brand_revenue":177575.52734375,"category_revenue":1398594.84375,"share_pct":12.699999809265137}],"TESTER":[{"period":"2024-01","brand_revenue":0.0,"category_revenue":4033.75,"share_pct":0.0},{"period":"2024-04","brand_revenue":0.0,"category_revenue":85.0,"share_pct":0.0},{"period":"2024-05","brand_revenue":0.0,"category_revenue":145.24999618530273,"share_pct":0.0},{"period":"2024-09","brand_revenue":462.5,"category_revenue":462.5,"share_pct":100.0},{"period":"2024-11","brand_revenue":0.0,"category_revenue":61.25,"share_pct":0.0},{"period":"2025-03","brand_revenue":0.0,"category_revenue":49.000000953674316,"share_pct":0.0},{"period":"2025-05","brand_revenue":0.0,"category_revenue":25.0,"share_pct":0.0},{"period":"2025-06","brand_revenue":0.0,"category_revenue":156.75000190734863,"share_pct":0.0},{"period":"2025-07","brand_revenue":0.0,"category_revenue":399.24999237060547,"share_pct":0.0},{"period":"2025-08","brand_revenue":0.0,"category_revenue":248.50000381469727,"share_pct":0.0},{"period":"2025-09","brand_revenue":0.0,"category_revenue":2.549999952316284,"share_pct":0.0}]},"velocity_by_category":[{"category":"DISPOSABLE VAPE","brand_units_per_day":121.34,"category_avg_units_per_day":28.36,"velocity_index":427.7,"brand_rev_per_unit":32.74,"category_rev_per_unit":32.31,"brands_in_category":35},{"category":"TESTER","brand_units_per_day":0.02,"category_avg_units_per_day":0.02,"velocity_index":38.7,"brand_rev_per_unit":46.25,"category_rev_per_unit":24.38,"brands_in_category":9},{"category":0.0,"brand_units_per_day":0.0,"category_avg_units_per_day":0,"velocity_index":0,"brand_rev_per_unit":0.0,"category_rev_per_unit":0.0,"brands_in_category":0}],"store_gaps":[],"product_mix":{"top":[{"product":"SUPER WHITE WIDOW CLASSIC DISPOSABLE VAPE - SAUCE","units":10956,"revenue":400346.5625,"cost":174612.5,"profit":225734.08203125,"stores":7,"transactions":9824,"margin":56.400001525878906},{"product":"CITRUS HAZE CLASSIC DISPOSABLE VAPE - SAUCE","units":10184,"revenue":375710.546875,"cost":166631.25,"profit":209079.296875,"stores":7,"transactions":9270,"margin":55.599998474121094},{"product":"SUNSET GELATO CLASSIC DISPOSABLE VAPE - SAUCE","units":10292,"revenue":367814.6484375,"cost":167376.25,"profit":200438.3984375,"stores":7,"transactions":9266,"margin":54.5},{"product":"WHITE BLUEBERRY CLASSIC DISPOSABLE VAPE - SAUCE","units":9890,"revenue":353283.515625,"cost":160167.5,"profit":193115.99609375,"stores":7,"transactions":8710,"margin":54.70000076293945},{"product":"KINGS KUSH ESSENTIAL LIVE RESIN DISPOSABLE VAPE - SAUCE","units":6660,"revenue":310353.671875,"cost":154840.0,"profit":155513.671875,"stores":7,"transactions":6126,"margin":50.099998474121094},{"product":"ALOHA EXPRESS ESSENTIAL LIVE RESIN DISPOSABLE VAPE - SAUCE","units":6434,"revenue":297839.765625,"cost":148218.75,"profit":149621.025390625,"stores":7,"transactions":5966,"margin":50.20000076293945},{"product":"PURPLE HAZE CLASSIC DISPOSABLE VAPE - SAUCE","units":7764,"revenue":281792.98828125,"cost":126691.25,"profit":155101.748046875,"stores":7,"transactions":7156,"margin":55.0},{"product":"JACK DIESEL ESSENTIAL LIVE RESIN DISPOSABLE VAPE - SAUCE","units":5450,"revenue":255411.30859375,"cost":124445.0,"profit":130966.298828125,"stores":7,"transactions":5026,"margin":51.29999923706055},{"product":"STRAWBERRY COUGH ESSENTIAL LIVE RESIN DISPOSABLE VAPE - SAUCE","units":5068,"revenue":240649.375,"cost":121475.0,"profit":119174.375,"stores":7,"transactions":4684,"margin":49.5},{"product":"BLUEBERRY KUSH ESSENTIAL LIVE RESIN DISPOSABLE VAPE - SAUCE","units":4408,"revenue":205000.1953125,"cost":101617.5,"profit":103382.6953125,"stores":7,"transactions":4074,"margin":50.400001525878906},{"product":"STRAWBERRY COUGH ESSENTIAL LIVE RESIN DISP VAPE - SAUCE","units":1888,"revenue":96767.05078125,"cost":44210.0,"profit":52557.05078125,"stores":6,"transactions":1786,"margin":54.29999923706055},{"product":"SUPER SOUR APPLE CLASSIC DISPOSABLE VAPE - SAUCE","units":2618,"revenue":96059.27734375,"cost":37633.75,"profit":58425.52734375,"stores":7,"transactions":2382,"margin":60.79999923706055},{"product":"KINGS KUSH ESSENTIAL LIVE RESIN DISP VAPE - SAUCE","units":1436,"revenue":71666.6259765625,"cost":34590.0,"profit":37076.6259765625,"stores":6,"transactions":1298,"margin":51.70000076293945},{"product":"GHOST TRAIN HAZE ESSENTIAL LIVE RESIN DISP VAPE - SAUCE","units":1282,"revenue":67305.0,"cost":29050.0,"profit":38255.0,"stores":6,"transactions":1210,"margin":56.79999923706055},{"product":"GHOST TRAIN HAZE ESSENTIAL LIVE RESIN DISPOSABLE VAPE - SAUCE","units":1294,"revenue":59565.625,"cost":30267.5,"profit":29298.125,"stores":7,"transactions":1228,"margin":49.20000076293945},{"product":"STRAWBERRY COUGH LIVE RESIN DISPOSABLE VAPE - SAUCE","units":986,"revenue":46589.6240234375,"cost":20336.25,"profit":26253.3740234375,"stores":7,"transactions":934,"margin":56.400001525878906},{"product":"SUPER SOUR DIESEL CLASSIC DISPOSABLE VAPE - SAUCE","units":1102,"revenue":38959.423828125,"cost":16747.5,"profit":22211.923828125,"stores":7,"transactions":1024,"margin":57.0},{"product":"APPLE FRITTER LIVE RESIN DISPOSABLE VAPE - SAUCE","units":824,"revenue":37300.0,"cost":16995.0,"profit":20305.0,"stores":6,"transactions":772,"margin":54.400001525878906},{"product":"BLUEBERRY KUSH ESSENTIAL LIVE RESIN DISP VAPE - SAUCE","units":486,"revenue":23699.07470703125,"cost":12150.0,"profit":11549.07470703125,"stores":5,"transactions":460,"margin":48.70000076293945},{"product":"JACK DIESEL LR DISPOSABLE VAPE - SAUCE","units":446,"revenue":22110.92529296875,"cost":11150.0,"profit":10960.92529296875,"stores":6,"transactions":420,"margin":49.599998474121094}],"bottom":[{"product":"ALOHA EXPRESS ESSENTIAL LR DISPOSABLE VAPE - SAUCE","units":308,"revenue":15370.0,"cost":7700.0,"profit":7670.0,"stores":6,"transactions":300,"margin":49.900001525878906},{"product":"WHITE WIDOW ESSENTIAL LIVE RESIN DISPOSABLE VAPE - SAUCE","units":290,"revenue":14093.75,"cost":5981.25,"profit":8112.5,"stores":2,"transactions":260,"margin":57.599998474121094},{"product":"SKYWALKER OG CLASSIC DISPOSABLE VAPE - SAUCE","units":360,"revenue":11884.749755859375,"cost":5175.0,"profit":6709.749755859375,"stores":7,"transactions":324,"margin":56.5},{"product":"ANIMAL MINTZ ESSENTIAL LIVE RESIN DISPOSABLE VAPE - SAUCE","units":260,"revenue":11517.149658203125,"cost":5878.75,"profit":5638.4002685546875,"stores":5,"transactions":258,"margin":49.0},{"product":"NORTHERN LIGHTS CLASSIC DISPOSABLE VAPE - SAUCE","units":250,"revenue":9626.624755859375,"cost":3593.75,"profit":6032.874755859375,"stores":4,"transactions":246,"margin":62.70000076293945},{"product":"ALOHA EXPRESS LR DISPOSABLE VAPE - SAUCE","units":88,"revenue":4192.5,"cost":2020.0,"profit":2172.5,"stores":5,"transactions":84,"margin":51.79999923706055},{"product":"ZKITTLEZ ESSENTIAL LIVE RESIN DISPOSABLE VAPE - SAUCE","units":82,"revenue":3662.5,"cost":1691.25,"profit":1971.25,"stores":5,"transactions":80,"margin":53.79999923706055},{"product":"STRAWBERRY COUGH ESSENITAL LIVE RESIN DISPOSABLE VAPE - SAUCE","units":58,"revenue":2850.0,"cost":1196.25,"profit":1653.75,"stores":2,"transactions":56,"margin":58.0},{"product":"APPLE FRITTER ESSENTIAL LIVE RESIN DISPOSABLE VAPE - SAUCE","units":26,"revenue":1237.5,"cost":536.25,"profit":701.25,"stores":2,"transactions":26,"margin":56.70000076293945},{"product":"PINEAPPLE EXPRESS CLASSIC DISPOSABLE VAPE - SAUCE","units":20,"revenue":660.0,"cost":287.5,"profit":372.5,"stores":1,"transactions":18,"margin":56.400001525878906}],"expansion":[{"product":"STRAWBERRY COUGH ESSENTIAL LIVE RESIN DISP VAPE - SAUCE","current_stores":6,"total_stores":7,"missing_stores":["Elevation Downtown"],"revenue":96767.05078125},{"product":"KINGS KUSH ESSENTIAL LIVE RESIN DISP VAPE - SAUCE","current_stores":6,"total_stores":7,"missing_stores":["Elevation Downtown"],"revenue":71666.6259765625},{"product":"GHOST TRAIN HAZE ESSENTIAL LIVE RESIN DISP VAPE - SAUCE","current_stores":6,"total_stores":7,"missing_stores":["Elevation Downtown"],"revenue":67305.0},{"product":"APPLE FRITTER LIVE RESIN DISPOSABLE VAPE - SAUCE","current_stores":6,"total_stores":7,"missing_stores":["Elevation Midtown"],"revenue":37300.0},{"product":"BLUEBERRY KUSH ESSENTIAL LIVE RESIN DISP VAPE - SAUCE","current_stores":5,"total_stores":7,"missing_stores":["Elevation Downtown","Elevation Boulevard"],"revenue":23699.07470703125},{"product":"JACK DIESEL LR DISPOSABLE VAPE - SAUCE","current_stores":6,"total_stores":7,"missing_stores":["Elevation Downtown"],"revenue":22110.92529296875},{"product":"ZKITTLEZ LIVE RESIN DISPOSABLE VAPE - SAUCE","current_stores":6,"total_stores":7,"missing_stores":["Elevation Mesa"],"revenue":21944.65087890625},{"product":"ANIMAL MINTZ LR DISPOSABLE VAPE - SAUCE","current_stores":6,"total_stores":7,"missing_stores":["Elevation Downtown"],"revenue":20338.75},{"product":"KINGS KUSH ESSENTIAL LIVE RESIN DISP VAPE","current_stores":6,"total_stores":7,"missing_stores":["Elevation Downtown"],"revenue":18547.9248046875},{"product":"ALOHA EXPRESS ESSENTIAL LR DISPOSABLE VAPE - SAUCE","current_stores":6,"total_stores":7,"missing_stores":["Elevation Downtown"],"revenue":15370.0}]},"pricing_consistency":[{"product":"ALOHA EXPRESS LR DISPOSABLE VAPE - SAUCE","min_price":73.75,"max_price":104.53947368421053,"avg_price":88.13706140350877,"std_dev":5.1037864491772975,"store_count":10,"price_range":30.78947368421053,"range_pct":34.9},{"product":"STRAWBERRY COUGH ESSENTIAL LIVE RESIN DISP VAPE - SAUCE","min_price":90.35472972972974,"max_price":117.41803278688523,"avg_price":103.00691831372289,"std_dev":4.362943717916718,"store_count":12,"price_range":27.0633030571555,"range_pct":26.3},{"product":"ALOHA EXPRESS ESSENTIAL LR DISPOSABLE VAPE - SAUCE","min_price":82.75,"max_price":107.9375,"avg_price":97.05425597952771,"std_dev":4.306182277504977,"store_count":12,"price_range":25.18749999999999,"range_pct":26.0},{"product":"KINGS KUSH ESSENTIAL LIVE RESIN DISP VAPE","min_price":93.75,"max_price":121.35416666666666,"avg_price":107.87268410995067,"std_dev":4.897936046650127,"store_count":12,"price_range":27.60416666666666,"range_pct":25.6},{"product":"SKYWALKER OG CLASSIC DISPOSABLE VAPE - SAUCE","min_price":59.16666666666667,"max_price":73.7,"avg_price":65.68154805501302,"std_dev":2.215716588127242,"store_count":14,"price_range":14.533333333333331,"range_pct":22.1},{"product":"JACK DIESEL LR DISPOSABLE VAPE - SAUCE","min_price":89.11764705882354,"max_price":108.07692307692308,"avg_price":95.92223469513543,"std_dev":3.0529303283522995,"store_count":12,"price_range":18.95927601809955,"range_pct":19.8},{"product":"GHOST TRAIN HAZE ESSENTIAL LIVE RESIN DISP VAPE - SAUCE","min_price":94.38492063492063,"max_price":114.58333333333334,"avg_price":104.35379031173892,"std_dev":3.6615589796468107,"store_count":12,"price_range":20.198412698412707,"range_pct":19.4},{"product":"ALOHA EXPRESS ESSENTIAL LIVE RESIN DISPOSABLE VAPE - SAUCE","min_price":86.08200941628556,"max_price":103.36934629728938,"avg_price":91.32326263594285,"std_dev":2.2327835382440075,"store_count":14,"price_range":17.28733688100382,"range_pct":18.9},{"product":"JACK DIESEL ESSENTIAL LIVE RESIN DISPOSABLE VAPE - SAUCE","min_price":86.01063829787235,"max_price":102.91984732824429,"avg_price":93.75932151855017,"std_dev":2.2634317724587962,"store_count":14,"price_range":16.909209030371937,"range_pct":18.0},{"product":"KINGS KUSH ESSENTIAL LIVE RESIN DISP VAPE - SAUCE","min_price":91.87770589192708,"max_price":108.64973262032086,"avg_price":99.05581254086174,"std_dev":2.640014978241668,"store_count":12,"price_range":16.772026728393783,"range_pct":16.9},{"product":"SUPER SOUR DIESEL CLASSIC DISPOSABLE VAPE - SAUCE","min_price":65.66874694824219,"max_price":77.57058536305146,"avg_price":71.03069007996639,"std_dev":1.6168318155854806,"store_count":14,"price_range":11.901838414809278,"range_pct":16.8},{"product":"GHOST TRAIN HAZE ESSENTIAL LIVE RESIN DISPOSABLE VAPE - SAUCE","min_price":84.34027777777779,"max_price":99.66216216216216,"avg_price":92.36157415876247,"std_dev":2.47982544961163,"store_count":14,"price_range":15.321884384384372,"range_pct":16.6},{"product":"NORTHERN LIGHTS CLASSIC DISPOSABLE VAPE - SAUCE","min_price":70.64000244140625,"max_price":83.34000244140626,"avg_price":77.45625305175781,"std_dev":2.261635798853096,"store_count":8,"price_range":12.700000000000005,"range_pct":16.4},{"product":"KINGS KUSH ESSENTIAL LIVE RESIN DISPOSABLE VAPE - SAUCE","min_price":86.20794637313742,"max_price":99.59558823529412,"avg_price":92.32837624342606,"std_dev":1.8157639260497334,"store_count":14,"price_range":13.387641862156698,"range_pct":14.5},{"product":"ANIMAL MINTZ ESSENTIAL LIVE RESIN DISPOSABLE VAPE - SAUCE","min_price":81.0,"max_price":93.75,"avg_price":88.20246499128334,"std_dev":1.837166132981609,"store_count":10,"price_range":12.750000000000004,"range_pct":14.5},{"product":"ANIMAL MINTZ LR DISPOSABLE VAPE - SAUCE","min_price":86.30000000000001,"max_price":99.75,"avg_price":94.6048611111111,"std_dev":2.0994452089028615,"store_count":12,"price_range":13.449999999999989,"range_pct":14.2},{"product":"ZKITTLEZ LIVE RESIN DISPOSABLE VAPE - SAUCE","min_price":82.14285714285714,"max_price":94.09722222222221,"avg_price":88.43686109098434,"std_dev":1.9337095816592156,"store_count":12,"price_range":11.954365079365079,"range_pct":13.5},{"product":"STRAWBERRY COUGH ESSENTIAL LIVE RESIN DISPOSABLE VAPE - SAUCE","min_price":88.37251273308011,"max_price":100.59820452800095,"avg_price":93.66601773474747,"std_dev":1.932900191579287,"store_count":14,"price_range":12.225691794920834,"range_pct":13.1},{"product":"BLUEBERRY KUSH ESSENTIAL LIVE RESIN DISPOSABLE VAPE - SAUCE","min_price":86.09069540334302,"max_price":98.18181818181819,"avg_price":92.98652743403993,"std_dev":1.982288371897134,"store_count":14,"price_range":12.091122778475167,"range_pct":13.0},{"product":"SUPER WHITE WIDOW CLASSIC DISPOSABLE VAPE - SAUCE","min_price":68.83083881578948,"max_price":78.07683470022624,"avg_price":73.09047051924999,"std_dev":1.2903018085659592,"store_count":14,"price_range":9.245995884436766,"range_pct":12.7},{"product":"STRAWBERRY COUGH LIVE RESIN DISPOSABLE VAPE - SAUCE","min_price":88.25543832087862,"max_price":99.0,"avg_price":94.41492880473163,"std_dev":1.4423486346311443,"store_count":14,"price_range":10.744561679121372,"range_pct":11.4},{"product":"CITRUS HAZE CLASSIC DISPOSABLE VAPE - SAUCE","min_price":69.42520111386139,"max_price":77.21950169613487,"avg_price":73.21189019460972,"std_dev":1.0300204573341478,"store_count":14,"price_range":7.794300582273479,"range_pct":10.6},{"product":"BLUEBERRY KUSH ESSENTIAL LIVE RESIN DISP VAPE - SAUCE","min_price":93.80765331034758,"max_price":104.025,"avg_price":97.36889177044729,"std_dev":1.5828167917941924,"store_count":10,"price_range":10.217346689652427,"range_pct":10.5},{"product":"ZKITTLEZ ESSENTIAL LIVE RESIN DISPOSABLE VAPE - SAUCE","min_price":87.5,"max_price":96.875,"avg_price":89.6875,"std_dev":1.6298006013006623,"store_count":10,"price_range":9.375,"range_pct":10.5},{"product":"APPLE FRITTER LIVE RESIN DISPOSABLE VAPE - SAUCE","min_price":84.66699829101563,"max_price":93.93939393939394,"avg_price":90.06839823089186,"std_dev":1.4602027603607781,"store_count":12,"price_range":9.272395648378318,"range_pct":10.3},{"product":"SUNSET GELATO CLASSIC DISPOSABLE VAPE - SAUCE","min_price":68.9384288747346,"max_price":76.0079511902142,"avg_price":71.64585407086925,"std_dev":0.9835373416863936,"store_count":14,"price_range":7.069522315479597,"range_pct":9.9},{"product":"SUPER SOUR APPLE CLASSIC DISPOSABLE VAPE - SAUCE","min_price":71.6561204559949,"max_price":78.42856997535343,"avg_price":74.15901638686195,"std_dev":0.9781892134734731,"store_count":14,"price_range":6.772449519358528,"range_pct":9.1},{"product":"PURPLE HAZE CLASSIC DISPOSABLE VAPE - SAUCE","min_price":70.25246779983108,"max_price":76.07876712328766,"avg_price":72.96502406380048,"std_dev":0.9409867991359299,"store_count":14,"price_range":5.826299323456583,"range_pct":8.0},{"product":"APPLE FRITTER ESSENTIAL LIVE RESIN DISPOSABLE VAPE - SAUCE","min_price":93.75,"max_price":100.0,"avg_price":96.875,"std_dev":1.7677669529663689,"store_count":4,"price_range":6.25,"range_pct":6.5},{"product":"WHITE BLUEBERRY CLASSIC DISPOSABLE VAPE - SAUCE","min_price":69.05831473214286,"max_price":72.68407416727672,"avg_price":71.2669401905129,"std_dev":0.5292295493648297,"store_count":14,"price_range":3.625759435133862,"range_pct":5.1}],"promotional_effectiveness":{"lift":{"fp_units_per_day":45.54,"disc_units_per_day":128.92,"lift_pct":183.1,"fp_avg_revenue_per_unit":111.44999999999999,"disc_avg_revenue_per_unit":72.625},"by_deal":[{"deal_name":"Sauce Disposables - 30% Off!!!","uses":3362,"revenue":356735.06196419394,"discounts":153677.8540054957,"units":9149.666666666666,"cost":158406.875,"margin":55.6,"discount_depth":60.2},{"deal_name":"Sauce Classic Disposables (Distillate) 2 for $50","uses":2915,"revenue":394123.57500076294,"discounts":222987.67499685287,"units":12611.0,"cost":212688.75,"margin":46.0,"discount_depth":72.2},{"deal_name":"Sauce Disposables 33% Off","uses":2364,"revenue":237605.9460926056,"discounts":117401.54952287674,"units":6624.0,"cost":132725.0,"margin":44.1,"discount_depth":66.2},{"deal_name":"Industry - 30% Off","uses":2222,"revenue":200321.3225698471,"discounts":86268.67439031601,"units":5170.0,"cost":107310.0,"margin":46.4,"discount_depth":60.2},{"deal_name":"Industry 30% Off","uses":2094,"revenue":193694.5029243827,"discounts":83737.1621886889,"units":5017.333333333333,"cost":88425.41666666666,"margin":54.3,"discount_depth":60.4},{"deal_name":"Sauce Disposables 30% Off","uses":1618,"revenue":168895.37271022797,"discounts":72500.87438821793,"units":4499.0,"cost":76624.375,"margin":54.6,"discount_depth":60.0},{"deal_name":"Lit4Less - Disposables - 2 for $60 (NO LR / HTE)","uses":1444,"revenue":197413.57499599457,"discounts":64782.675001621246,"units":5275.0,"cost":77048.125,"margin":61.0,"discount_depth":49.4},{"deal_name":"Sauce Essential Disposables 2 for $65","uses":988,"revenue":162400.8249950409,"discounts":87171.6750049591,"units":4002.0,"cost":94595.0,"margin":41.8,"discount_depth":69.8},{"deal_name":"GW - 50% Off Vapes","uses":768,"revenue":64236.25,"discounts":64236.25,"units":2314.0,"cost":49285.0,"margin":23.3,"discount_depth":100.0},{"deal_name":"4/20 2025 - Vapes","uses":740,"revenue":63556.37500047684,"discounts":63796.12500190735,"units":2244.0,"cost":49310.0,"margin":22.4,"discount_depth":100.2},{"deal_name":"Sauce Disposables 40% Off","uses":366,"revenue":34799.99972343445,"discounts":23322.50026702881,"units":1058.0,"cost":22260.0,"margin":36.0,"discount_depth":80.2},{"deal_name":"50% Off - G2B","uses":363,"revenue":28547.708333333336,"discounts":28588.958333333336,"units":1016.6666666666666,"cost":17806.25,"margin":37.6,"discount_depth":100.0},{"deal_name":"Senior - 10% Off","uses":280,"revenue":42051.87452316284,"discounts":4805.625029802322,"units":820.0,"cost":16587.5,"margin":60.6,"discount_depth":20.6},{"deal_name":"Jackpot - Locals 30% Off","uses":266,"revenue":27841.124715805054,"discounts":11940.124914646149,"units":741.0,"cost":13053.75,"margin":53.1,"discount_depth":60.0},{"deal_name":"Sauce Essential Disposables 3 for $90","uses":246,"revenue":60575.0,"discounts":40445.0,"units":1618.0,"cost":39651.25,"margin":34.5,"discount_depth":80.0},{"deal_name":"Spark the Summer Sale","uses":226,"revenue":22779.774985313416,"discounts":15475.225014686584,"units":620.0,"cost":13761.25,"margin":39.6,"discount_depth":81.0},{"deal_name":"Veterans - 10% Off","uses":222,"revenue":28223.999609947205,"discounts":3168.5000252723694,"units":554.0,"cost":11343.75,"margin":59.8,"discount_depth":20.2},{"deal_name":"Sauce Classic Disposables - $20.25","uses":115,"revenue":7835.0,"discounts":7375.0,"units":312.0,"cost":5460.0,"margin":30.3,"discount_depth":97.0},{"deal_name":"Sauce Disposables 31% Off","uses":83,"revenue":9290.849981307983,"discounts":4174.150018692017,"units":240.0,"cost":5145.0,"margin":44.6,"discount_depth":62.0},{"deal_name":"LVAC - 25% Off","uses":79,"revenue":8053.125,"discounts":2684.375,"units":190.0,"cost":3773.75,"margin":53.1,"discount_depth":50.0}]},"growth_opportunities":[{"type":"sku_expansion","title":"Add 'ALOHA EXPRESS ESSENTIAL LR DISPOSABLE VAPE - SAUCE' to 1 more store(s)","detail":"Carried in 6 stores. Missing from: Elevation Downtown","priority":"medium"},{"type":"sku_expansion","title":"Add 'ALOHA EXPRESS LR DISPOSABLE VAPE - SAUCE' to 2 more store(s)","detail":"Carried in 5 stores. Missing from: Elevation Oasis, Elevation Downtown","priority":"medium"},{"type":"sku_expansion","title":"Add 'ANIMAL MINTZ ESSENTIAL LIVE RESIN DISPOSABLE VAPE - SAUCE' to 2 more store(s)","detail":"Carried in 5 stores. Missing from: Elevation Downtown, Elevation Parkway","priority":"medium"},{"type":"sku_expansion","title":"Add 'ANIMAL MINTZ LR DISPOSABLE VAPE - SAUCE' to 1 more store(s)","detail":"Carried in 6 stores. Missing from: Elevation Downtown","priority":"medium"},{"type":"sku_expansion","title":"Add 'APPLE FRITTER ESSENTIAL LIVE RESIN DISPOSABLE VAPE - SAUCE' to 5 more store(s)","detail":"Carried in 2 stores. Missing from: Elevation Springs, Elevation Oasis, Elevation Midtown, Elevation Boulevard, Elevation Parkway","priority":"medium"},{"type":"velocity","title":"Improve velocity in TESTER","detail":"Velocity index 39 (below category average). 0.0 units/day vs 0.0 avg.","priority":"medium"},{"type":"velocity","title":"Improve velocity in nan","detail":"Velocity index 0 (below category average). 0.0 units/day vs 0.0 avg.","priority":"medium"}],"trend":[{"period":"2024-08","revenue":148057.724609375,"cost":53600.0,"margin":63.8,"units":3056,"transactions":2490,"profit":94457.724609375,"revenue_change_pct":null,"units_change_pct":null,"margin_change_pts":null},{"period":"2024-09","revenue":101830.72265625,"cost":47420.0,"margin":53.4,"units":2254,"transactions":1644,"profit":54410.72265625,"revenue_change_pct":-31.2,"units_change_pct":-26.2,"margin_change_pts":-10.4},{"period":"2024-10","revenue":163055.771484375,"cost":80820.0,"margin":50.4,"units":3820,"transactions":2568,"profit":82235.771484375,"revenue_change_pct":60.1,"units_change_pct":69.5,"margin_change_pts":-3.0},{"period":"2024-11","revenue":336556.5625,"cost":177460.0,"margin":47.3,"units":8510,"transactions":5868,"profit":159096.552734375,"revenue_change_pct":106.4,"units_change_pct":122.8,"margin_change_pts":-3.2},{"period":"2024-12","revenue":233528.06640625,"cost":112160.0,"margin":52.0,"units":5330,"transactions":3784,"profit":121368.076171875,"revenue_change_pct":-30.6,"units_change_pct":-37.4,"margin_change_pts":4.7},{"period":"2025-01","revenue":217445.17578125,"cost":108355.0,"margin":50.2,"units":5158,"transactions":3668,"profit":109090.17578125,"revenue_change_pct":-6.9,"units_change_pct":-3.2,"margin_change_pts":-1.8},{"period":"2025-02","revenue":215462.79296875,"cost":109915.0,"margin":49.0,"units":5290,"transactions":3570,"profit":105547.802734375,"revenue_change_pct":-0.9,"units_change_pct":2.6,"margin_change_pts":-1.2},{"period":"2025-03","revenue":267516.89453125,"cost":139865.0,"margin":47.7,"units":6856,"transactions":4330,"profit":127651.904296875,"revenue_change_pct":24.2,"units_change_pct":29.6,"margin_change_pts":-1.3},{"period":"2025-04","revenue":234499.43359375,"cost":133030.0,"margin":43.3,"units":6308,"transactions":4168,"profit":101469.423828125,"revenue_change_pct":-12.3,"units_change_pct":-8.0,"margin_change_pts":-4.4},{"period":"2025-05","revenue":271845.37109375,"cost":134325.0,"margin":50.6,"units":6940,"transactions":4846,"profit":137520.37109375,"revenue_change_pct":15.9,"units_change_pct":10.0,"margin_change_pts":7.3},{"period":"2025-06","revenue":160121.025390625,"cost":71307.5,"margin":55.5,"units":3736,"transactions":2558,"profit":88813.525390625,"revenue_change_pct":-41.1,"units_change_pct":-46.2,"margin_change_pts":4.9},{"period":"2025-07","revenue":219842.1484375,"cost":94320.0,"margin":57.1,"units":5636,"transactions":3602,"profit":125522.1484375,"revenue_change_pct":37.3,"units_change_pct":50.9,"margin_change_pts":1.6},{"period":"2025-08","revenue":259007.59765625,"cost":103427.5,"margin":60.1,"units":6240,"transactions":4354,"profit":155580.09765625,"revenue_change_pct":17.8,"units_change_pct":10.7,"margin_change_pts":3.0},{"period":"2025-09","revenue":202235.9765625,"cost":80053.75,"margin":60.4,"units":5010,"transactions":3632,"profit":122182.2265625,"revenue_change_pct":-21.9,"units_change_pct":-19.7,"margin_change_pts":0.3},{"period":"2025-10","revenue":247068.046875,"cost":99028.75,"margin":59.9,"units":6182,"transactions":4642,"profit":148039.296875,"revenue_change_pct":22.2,"units_change_pct":23.4,"margin_change_pts":-0.5},{"period":"2025-11","revenue":156784.74609375,"cost":69980.0,"margin":55.4,"units":3896,"transactions":2992,"profit":86804.74609375,"revenue_change_pct":-36.5,"units_change_pct":-37.0,"margin_change_pts":-4.6},{"period":"2025-12","revenue":171717.734375,"cost":72990.0,"margin":57.5,"units":3928,"transactions":2978,"profit":98727.724609375,"revenue_change_pct":9.5,"units_change_pct":0.8,"margin_change_pts":2.1},{"period":"2026-01","revenue":177575.52734375,"cost":72897.5,"margin":58.9,"units":4322,"transactions":3184,"profit":104678.02734375,"revenue_change_pct":3.4,"units_change_pct":10.0,"margin_change_pts":1.5}]}