{"brand":"SAUCE","date_range":"2024-01-01 00:00:00 to 2026-01-31 00:00:00","period_label":"All Time","summary":{"total_units":92472,"total_revenue":3784151.25,"total_cost":1760955.0,"total_discounts":1267368.671875,"total_profit":2023196.25,"overall_margin":53.5,"fp_margin":64.4000015258789,"disc_margin":48.20000076293945,"pct_full_price":32.29999923706055,"avg_discount_rate":25.100000381469727,"fp_revenue":1223295.0,"disc_revenue":2560856.25,"unique_customers":41982,"brand":"SAUCE","date_range":"2024-01-01 00:00:00 to 2026-01-31 00:00:00","months_count":36,"avg_monthly_cost":97830.82500000001,"cost_per_unit":38.075,"primary_category":"DISPOSABLE VAPE","primary_cat_margin":52.79999923706055,"category_rank":2,"category_total":35,"margin_vs_category":0.699999988079071,"velocity_rank":2},"category_breakdown":[{"category_clean":"DISPOSABLE VAPE","units":92460,"revenue":3783516.25,"cost":1760670.0,"profit":2022846.25,"discounts":1267253.671875,"margin":53.5,"category_avg_margin":52.79999923706055,"vs_category":0.7,"rank":2.0,"total_brands":35.0},{"category_clean":"TESTER","units":8,"revenue":462.5,"cost":200.0,"profit":262.5,"discounts":37.5,"margin":56.79999923706055,"category_avg_margin":57.599998474121094,"vs_category":-0.8,"rank":3.0,"total_brands":9.0}],"trend":[{"period":"2024-08","revenue":148057.724609375,"cost":53600.0,"margin":63.8,"units":3056,"transactions":2490,"profit":94457.724609375,"revenue_change_pct":null,"units_change_pct":null,"margin_change_pts":null},{"period":"2024-09","revenue":101830.72265625,"cost":47420.0,"margin":53.4,"units":2254,"transactions":1644,"profit":54410.72265625,"revenue_change_pct":-31.2,"units_change_pct":-26.2,"margin_change_pts":-10.4},{"period":"2024-10","revenue":163055.771484375,"cost":80820.0,"margin":50.4,"units":3820,"transactions":2568,"profit":82235.771484375,"revenue_change_pct":60.1,"units_change_pct":69.5,"margin_change_pts":-3.0},{"period":"2024-11","revenue":336556.5625,"cost":177460.0,"margin":47.3,"units":8510,"transactions":5868,"profit":159096.552734375,"revenue_change_pct":106.4,"units_change_pct":122.8,"margin_change_pts":-3.2},{"period":"2024-12","revenue":233528.06640625,"cost":112160.0,"margin":52.0,"units":5330,"transactions":3784,"profit":121368.076171875,"revenue_change_pct":-30.6,"units_change_pct":-37.4,"margin_change_pts":4.7},{"period":"2025-01","revenue":217445.17578125,"cost":108355.0,"margin":50.2,"units":5158,"transactions":3668,"profit":109090.17578125,"revenue_change_pct":-6.9,"units_change_pct":-3.2,"margin_change_pts":-1.8},{"period":"2025-02","revenue":215462.79296875,"cost":109915.0,"margin":49.0,"units":5290,"transactions":3570,"profit":105547.802734375,"revenue_change_pct":-0.9,"units_change_pct":2.6,"margin_change_pts":-1.2},{"period":"2025-03","revenue":267516.89453125,"cost":139865.0,"margin":47.7,"units":6856,"transactions":4330,"profit":127651.904296875,"revenue_change_pct":24.2,"units_change_pct":29.6,"margin_change_pts":-1.3},{"period":"2025-04","revenue":234499.43359375,"cost":133030.0,"margin":43.3,"units":6308,"transactions":4168,"profit":101469.423828125,"revenue_change_pct":-12.3,"units_change_pct":-8.0,"margin_change_pts":-4.4},{"period":"2025-05","revenue":271845.37109375,"cost":134325.0,"margin":50.6,"units":6940,"transactions":4846,"profit":137520.37109375,"revenue_change_pct":15.9,"units_change_pct":10.0,"margin_change_pts":7.3},{"period":"2025-06","revenue":160121.025390625,"cost":71307.5,"margin":55.5,"units":3736,"transactions":2558,"profit":88813.525390625,"revenue_change_pct":-41.1,"units_change_pct":-46.2,"margin_change_pts":4.9},{"period":"2025-07","revenue":219842.1484375,"cost":94320.0,"margin":57.1,"units":5636,"transactions":3602,"profit":125522.1484375,"revenue_change_pct":37.3,"units_change_pct":50.9,"margin_change_pts":1.6},{"period":"2025-08","revenue":259007.59765625,"cost":103427.5,"margin":60.1,"units":6240,"transactions":4354,"profit":155580.09765625,"revenue_change_pct":17.8,"units_change_pct":10.7,"margin_change_pts":3.0},{"period":"2025-09","revenue":202235.9765625,"cost":80053.75,"margin":60.4,"units":5010,"transactions":3632,"profit":122182.2265625,"revenue_change_pct":-21.9,"units_change_pct":-19.7,"margin_change_pts":0.3},{"period":"2025-10","revenue":247068.046875,"cost":99028.75,"margin":59.9,"units":6182,"transactions":4642,"profit":148039.296875,"revenue_change_pct":22.2,"units_change_pct":23.4,"margin_change_pts":-0.5},{"period":"2025-11","revenue":156784.74609375,"cost":69980.0,"margin":55.4,"units":3896,"transactions":2992,"profit":86804.74609375,"revenue_change_pct":-36.5,"units_change_pct":-37.0,"margin_change_pts":-4.6},{"period":"2025-12","revenue":171717.734375,"cost":72990.0,"margin":57.5,"units":3928,"transactions":2978,"profit":98727.724609375,"revenue_change_pct":9.5,"units_change_pct":0.8,"margin_change_pts":2.1},{"period":"2026-01","revenue":177575.52734375,"cost":72897.5,"margin":58.9,"units":4322,"transactions":3184,"profit":104678.02734375,"revenue_change_pct":3.4,"units_change_pct":10.0,"margin_change_pts":1.5}],"share_of_category":[{"category":"DISPOSABLE VAPE","brand_revenue":3783516.25,"category_revenue":30552405.0,"revenue_share_pct":12.399999618530273,"brand_units":92460,"category_units":756548,"units_share_pct":12.2},{"category":"TESTER","brand_revenue":462.5,"category_revenue":5668.800048828125,"revenue_share_pct":8.199999809265137,"brand_units":8,"category_units":186,"units_share_pct":4.3},{"category":0.0,"brand_revenue":0.0,"category_revenue":0.0,"revenue_share_pct":0.0,"brand_units":0,"category_units":0,"units_share_pct":0.0}],"share_of_category_trend":{"DISPOSABLE VAPE":[{"period":"2024-01","brand_revenue":0.0,"category_revenue":933474.921875,"share_pct":0.0},{"period":"2024-02","brand_revenue":0.0,"category_revenue":877782.109375,"share_pct":0.0},{"period":"2024-03","brand_revenue":0.0,"category_revenue":990692.03125,"share_pct":0.0},{"period":"2024-04","brand_revenue":0.0,"category_revenue":971952.1875,"share_pct":0.0},{"period":"2024-05","brand_revenue":0.0,"category_revenue":1035100.46875,"share_pct":0.0},{"period":"2024-06","brand_revenue":0.0,"category_revenue":1039794.21875,"share_pct":0.0},{"period":"2024-07","brand_revenue":0.0,"category_revenue":1081636.5625,"share_pct":0.0},{"period":"2024-08","brand_revenue":148057.724609375,"category_revenue":1098658.125,"share_pct":13.5},{"period":"2024-09","brand_revenue":101368.22265625,"category_revenue":1056394.53125,"share_pct":9.600000381469727},{"period":"2024-10","brand_revenue":162883.271484375,"category_revenue":1197041.171875,"share_pct":13.600000381469727},{"period":"2024-11","brand_revenue":336556.5625,"category_revenue":1193980.234375,"share_pct":28.200000762939453},{"period":"2024-12","brand_revenue":233528.06640625,"category_revenue":1222008.984375,"share_pct":19.100000381469727},{"period":"2025-01","brand_revenue":217445.17578125,"category_revenue":1100552.421875,"share_pct":19.799999237060547},{"period":"2025-02","brand_revenue":215462.79296875,"category_revenue":1167271.25,"share_pct":18.5},{"period":"2025-03","brand_revenue":267516.89453125,"category_revenue":1348856.71875,"share_pct":19.799999237060547},{"period":"2025-04","brand_revenue":234499.43359375,"category_revenue":1414639.84375,"share_pct":16.600000381469727},{"period":"2025-05","brand_revenue":271845.37109375,"category_revenue":1460588.4375,"share_pct":18.600000381469727},{"period":"2025-06","brand_revenue":160121.025390625,"category_revenue":1320852.96875,"share_pct":12.100000381469727},{"period":"2025-07","brand_revenue":219842.1484375,"category_revenue":1451194.84375,"share_pct":15.100000381469727},{"period":"2025-08","brand_revenue":259007.59765625,"category_revenue":1403520.625,"share_pct":18.5},{"period":"2025-09","brand_revenue":202235.9765625,"category_revenue":1317518.125,"share_pct":15.300000190734863},{"period":"2025-10","brand_revenue":247068.046875,"category_revenue":1511693.75,"share_pct":16.299999237060547},{"period":"2025-11","brand_revenue":156784.74609375,"category_revenue":1481709.21875,"share_pct":10.600000381469727},{"period":"2025-12","brand_revenue":171717.734375,"category_revenue":1476896.875,"share_pct":11.600000381469727},{"period":"2026-01","brand_revenue":177575.52734375,"category_revenue":1398594.84375,"share_pct":12.699999809265137}],"TESTER":[{"period":"2024-01","brand_revenue":0.0,"category_revenue":4033.75,"share_pct":0.0},{"period":"2024-04","brand_revenue":0.0,"category_revenue":85.0,"share_pct":0.0},{"period":"2024-05","brand_revenue":0.0,"category_revenue":145.24999618530273,"share_pct":0.0},{"period":"2024-09","brand_revenue":462.5,"category_revenue":462.5,"share_pct":100.0},{"period":"2024-11","brand_revenue":0.0,"category_revenue":61.25,"share_pct":0.0},{"period":"2025-03","brand_revenue":0.0,"category_revenue":49.000000953674316,"share_pct":0.0},{"period":"2025-05","brand_revenue":0.0,"category_revenue":25.0,"share_pct":0.0},{"period":"2025-06","brand_revenue":0.0,"category_revenue":156.75000190734863,"share_pct":0.0},{"period":"2025-07","brand_revenue":0.0,"category_revenue":399.24999237060547,"share_pct":0.0},{"period":"2025-08","brand_revenue":0.0,"category_revenue":248.50000381469727,"share_pct":0.0},{"period":"2025-09","brand_revenue":0.0,"category_revenue":2.549999952316284,"share_pct":0.0}]},"discount_depth":[{"tier":"0% (Full Price)","transactions":20978,"pct_of_transactions":24.8,"revenue":1223295.0,"avg_discount":0.0},{"tier":"1-10%","transactions":1834,"pct_of_transactions":2.2,"revenue":108322.001953125,"avg_discount":19.799999237060547},{"tier":"11-20%","transactions":586,"pct_of_transactions":0.7,"revenue":30724.55078125,"avg_discount":37.599998474121094},{"tier":"21-30%","transactions":12962,"pct_of_transactions":15.4,"revenue":515743.125,"avg_discount":55.400001525878906},{"tier":"31%+","transactions":30262,"pct_of_transactions":35.8,"revenue":1137834.0625,"avg_discount":77.5999984741211}],"velocity":{"units_per_day":168.74,"revenue_per_day":6905.374755859375,"avg_units_per_txn":2.86,"days_of_data":548,"total_units":92472,"total_transactions":64878},"velocity_by_category":[{"category":"DISPOSABLE VAPE","brand_units_per_day":121.34,"category_avg_units_per_day":28.36,"velocity_index":427.7,"brand_rev_per_unit":32.74,"category_rev_per_unit":32.31,"brands_in_category":35},{"category":"TESTER","brand_units_per_day":0.02,"category_avg_units_per_day":0.02,"velocity_index":38.7,"brand_rev_per_unit":46.25,"category_rev_per_unit":24.38,"brands_in_category":9},{"category":0.0,"brand_units_per_day":0.0,"category_avg_units_per_day":0,"velocity_index":0,"brand_rev_per_unit":0.0,"category_rev_per_unit":0.0,"brands_in_category":0}],"deals":[{"deal_name":"Sauce Disposables - 30% Off!!!","times_used":6724,"units":9149.666666666666,"revenue":356735.06196419394,"discounts":153677.8540054957,"cost":158406.875,"profit":198328.1876621644,"pre_discount_revenue":510412.9166666666,"margin":55.6,"avg_discount":60.2},{"deal_name":"Sauce Classic Disposables (Distillate) 2 for $50","times_used":5830,"units":12611.0,"revenue":394123.57500076294,"discounts":222987.67499685287,"cost":212688.75,"profit":181434.82500076294,"pre_discount_revenue":617111.25,"margin":46.0,"avg_discount":72.2},{"deal_name":"Sauce Disposables 33% Off","times_used":4728,"units":6624.0,"revenue":237605.9460926056,"discounts":117401.54952287674,"cost":132725.0,"profit":104880.95048755407,"pre_discount_revenue":355007.5,"margin":44.1,"avg_discount":66.2},{"deal_name":"Industry - 30% Off","times_used":4444,"units":5170.0,"revenue":200321.3225698471,"discounts":86268.67439031601,"cost":107310.0,"profit":93011.32561206818,"pre_discount_revenue":286590.0,"margin":46.4,"avg_discount":60.2},{"deal_name":"Industry 30% Off","times_used":4188,"units":5017.333333333333,"revenue":193694.5029243827,"discounts":83737.1621886889,"cost":88425.41666666666,"profit":105269.08781444034,"pre_discount_revenue":277431.6666666667,"margin":54.3,"avg_discount":60.4},{"deal_name":"Sauce Disposables 30% Off","times_used":3236,"units":4499.0,"revenue":168895.37271022797,"discounts":72500.87438821793,"cost":76624.375,"profit":92271.00061297417,"pre_discount_revenue":241396.25,"margin":54.6,"avg_discount":60.0},{"deal_name":"Lit4Less - Disposables - 2 for $60 (NO LR / HTE)","times_used":2888,"units":5275.0,"revenue":197413.57499599457,"discounts":64782.675001621246,"cost":77048.125,"profit":120365.4499989748,"pre_discount_revenue":262196.25,"margin":61.0,"avg_discount":49.4},{"deal_name":"Sauce Essential Disposables 2 for $65","times_used":1976,"units":4002.0,"revenue":162400.8249950409,"discounts":87171.6750049591,"cost":94595.0,"profit":67805.82499980927,"pre_discount_revenue":249572.5,"margin":41.8,"avg_discount":69.8},{"deal_name":"GW - 50% Off Vapes","times_used":1536,"units":2314.0,"revenue":64236.25,"discounts":64236.25,"cost":49285.0,"profit":14951.25,"pre_discount_revenue":128472.5,"margin":23.3,"avg_discount":100.0},{"deal_name":"4/20 2025 - Vapes","times_used":1480,"units":2244.0,"revenue":63556.37500047684,"discounts":63796.12500190735,"cost":49310.0,"profit":14246.375000700355,"pre_discount_revenue":127352.5,"margin":22.4,"avg_discount":100.2},{"deal_name":"Sauce Disposables 40% Off","times_used":732,"units":1058.0,"revenue":34799.99972343445,"discounts":23322.50026702881,"cost":22260.0,"profit":12539.99973461032,"pre_discount_revenue":58122.5,"margin":36.0,"avg_discount":80.2},{"deal_name":"50% Off - G2B","times_used":726,"units":1016.6666666666666,"revenue":28547.708333333336,"discounts":28588.958333333336,"cost":17806.25,"profit":10741.458333333332,"pre_discount_revenue":57136.66666666667,"margin":37.6,"avg_discount":100.0},{"deal_name":"Senior - 10% Off","times_used":560,"units":820.0,"revenue":42051.87452316284,"discounts":4805.625029802322,"cost":16587.5,"profit":25464.37511920929,"pre_discount_revenue":46857.5,"margin":60.6,"avg_discount":20.6},{"deal_name":"Jackpot - Locals 30% Off","times_used":532,"units":741.0,"revenue":27841.124715805054,"discounts":11940.124914646149,"cost":13053.75,"profit":14787.375085353851,"pre_discount_revenue":39781.25,"margin":53.1,"avg_discount":60.0},{"deal_name":"Sauce Essential Disposables 3 for $90","times_used":492,"units":1618.0,"revenue":60575.0,"discounts":40445.0,"cost":39651.25,"profit":20923.75,"pre_discount_revenue":101020.0,"margin":34.5,"avg_discount":80.0},{"deal_name":"Spark the Summer Sale","times_used":452,"units":620.0,"revenue":22779.774985313416,"discounts":15475.225014686584,"cost":13761.25,"profit":9018.52498292923,"pre_discount_revenue":38255.0,"margin":39.6,"avg_discount":81.0},{"deal_name":"Veterans - 10% Off","times_used":444,"units":554.0,"revenue":28223.999609947205,"discounts":3168.5000252723694,"cost":11343.75,"profit":16880.250096321106,"pre_discount_revenue":31392.5,"margin":59.8,"avg_discount":20.2},{"deal_name":"Sauce Classic Disposables - $20.25","times_used":230,"units":312.0,"revenue":7835.0,"discounts":7375.0,"cost":5460.0,"profit":2375.0,"pre_discount_revenue":15210.0,"margin":30.3,"avg_discount":97.0},{"deal_name":"Sauce Disposables 31% Off","times_used":166,"units":240.0,"revenue":9290.849981307983,"discounts":4174.150018692017,"cost":5145.0,"profit":4145.849978923798,"pre_discount_revenue":13465.0,"margin":44.6,"avg_discount":62.0},{"deal_name":"LVAC - 25% Off","times_used":158,"units":190.0,"revenue":8053.125,"discounts":2684.375,"cost":3773.75,"profit":4279.375,"pre_discount_revenue":10737.5,"margin":53.1,"avg_discount":50.0},{"deal_name":"Senior / Veterans - 20% Off","times_used":138,"units":188.0,"revenue":8236.0000705719,"discounts":2059.000017642975,"cost":3582.5,"profit":4653.500070571899,"pre_discount_revenue":10295.0,"margin":56.5,"avg_discount":40.0},{"deal_name":"Employee 30% - NOT FRIDAYS","times_used":122,"units":152.0,"revenue":5737.999930381775,"discounts":2506.999981403351,"cost":2808.75,"profit":2929.2500174045563,"pre_discount_revenue":8245.0,"margin":51.1,"avg_discount":60.8},{"deal_name":"Employee - 40% OFF","times_used":118,"units":160.0,"revenue":5438.999977111816,"discounts":3626.0000228881836,"cost":3186.25,"profit":2252.7499771118164,"pre_discount_revenue":9065.0,"margin":41.4,"avg_discount":80.0},{"deal_name":"Store Credit - $15","times_used":62,"units":48.666666666666664,"revenue":1634.0500009059906,"discounts":1162.2000030676525,"cost":882.9166666666667,"profit":751.1333378156025,"pre_discount_revenue":2796.25,"margin":46.0,"avg_discount":83.2},{"deal_name":"30% Off Special","times_used":62,"units":66.0,"revenue":2450.0,"discounts":1050.0,"cost":1118.75,"profit":1331.25,"pre_discount_revenue":3500.0,"margin":54.3,"avg_discount":60.0},{"deal_name":"Store Credit - $25","times_used":36,"units":24.333333333333332,"revenue":718.2541680335999,"discounts":670.9124986330669,"cost":437.29166666666674,"profit":280.96250106890994,"pre_discount_revenue":1389.1666666666665,"margin":39.1,"avg_discount":96.6},{"deal_name":"40% Off Special","times_used":34,"units":36.0,"revenue":1350.0,"discounts":900.0,"cost":751.25,"profit":598.75,"pre_discount_revenue":2250.0,"margin":44.4,"avg_discount":80.0},{"deal_name":"First Friday May - Srene / Sauce / Cake","times_used":32,"units":34.0,"revenue":1333.499984741211,"discounts":571.4999961853027,"cost":750.0,"profit":583.5000038146973,"pre_discount_revenue":1905.0,"margin":43.8,"avg_discount":60.0},{"deal_name":"Main St Happy Hour - 25% Off","times_used":22,"units":22.0,"revenue":875.625,"discounts":291.875,"cost":353.75,"profit":521.875,"pre_discount_revenue":1167.5,"margin":59.6,"avg_discount":50.0},{"deal_name":"Store Credit - $50","times_used":16,"units":15.666666666666666,"revenue":351.51249895493186,"discounts":512.6541701952616,"cost":266.875,"profit":84.63749850789705,"pre_discount_revenue":864.1666666666667,"margin":24.1,"avg_discount":118.6},{"deal_name":"Medical - 10%","times_used":10,"units":14.0,"revenue":713.2499885559082,"discounts":79.25000071525574,"cost":296.25,"profit":417.00000286102295,"pre_discount_revenue":792.5,"margin":58.5,"avg_discount":20.0},{"deal_name":"Sauce Classics 30% Off - Pop Up","times_used":6,"units":8.0,"revenue":245.0,"discounts":105.0,"cost":140.0,"profit":105.0,"pre_discount_revenue":350.0,"margin":42.9,"avg_discount":60.0},{"deal_name":"Sammy Davis Early Bird - 15% Off","times_used":6,"units":6.0,"revenue":297.5,"discounts":52.5,"cost":111.25,"profit":186.25,"pre_discount_revenue":350.0,"margin":62.6,"avg_discount":30.0},{"deal_name":"Senior Sunday - RENO ONLY - 20% Off","times_used":6,"units":6.0,"revenue":300.0,"discounts":75.0,"cost":135.0,"profit":165.0,"pre_discount_revenue":375.0,"margin":55.0,"avg_discount":40.0},{"deal_name":"Store Credit - $100","times_used":6,"units":4.0,"revenue":90.78750133514404,"discounts":134.21249866485596,"cost":70.0,"profit":20.7874995470047,"pre_discount_revenue":225.0,"margin":22.9,"avg_discount":119.2},{"deal_name":"Store Credit - $75","times_used":4,"units":1.6666666666666665,"revenue":27.39583333333333,"discounts":64.27083333333334,"cost":28.125,"profit":-0.7291666666666665,"pre_discount_revenue":91.66666666666669,"margin":-2.7,"avg_discount":140.2},{"deal_name":"Reno - Early Bird - Senior / Veterans - 20%","times_used":2,"units":2.0,"revenue":100.0,"discounts":25.0,"cost":41.25,"profit":58.75,"pre_discount_revenue":125.0,"margin":58.8,"avg_discount":40.0},{"deal_name":"Lit4Less - Disposables - 2 for $75 LR / HTE","times_used":2,"units":4.0,"revenue":187.5,"discounts":62.5,"cost":90.0,"profit":97.5,"pre_discount_revenue":250.0,"margin":52.0,"avg_discount":50.0},{"deal_name":"Veterans Day - 30% Off For Veterans!","times_used":2,"units":2.0,"revenue":68.24999809265137,"discounts":29.249999523162842,"cost":35.0,"profit":33.25000047683716,"pre_discount_revenue":97.5,"margin":48.7,"avg_discount":60.0}],"top_products":[{"product":"SUPER WHITE WIDOW CLASSIC DISPOSABLE VAPE - SAUCE","units":10956,"revenue":400346.5625,"cost":174612.5,"profit":225734.08203125,"transactions":9824,"margin":56.400001525878906},{"product":"CITRUS HAZE CLASSIC DISPOSABLE VAPE - SAUCE","units":10184,"revenue":375710.546875,"cost":166631.25,"profit":209079.296875,"transactions":9270,"margin":55.599998474121094},{"product":"SUNSET GELATO CLASSIC DISPOSABLE VAPE - SAUCE","units":10292,"revenue":367814.6484375,"cost":167376.25,"profit":200438.3984375,"transactions":9266,"margin":54.5},{"product":"WHITE BLUEBERRY CLASSIC DISPOSABLE VAPE - SAUCE","units":9890,"revenue":353283.515625,"cost":160167.5,"profit":193115.99609375,"transactions":8710,"margin":54.70000076293945},{"product":"KINGS KUSH ESSENTIAL LIVE RESIN DISPOSABLE VAPE - SAUCE","units":6660,"revenue":310353.671875,"cost":154840.0,"profit":155513.671875,"transactions":6126,"margin":50.099998474121094},{"product":"ALOHA EXPRESS ESSENTIAL LIVE RESIN DISPOSABLE VAPE - SAUCE","units":6434,"revenue":297839.765625,"cost":148218.75,"profit":149621.025390625,"transactions":5966,"margin":50.20000076293945},{"product":"PURPLE HAZE CLASSIC DISPOSABLE VAPE - SAUCE","units":7764,"revenue":281792.98828125,"cost":126691.25,"profit":155101.748046875,"transactions":7156,"margin":55.0},{"product":"JACK DIESEL ESSENTIAL LIVE RESIN DISPOSABLE VAPE - SAUCE","units":5450,"revenue":255411.30859375,"cost":124445.0,"profit":130966.298828125,"transactions":5026,"margin":51.29999923706055},{"product":"STRAWBERRY COUGH ESSENTIAL LIVE RESIN DISPOSABLE VAPE - SAUCE","units":5068,"revenue":240649.375,"cost":121475.0,"profit":119174.375,"transactions":4684,"margin":49.5},{"product":"BLUEBERRY KUSH ESSENTIAL LIVE RESIN DISPOSABLE VAPE - SAUCE","units":4408,"revenue":205000.1953125,"cost":101617.5,"profit":103382.6953125,"transactions":4074,"margin":50.400001525878906},{"product":"STRAWBERRY COUGH ESSENTIAL LIVE RESIN DISP VAPE - SAUCE","units":1888,"revenue":96767.05078125,"cost":44210.0,"profit":52557.05078125,"transactions":1786,"margin":54.29999923706055},{"product":"SUPER SOUR APPLE CLASSIC DISPOSABLE VAPE - SAUCE","units":2618,"revenue":96059.27734375,"cost":37633.75,"profit":58425.52734375,"transactions":2382,"margin":60.79999923706055},{"product":"KINGS KUSH ESSENTIAL LIVE RESIN DISP VAPE - SAUCE","units":1436,"revenue":71666.6259765625,"cost":34590.0,"profit":37076.6259765625,"transactions":1298,"margin":51.70000076293945},{"product":"GHOST TRAIN HAZE ESSENTIAL LIVE RESIN DISP VAPE - SAUCE","units":1282,"revenue":67305.0,"cost":29050.0,"profit":38255.0,"transactions":1210,"margin":56.79999923706055},{"product":"GHOST TRAIN HAZE ESSENTIAL LIVE RESIN DISPOSABLE VAPE - SAUCE","units":1294,"revenue":59565.625,"cost":30267.5,"profit":29298.125,"transactions":1228,"margin":49.20000076293945},{"product":"STRAWBERRY COUGH LIVE RESIN DISPOSABLE VAPE - SAUCE","units":986,"revenue":46589.6240234375,"cost":20336.25,"profit":26253.3740234375,"transactions":934,"margin":56.400001525878906},{"product":"SUPER SOUR DIESEL CLASSIC DISPOSABLE VAPE - SAUCE","units":1102,"revenue":38959.423828125,"cost":16747.5,"profit":22211.923828125,"transactions":1024,"margin":57.0},{"product":"APPLE FRITTER LIVE RESIN DISPOSABLE VAPE - SAUCE","units":824,"revenue":37300.0,"cost":16995.0,"profit":20305.0,"transactions":772,"margin":54.400001525878906},{"product":"BLUEBERRY KUSH ESSENTIAL LIVE RESIN DISP VAPE - SAUCE","units":486,"revenue":23699.07470703125,"cost":12150.0,"profit":11549.07470703125,"transactions":460,"margin":48.70000076293945},{"product":"JACK DIESEL LR DISPOSABLE VAPE - SAUCE","units":446,"revenue":22110.92529296875,"cost":11150.0,"profit":10960.92529296875,"transactions":420,"margin":49.599998474121094},{"product":"ZKITTLEZ LIVE RESIN DISPOSABLE VAPE - SAUCE","units":496,"revenue":21944.65087890625,"cost":10230.0,"profit":11714.649658203125,"transactions":460,"margin":53.400001525878906},{"product":"ANIMAL MINTZ LR DISPOSABLE VAPE - SAUCE","units":428,"revenue":20338.75,"cost":10700.0,"profit":9638.75,"transactions":386,"margin":47.400001525878906},{"product":"KINGS KUSH ESSENTIAL LIVE RESIN DISP VAPE","units":338,"revenue":18547.9248046875,"cost":6760.0,"profit":11787.9248046875,"transactions":328,"margin":63.599998474121094},{"product":"ALOHA EXPRESS ESSENTIAL LR DISPOSABLE VAPE - SAUCE","units":308,"revenue":15370.0,"cost":7700.0,"profit":7670.0,"transactions":300,"margin":49.900001525878906},{"product":"WHITE WIDOW ESSENTIAL LIVE RESIN DISPOSABLE VAPE - SAUCE","units":290,"revenue":14093.75,"cost":5981.25,"profit":8112.5,"transactions":260,"margin":57.599998474121094}],"products_by_store":{"Elevation Springs":[{"product":"WHITE BLUEBERRY CLASSIC DISPOSABLE VAPE - SAUCE","units":2414,"revenue":86948.876953125,"cost":39932.5,"profit":47016.376953125,"transactions":2158,"margin":54.099998474121094},{"product":"SUPER WHITE WIDOW CLASSIC DISPOSABLE VAPE - SAUCE","units":2162,"revenue":77540.546875,"cost":34335.0,"profit":43205.5517578125,"transactions":2000,"margin":55.70000076293945},{"product":"KINGS KUSH ESSENTIAL LIVE RESIN DISPOSABLE VAPE - SAUCE","units":1570,"revenue":74297.5,"cost":36882.5,"profit":37415.0,"transactions":1464,"margin":50.400001525878906},{"product":"CITRUS HAZE CLASSIC DISPOSABLE VAPE - SAUCE","units":1962,"revenue":72856.97265625,"cost":33110.0,"profit":39746.97509765625,"transactions":1786,"margin":54.599998474121094},{"product":"ALOHA EXPRESS ESSENTIAL LIVE RESIN DISPOSABLE VAPE - SAUCE","units":1586,"revenue":72433.92578125,"cost":36406.25,"profit":36027.67578125,"transactions":1482,"margin":49.70000076293945},{"product":"STRAWBERRY COUGH ESSENTIAL LIVE RESIN DISPOSABLE VAPE - SAUCE","units":1404,"revenue":65340.0,"cost":33653.75,"profit":31686.25,"transactions":1292,"margin":48.5},{"product":"SUNSET GELATO CLASSIC DISPOSABLE VAPE - SAUCE","units":1644,"revenue":57626.5234375,"cost":27101.25,"profit":30525.27587890625,"transactions":1548,"margin":53.0},{"product":"JACK DIESEL ESSENTIAL LIVE RESIN DISPOSABLE VAPE - SAUCE","units":1260,"revenue":56984.0771484375,"cost":28647.5,"profit":28336.57470703125,"transactions":1168,"margin":49.70000076293945},{"product":"PURPLE HAZE CLASSIC DISPOSABLE VAPE - SAUCE","units":1428,"revenue":52230.8984375,"cost":23696.25,"profit":28534.65087890625,"transactions":1312,"margin":54.599998474121094},{"product":"BLUEBERRY KUSH ESSENTIAL LIVE RESIN DISPOSABLE VAPE - SAUCE","units":998,"revenue":45646.25,"cost":23137.5,"profit":22508.75,"transactions":946,"margin":49.29999923706055},{"product":"STRAWBERRY COUGH ESSENTIAL LIVE RESIN DISP VAPE - SAUCE","units":482,"revenue":24698.125,"cost":11550.0,"profit":13148.125,"transactions":464,"margin":53.20000076293945},{"product":"KINGS KUSH ESSENTIAL LIVE RESIN DISP VAPE - SAUCE","units":384,"revenue":18481.2744140625,"cost":9600.0,"profit":8881.275024414062,"transactions":340,"margin":48.099998474121094},{"product":"SUPER SOUR APPLE CLASSIC DISPOSABLE VAPE - SAUCE","units":490,"revenue":17555.74951171875,"cost":7043.75,"profit":10511.99951171875,"transactions":452,"margin":59.900001525878906},{"product":"GHOST TRAIN HAZE ESSENTIAL LIVE RESIN DISP VAPE - SAUCE","units":294,"revenue":14708.75,"cost":6850.0,"profit":7858.75,"transactions":286,"margin":53.400001525878906},{"product":"GHOST TRAIN HAZE ESSENTIAL LIVE RESIN DISPOSABLE VAPE - SAUCE","units":300,"revenue":14162.5,"cost":7062.5,"profit":7100.0,"transactions":284,"margin":50.099998474121094}],"Elevation Mesa":[{"product":"SUNSET GELATO CLASSIC DISPOSABLE VAPE - SAUCE","units":1928,"revenue":68407.451171875,"cost":31467.5,"profit":36939.951171875,"transactions":1762,"margin":54.0},{"product":"CITRUS HAZE CLASSIC DISPOSABLE VAPE - SAUCE","units":1676,"revenue":60038.57421875,"cost":26798.75,"profit":33239.82421875,"transactions":1574,"margin":55.400001525878906},{"product":"KINGS KUSH ESSENTIAL LIVE RESIN DISPOSABLE VAPE - SAUCE","units":1240,"revenue":55222.8271484375,"cost":28583.75,"profit":26639.07470703125,"transactions":1148,"margin":48.20000076293945},{"product":"WHITE BLUEBERRY CLASSIC DISPOSABLE VAPE - SAUCE","units":1500,"revenue":52432.0751953125,"cost":24692.5,"profit":27739.5751953125,"transactions":1342,"margin":52.900001525878906},{"product":"SUPER WHITE WIDOW CLASSIC DISPOSABLE VAPE - SAUCE","units":1492,"revenue":52166.8017578125,"cost":24010.0,"profit":28156.79931640625,"transactions":1392,"margin":54.0},{"product":"PURPLE HAZE CLASSIC DISPOSABLE VAPE - SAUCE","units":1480,"revenue":51986.826171875,"cost":24990.0,"profit":26996.826171875,"transactions":1340,"margin":51.900001525878906},{"product":"ALOHA EXPRESS ESSENTIAL LIVE RESIN DISPOSABLE VAPE - SAUCE","units":842,"revenue":37268.1005859375,"cost":19740.0,"profit":17528.1005859375,"transactions":802,"margin":47.0},{"product":"JACK DIESEL ESSENTIAL LIVE RESIN DISPOSABLE VAPE - SAUCE","units":792,"revenue":35282.1240234375,"cost":18150.0,"profit":17132.125244140625,"transactions":734,"margin":48.599998474121094},{"product":"BLUEBERRY KUSH ESSENTIAL LIVE RESIN DISPOSABLE VAPE - SAUCE","units":694,"revenue":30289.07470703125,"cost":15943.75,"profit":14345.32470703125,"transactions":646,"margin":47.400001525878906},{"product":"STRAWBERRY COUGH ESSENTIAL LIVE RESIN DISPOSABLE VAPE - SAUCE","units":598,"revenue":26625.0,"cost":14280.0,"profit":12345.0,"transactions":566,"margin":46.400001525878906},{"product":"STRAWBERRY COUGH ESSENTIAL LIVE RESIN DISP VAPE - SAUCE","units":388,"revenue":17585.174560546875,"cost":9200.0,"profit":8385.175170898438,"transactions":364,"margin":47.70000076293945},{"product":"SUPER SOUR APPLE CLASSIC DISPOSABLE VAPE - SAUCE","units":454,"revenue":16383.375244140625,"cost":6526.25,"profit":9857.125244140625,"transactions":432,"margin":60.20000076293945},{"product":"KINGS KUSH ESSENTIAL LIVE RESIN DISP VAPE - SAUCE","units":240,"revenue":11025.32470703125,"cost":5720.0,"profit":5305.32470703125,"transactions":214,"margin":48.099998474121094},{"product":"GHOST TRAIN HAZE ESSENTIAL LIVE RESIN DISP VAPE - SAUCE","units":188,"revenue":8881.25,"cost":4200.0,"profit":4681.25,"transactions":184,"margin":52.70000076293945},{"product":"STRAWBERRY COUGH LIVE RESIN DISPOSABLE VAPE - SAUCE","units":172,"revenue":7975.0,"cost":3547.5,"profit":4427.5,"transactions":164,"margin":55.5}],"Elevation Oasis":[{"product":"SUPER WHITE WIDOW CLASSIC DISPOSABLE VAPE - SAUCE","units":2910,"revenue":106636.025390625,"cost":45896.25,"profit":60739.775390625,"transactions":2324,"margin":57.0},{"product":"CITRUS HAZE CLASSIC DISPOSABLE VAPE - SAUCE","units":2554,"revenue":96107.724609375,"cost":41162.5,"profit":54945.224609375,"transactions":2218,"margin":57.20000076293945},{"product":"SUNSET GELATO CLASSIC DISPOSABLE VAPE - SAUCE","units":2728,"revenue":95278.30078125,"cost":44127.5,"profit":51150.80078125,"transactions":2260,"margin":53.70000076293945},{"product":"WHITE BLUEBERRY CLASSIC DISPOSABLE VAPE - SAUCE","units":2554,"revenue":91620.99609375,"cost":40177.5,"profit":51443.5009765625,"transactions":2126,"margin":56.099998474121094},{"product":"PURPLE HAZE CLASSIC DISPOSABLE VAPE - SAUCE","units":1894,"revenue":69313.5986328125,"cost":30095.0,"profit":39218.60107421875,"transactions":1646,"margin":56.599998474121094},{"product":"JACK DIESEL ESSENTIAL LIVE RESIN DISPOSABLE VAPE - SAUCE","units":1284,"revenue":62033.84765625,"cost":29040.0,"profit":32993.85009765625,"transactions":1114,"margin":53.20000076293945},{"product":"KINGS KUSH ESSENTIAL LIVE RESIN DISPOSABLE VAPE - SAUCE","units":1298,"revenue":61903.525390625,"cost":29405.0,"profit":32498.525390625,"transactions":1132,"margin":52.5},{"product":"ALOHA EXPRESS ESSENTIAL LIVE RESIN DISPOSABLE VAPE - SAUCE","units":1312,"revenue":59503.076171875,"cost":29771.25,"profit":29731.826171875,"transactions":1132,"margin":50.0},{"product":"BLUEBERRY KUSH ESSENTIAL LIVE RESIN DISPOSABLE VAPE - SAUCE","units":1194,"revenue":58080.3759765625,"cost":27708.75,"profit":30371.6259765625,"transactions":1046,"margin":52.29999923706055},{"product":"STRAWBERRY COUGH ESSENTIAL LIVE RESIN DISPOSABLE VAPE - SAUCE","units":1058,"revenue":53216.4501953125,"cost":25522.5,"profit":27693.9501953125,"transactions":948,"margin":52.0},{"product":"SUPER SOUR APPLE CLASSIC DISPOSABLE VAPE - SAUCE","units":860,"revenue":31675.57373046875,"cost":12362.5,"profit":19313.074951171875,"transactions":750,"margin":61.0},{"product":"STRAWBERRY COUGH ESSENTIAL LIVE RESIN DISP VAPE - SAUCE","units":362,"revenue":19206.25,"cost":8550.0,"profit":10656.25,"transactions":324,"margin":55.5},{"product":"GHOST TRAIN HAZE ESSENTIAL LIVE RESIN DISPOSABLE VAPE - SAUCE","units":312,"revenue":13693.75,"cost":6898.75,"profit":6795.0,"transactions":290,"margin":49.599998474121094},{"product":"GHOST TRAIN HAZE ESSENTIAL LIVE RESIN DISP VAPE - SAUCE","units":214,"revenue":11793.75,"cost":4850.0,"profit":6943.75,"transactions":186,"margin":58.900001525878906},{"product":"KINGS KUSH ESSENTIAL LIVE RESIN DISP VAPE - SAUCE","units":192,"revenue":9786.275024414062,"cost":4620.0,"profit":5166.2750244140625,"transactions":168,"margin":52.79999923706055}],"Elevation Downtown":[{"product":"ALOHA EXPRESS ESSENTIAL LIVE RESIN DISPOSABLE VAPE - SAUCE","units":396,"revenue":17827.5,"cost":9723.75,"profit":8103.75,"transactions":376,"margin":45.5},{"product":"SUNSET GELATO CLASSIC DISPOSABLE VAPE - SAUCE","units":316,"revenue":11391.400146484375,"cost":5406.25,"profit":5985.150146484375,"transactions":288,"margin":52.5},{"product":"SUPER WHITE WIDOW CLASSIC DISPOSABLE VAPE - SAUCE","units":300,"revenue":11343.099365234375,"cost":4625.0,"profit":6718.0999755859375,"transactions":290,"margin":59.20000076293945},{"product":"STRAWBERRY COUGH ESSENTIAL LIVE RESIN DISPOSABLE VAPE - SAUCE","units":240,"revenue":10816.25,"cost":6218.75,"profit":4597.5,"transactions":228,"margin":42.5},{"product":"KINGS KUSH ESSENTIAL LIVE RESIN DISPOSABLE VAPE - SAUCE","units":224,"revenue":10027.5,"cost":5767.5,"profit":4260.0,"transactions":198,"margin":42.5},{"product":"CITRUS HAZE CLASSIC DISPOSABLE VAPE - SAUCE","units":276,"revenue":9955.875244140625,"cost":4642.5,"profit":5313.375244140625,"transactions":254,"margin":53.400001525878906},{"product":"JACK DIESEL ESSENTIAL LIVE RESIN DISPOSABLE VAPE - SAUCE","units":140,"revenue":6725.0,"cost":2931.25,"profit":3793.75,"transactions":136,"margin":56.400001525878906},{"product":"PURPLE HAZE CLASSIC DISPOSABLE VAPE - SAUCE","units":146,"revenue":5553.75,"cost":2098.75,"profit":3455.0,"transactions":142,"margin":62.20000076293945},{"product":"BLUEBERRY KUSH ESSENTIAL LIVE RESIN DISPOSABLE VAPE - SAUCE","units":106,"revenue":5162.5,"cost":2186.25,"profit":2976.25,"transactions":104,"margin":57.70000076293945},{"product":"WHITE BLUEBERRY CLASSIC DISPOSABLE VAPE - SAUCE","units":124,"revenue":4413.999938964844,"cost":1782.5,"profit":2631.4999389648438,"transactions":114,"margin":59.599998474121094},{"product":"GHOST TRAIN HAZE ESSENTIAL LIVE RESIN DISPOSABLE VAPE - SAUCE","units":70,"revenue":3443.75,"cost":1443.75,"profit":2000.0,"transactions":68,"margin":58.099998474121094},{"product":"SUPER SOUR APPLE CLASSIC DISPOSABLE VAPE - SAUCE","units":90,"revenue":3428.9999389648438,"cost":1293.75,"profit":2135.2499389648438,"transactions":72,"margin":62.29999923706055},{"product":"STRAWBERRY COUGH LIVE RESIN DISPOSABLE VAPE - SAUCE","units":58,"revenue":2706.25,"cost":1196.25,"profit":1510.0,"transactions":58,"margin":55.79999923706055},{"product":"APPLE FRITTER LIVE RESIN DISPOSABLE VAPE - SAUCE","units":52,"revenue":2362.5,"cost":1072.5,"profit":1290.0,"transactions":52,"margin":54.599998474121094},{"product":"NORTHERN LIGHTS CLASSIC DISPOSABLE VAPE - SAUCE","units":50,"revenue":2015.1249694824219,"cost":718.75,"profit":1296.3749694824219,"transactions":50,"margin":64.30000305175781}],"Elevation Midtown":[{"product":"SUPER WHITE WIDOW CLASSIC DISPOSABLE VAPE - SAUCE","units":1374,"revenue":50945.5224609375,"cost":21575.0,"profit":29370.52490234375,"transactions":1270,"margin":57.70000076293945},{"product":"CITRUS HAZE CLASSIC DISPOSABLE VAPE - SAUCE","units":1186,"revenue":43004.8486328125,"cost":19298.75,"profit":23706.10107421875,"transactions":1104,"margin":55.099998474121094},{"product":"SUNSET GELATO CLASSIC DISPOSABLE VAPE - SAUCE","units":1030,"revenue":37882.19970703125,"cost":16531.25,"profit":21350.94970703125,"transactions":988,"margin":56.400001525878906},{"product":"KINGS KUSH ESSENTIAL LIVE RESIN DISPOSABLE VAPE - SAUCE","units":772,"revenue":35460.0244140625,"cost":17812.5,"profit":17647.5244140625,"transactions":744,"margin":49.79999923706055},{"product":"WHITE BLUEBERRY CLASSIC DISPOSABLE VAPE - SAUCE","units":952,"revenue":34385.74951171875,"cost":15135.0,"profit":19250.74951171875,"transactions":894,"margin":56.0},{"product":"PURPLE HAZE CLASSIC DISPOSABLE VAPE - SAUCE","units":874,"revenue":31331.8994140625,"cost":14138.75,"profit":17193.1494140625,"transactions":848,"margin":54.900001525878906},{"product":"JACK DIESEL ESSENTIAL LIVE RESIN DISPOSABLE VAPE - SAUCE","units":624,"revenue":29683.75,"cost":14597.5,"profit":15086.25,"transactions":606,"margin":50.79999923706055},{"product":"STRAWBERRY COUGH ESSENTIAL LIVE RESIN DISPOSABLE VAPE - SAUCE","units":498,"revenue":23826.25,"cost":11981.25,"profit":11845.0,"transactions":480,"margin":49.70000076293945},{"product":"ALOHA EXPRESS ESSENTIAL LIVE RESIN DISPOSABLE VAPE - SAUCE","units":524,"revenue":23371.25,"cost":12220.0,"profit":11151.25,"transactions":504,"margin":47.70000076293945},{"product":"BLUEBERRY KUSH ESSENTIAL LIVE RESIN DISPOSABLE VAPE - SAUCE","units":436,"revenue":20312.5,"cost":10212.5,"profit":10100.0,"transactions":418,"margin":49.70000076293945},{"product":"SUPER SOUR APPLE CLASSIC DISPOSABLE VAPE - SAUCE","units":274,"revenue":10211.074829101562,"cost":3938.75,"profit":6272.3248291015625,"transactions":264,"margin":61.400001525878906},{"product":"STRAWBERRY COUGH LIVE RESIN DISPOSABLE VAPE - SAUCE","units":164,"revenue":7706.25,"cost":3382.5,"profit":4323.75,"transactions":158,"margin":56.099998474121094},{"product":"STRAWBERRY COUGH ESSENTIAL LIVE RESIN DISP VAPE - SAUCE","units":122,"revenue":7162.5,"cost":2550.0,"profit":4612.5,"transactions":122,"margin":64.4000015258789},{"product":"KINGS KUSH ESSENTIAL LIVE RESIN DISP VAPE - SAUCE","units":128,"revenue":6595.0,"cost":2940.0,"profit":3655.0,"transactions":120,"margin":55.400001525878906},{"product":"GHOST TRAIN HAZE ESSENTIAL LIVE RESIN DISP VAPE - SAUCE","units":114,"revenue":6531.25,"cost":2350.0,"profit":4181.25,"transactions":108,"margin":64.0}],"Elevation Boulevard":[{"product":"CITRUS HAZE CLASSIC DISPOSABLE VAPE - SAUCE","units":1010,"revenue":35059.72412109375,"cost":16437.5,"profit":18622.225341796875,"transactions":936,"margin":53.099998474121094},{"product":"WHITE BLUEBERRY CLASSIC DISPOSABLE VAPE - SAUCE","units":980,"revenue":33838.57421875,"cost":15681.25,"profit":18157.325439453125,"transactions":882,"margin":53.70000076293945},{"product":"SUPER WHITE WIDOW CLASSIC DISPOSABLE VAPE - SAUCE","units":950,"revenue":32694.65087890625,"cost":15093.75,"profit":17600.899658203125,"transactions":886,"margin":53.79999923706055},{"product":"SUNSET GELATO CLASSIC DISPOSABLE VAPE - SAUCE","units":942,"revenue":32470.0,"cost":15272.5,"profit":17197.5,"transactions":888,"margin":53.0},{"product":"PURPLE HAZE CLASSIC DISPOSABLE VAPE - SAUCE","units":856,"revenue":30178.798828125,"cost":13861.25,"profit":16317.550048828125,"transactions":832,"margin":54.099998474121094},{"product":"KINGS KUSH ESSENTIAL LIVE RESIN DISPOSABLE VAPE - SAUCE","units":604,"revenue":26034.7998046875,"cost":14137.5,"profit":11897.2998046875,"transactions":558,"margin":45.70000076293945},{"product":"JACK DIESEL ESSENTIAL LIVE RESIN DISPOSABLE VAPE - SAUCE","units":564,"revenue":24255.0,"cost":13153.75,"profit":11101.25,"transactions":518,"margin":45.79999923706055},{"product":"ALOHA EXPRESS ESSENTIAL LIVE RESIN DISPOSABLE VAPE - SAUCE","units":492,"revenue":21176.17431640625,"cost":11493.75,"profit":9682.424926757812,"transactions":466,"margin":45.70000076293945},{"product":"BLUEBERRY KUSH ESSENTIAL LIVE RESIN DISPOSABLE VAPE - SAUCE","units":430,"revenue":18509.49951171875,"cost":9672.5,"profit":8837.000122070312,"transactions":396,"margin":47.70000076293945},{"product":"STRAWBERRY COUGH ESSENTIAL LIVE RESIN DISPOSABLE VAPE - SAUCE","units":362,"revenue":15995.4248046875,"cost":8462.5,"profit":7532.9248046875,"transactions":340,"margin":47.099998474121094},{"product":"SUPER SOUR APPLE CLASSIC DISPOSABLE VAPE - SAUCE","units":282,"revenue":10216.500244140625,"cost":4053.75,"profit":6162.750244140625,"transactions":258,"margin":60.29999923706055},{"product":"STRAWBERRY COUGH ESSENTIAL LIVE RESIN DISP VAPE - SAUCE","units":148,"revenue":6686.25,"cost":3210.0,"profit":3476.25,"transactions":142,"margin":52.0},{"product":"STRAWBERRY COUGH LIVE RESIN DISPOSABLE VAPE - SAUCE","units":138,"revenue":6089.625244140625,"cost":2846.25,"profit":3243.3749389648438,"transactions":128,"margin":53.29999923706055},{"product":"GHOST TRAIN HAZE ESSENTIAL LIVE RESIN DISP VAPE - SAUCE","units":126,"revenue":5946.25,"cost":2650.0,"profit":3296.25,"transactions":120,"margin":55.400001525878906},{"product":"KINGS KUSH ESSENTIAL LIVE RESIN DISP VAPE - SAUCE","units":118,"revenue":5461.25,"cost":2510.0,"profit":2951.25,"transactions":100,"margin":54.0}],"Elevation Parkway":[{"product":"SUPER WHITE WIDOW CLASSIC DISPOSABLE VAPE - SAUCE","units":1768,"revenue":69019.9267578125,"cost":29077.5,"profit":39942.42431640625,"transactions":1662,"margin":57.900001525878906},{"product":"ALOHA EXPRESS ESSENTIAL LIVE RESIN DISPOSABLE VAPE - SAUCE","units":1282,"revenue":66259.7509765625,"cost":28863.75,"profit":37396.0009765625,"transactions":1204,"margin":56.400001525878906},{"product":"SUNSET GELATO CLASSIC DISPOSABLE VAPE - SAUCE","units":1704,"revenue":64758.7744140625,"cost":27470.0,"profit":37288.7744140625,"transactions":1532,"margin":57.599998474121094},{"product":"CITRUS HAZE CLASSIC DISPOSABLE VAPE - SAUCE","units":1520,"revenue":58686.826171875,"cost":25181.25,"profit":33505.576171875,"transactions":1398,"margin":57.099998474121094},{"product":"WHITE BLUEBERRY CLASSIC DISPOSABLE VAPE - SAUCE","units":1366,"revenue":49643.22265625,"cost":22766.25,"profit":26876.97509765625,"transactions":1194,"margin":54.099998474121094},{"product":"KINGS KUSH ESSENTIAL LIVE RESIN DISPOSABLE VAPE - SAUCE","units":952,"revenue":47407.5,"cost":22251.25,"profit":25156.25,"transactions":882,"margin":53.099998474121094},{"product":"STRAWBERRY COUGH ESSENTIAL LIVE RESIN DISPOSABLE VAPE - SAUCE","units":908,"revenue":44830.0,"cost":21356.25,"profit":23473.75,"transactions":830,"margin":52.400001525878906},{"product":"PURPLE HAZE CLASSIC DISPOSABLE VAPE - SAUCE","units":1086,"revenue":41197.2265625,"cost":17811.25,"profit":23385.97412109375,"transactions":1036,"margin":56.79999923706055},{"product":"JACK DIESEL ESSENTIAL LIVE RESIN DISPOSABLE VAPE - SAUCE","units":786,"revenue":40447.5,"cost":17925.0,"profit":22522.5,"transactions":750,"margin":55.70000076293945},{"product":"BLUEBERRY KUSH ESSENTIAL LIVE RESIN DISPOSABLE VAPE - SAUCE","units":550,"revenue":27000.0,"cost":12756.25,"profit":14243.75,"transactions":518,"margin":52.79999923706055},{"product":"STRAWBERRY COUGH ESSENTIAL LIVE RESIN DISP VAPE - SAUCE","units":386,"revenue":21428.75,"cost":9150.0,"profit":12278.75,"transactions":370,"margin":57.29999923706055},{"product":"KINGS KUSH ESSENTIAL LIVE RESIN DISP VAPE - SAUCE","units":374,"revenue":20317.5,"cost":9200.0,"profit":11117.5,"transactions":356,"margin":54.70000076293945},{"product":"GHOST TRAIN HAZE ESSENTIAL LIVE RESIN DISP VAPE - SAUCE","units":346,"revenue":19443.75,"cost":8150.0,"profit":11293.75,"transactions":326,"margin":58.099998474121094},{"product":"GHOST TRAIN HAZE ESSENTIAL LIVE RESIN DISPOSABLE VAPE - SAUCE","units":304,"revenue":14568.125,"cost":7162.5,"profit":7405.625,"transactions":298,"margin":50.79999923706055},{"product":"STRAWBERRY COUGH LIVE RESIN DISPOSABLE VAPE - SAUCE","units":198,"revenue":9712.5,"cost":4083.75,"profit":5628.75,"transactions":180,"margin":58.0}]},"store_summary":[{"store_clean":"Elevation Oasis","units":22044,"revenue":900228.28125,"cost":406652.5,"profit":493575.78125,"discounts":291289.21875,"margin":54.79999923706055,"discount_rate":24.399999618530273},{"store_clean":"Elevation Springs","units":19894,"revenue":816969.6875,"cost":389726.25,"profit":427243.4765625,"discounts":282725.2734375,"margin":52.29999923706055,"discount_rate":25.700000762939453},{"store_clean":"Elevation Parkway","units":14750,"revenue":651101.3671875,"cost":287756.25,"profit":363345.1171875,"discounts":164178.65234375,"margin":55.79999923706055,"discount_rate":20.100000381469727},{"store_clean":"Elevation Mesa","units":14590,"revenue":569754.8046875,"cost":277266.25,"profit":292488.5546875,"discounts":219272.6953125,"margin":51.29999923706055,"discount_rate":27.799999237060547},{"store_clean":"Elevation Midtown","units":9890,"revenue":406004.4140625,"cost":186130.0,"profit":219874.43359375,"discounts":133468.076171875,"margin":54.20000076293945,"discount_rate":24.700000762939453},{"store_clean":"Elevation Boulevard","units":8582,"revenue":327924.2578125,"cost":160152.5,"profit":167771.7578125,"discounts":137088.251953125,"margin":51.20000076293945,"discount_rate":29.5},{"store_clean":"Elevation Downtown","units":2722,"revenue":112168.49609375,"cost":53271.25,"profit":58897.2509765625,"discounts":39346.4990234375,"margin":52.5,"discount_rate":26.0}],"recommendations":[{"severity":"info","title":"VOLUME LEVERAGE","detail":"$1,513,660 revenue provides negotiating leverage.","action":"Use volume as leverage in next vendor meeting."}],"comparison":null}