{"brand":"PRIDE HOMEWARE","date_range":"2024-01-01 00:00:00 to 2026-01-31 00:00:00","period_label":"All Time","summary":{"total_units":138,"total_revenue":489.74998474121094,"total_cost":62.04999923706055,"total_discounts":97.74999618530273,"total_profit":427.70008087158203,"overall_margin":87.30000305175781,"fp_margin":88.30000305175781,"disc_margin":86.69999694824219,"pct_full_price":37.79999923706055,"avg_discount_rate":16.600000381469727,"fp_revenue":185.0,"disc_revenue":304.74998474121094,"unique_customers":94,"brand":"PRIDE HOMEWARE","date_range":"2024-01-01 00:00:00 to 2026-01-31 00:00:00","months_count":34,"avg_monthly_cost":3.65,"cost_per_unit":0.8999999999999999,"primary_category":"ACCESSORY","primary_cat_margin":61.099998474121094,"category_rank":71,"category_total":136,"margin_vs_category":26.200000762939453,"velocity_rank":30},"category_breakdown":[{"category_clean":"ACCESSORY","units":138,"revenue":489.74998474121094,"cost":62.04999923706055,"profit":427.7000045776367,"discounts":97.74999618530273,"margin":87.30000305175781,"category_avg_margin":61.099998474121094,"vs_category":26.2,"rank":71.0,"total_brands":136.0}],"trend":[{"period":"2024-03","revenue":12.5,"cost":2.0000000298023224,"margin":84.0,"units":4,"transactions":2,"profit":10.499999523162842,"revenue_change_pct":null,"units_change_pct":null,"margin_change_pts":null},{"period":"2024-04","revenue":61.25,"cost":6.000000238418579,"margin":90.2,"units":12,"transactions":12,"profit":55.249996185302734,"revenue_change_pct":390.0,"units_change_pct":200.0,"margin_change_pts":6.2},{"period":"2024-05","revenue":10.0,"cost":1.0000000149011612,"margin":90.0,"units":2,"transactions":2,"profit":8.999999761581421,"revenue_change_pct":-83.7,"units_change_pct":-83.3,"margin_change_pts":-0.2},{"period":"2024-06","revenue":8.75,"cost":1.0000000149011612,"margin":88.6,"units":2,"transactions":2,"profit":7.749999761581421,"revenue_change_pct":-12.5,"units_change_pct":0,"margin_change_pts":-1.4},{"period":"2024-07","revenue":60.0,"cost":6.000000238418579,"margin":90.0,"units":12,"transactions":10,"profit":54.000000953674316,"revenue_change_pct":585.7,"units_change_pct":500.0,"margin_change_pts":1.4},{"period":"2024-08","revenue":21.25,"cost":2.0000000298023224,"margin":90.6,"units":4,"transactions":4,"profit":19.249999523162842,"revenue_change_pct":-64.6,"units_change_pct":-66.7,"margin_change_pts":0.6},{"period":"2024-09","revenue":41.25,"cost":4.000000059604645,"margin":90.3,"units":8,"transactions":8,"profit":37.249999046325684,"revenue_change_pct":94.1,"units_change_pct":100.0,"margin_change_pts":-0.3},{"period":"2024-10","revenue":75.0,"cost":6.9999998807907104,"margin":90.7,"units":14,"transactions":12,"profit":68.00000190734863,"revenue_change_pct":81.8,"units_change_pct":75.0,"margin_change_pts":0.4},{"period":"2024-12","revenue":22.999999523162842,"cost":5.0,"margin":78.3,"units":10,"transactions":10,"profit":17.999999523162842,"revenue_change_pct":-69.3,"units_change_pct":-28.6,"margin_change_pts":-12.4},{"period":"2025-01","revenue":8.500000238418579,"cost":2.0000000298023224,"margin":76.5,"units":4,"transactions":4,"profit":6.499999761581421,"revenue_change_pct":-63.0,"units_change_pct":-60.0,"margin_change_pts":-1.8},{"period":"2025-02","revenue":12.000000476837158,"cost":3.0000001192092896,"margin":75.0,"units":6,"transactions":6,"profit":8.999999761581421,"revenue_change_pct":41.2,"units_change_pct":50.0,"margin_change_pts":-1.5},{"period":"2025-03","revenue":3.75,"cost":0.5999999865889549,"margin":84.0,"units":6,"transactions":2,"profit":3.149999976158142,"revenue_change_pct":-68.8,"units_change_pct":0,"margin_change_pts":9.0},{"period":"2025-04","revenue":12.5,"cost":1.9999998807907104,"margin":84.0,"units":20,"transactions":4,"profit":10.499999523162842,"revenue_change_pct":233.3,"units_change_pct":233.3,"margin_change_pts":0.0},{"period":"2025-09","revenue":28.375000953674316,"cost":3.8999998569488525,"margin":86.3,"units":8,"transactions":6,"profit":24.47499990463257,"revenue_change_pct":127.0,"units_change_pct":-60.0,"margin_change_pts":2.3},{"period":"2025-10","revenue":31.875,"cost":4.29999977350235,"margin":86.5,"units":12,"transactions":8,"profit":27.57500171661377,"revenue_change_pct":12.3,"units_change_pct":50.0,"margin_change_pts":0.3},{"period":"2025-11","revenue":67.37500190734863,"cost":10.499999523162842,"margin":84.4,"units":12,"transactions":12,"profit":56.875,"revenue_change_pct":111.4,"units_change_pct":0,"margin_change_pts":-2.1},{"period":"2026-01","revenue":12.374999523162842,"cost":1.7499999701976776,"margin":85.9,"units":2,"transactions":2,"profit":10.625,"revenue_change_pct":-81.6,"units_change_pct":-83.3,"margin_change_pts":1.4}],"share_of_category":[{"category":"ACCESSORY","brand_revenue":489.74998474121094,"category_revenue":4128754.0625,"revenue_share_pct":0.0,"brand_units":138,"category_units":2130096,"units_share_pct":0.0}],"share_of_category_trend":{"ACCESSORY":[{"period":"2024-01","brand_revenue":0.0,"category_revenue":153543.9453125,"share_pct":0.0},{"period":"2024-02","brand_revenue":0.0,"category_revenue":152399.47265625,"share_pct":0.0},{"period":"2024-03","brand_revenue":12.5,"category_revenue":154678.876953125,"share_pct":0.0},{"period":"2024-04","brand_revenue":61.25,"category_revenue":163353.65234375,"share_pct":0.0},{"period":"2024-05","brand_revenue":10.0,"category_revenue":179676.4453125,"share_pct":0.0},{"period":"2024-06","brand_revenue":8.75,"category_revenue":185008.828125,"share_pct":0.0},{"period":"2024-07","brand_revenue":60.0,"category_revenue":186675.46875,"share_pct":0.0},{"period":"2024-08","brand_revenue":21.25,"category_revenue":180226.328125,"share_pct":0.0},{"period":"2024-09","brand_revenue":41.25,"category_revenue":162386.298828125,"share_pct":0.0},{"period":"2024-10","brand_revenue":75.0,"category_revenue":166088.73046875,"share_pct":0.0},{"period":"2024-11","brand_revenue":0.0,"category_revenue":171706.09375,"share_pct":0.0},{"period":"2024-12","brand_revenue":22.999999523162842,"category_revenue":176502.03125,"share_pct":0.0},{"period":"2025-01","brand_revenue":8.500000238418579,"category_revenue":167261.34765625,"share_pct":0.0},{"period":"2025-02","brand_revenue":12.000000476837158,"category_revenue":155260.927734375,"share_pct":0.0},{"period":"2025-03","brand_revenue":3.75,"category_revenue":176420.390625,"share_pct":0.0},{"period":"2025-04","brand_revenue":12.5,"category_revenue":182694.82421875,"share_pct":0.0},{"period":"2025-05","brand_revenue":0.0,"category_revenue":179904.4921875,"share_pct":0.0},{"period":"2025-06","brand_revenue":0.0,"category_revenue":161148.75,"share_pct":0.0},{"period":"2025-07","brand_revenue":0.0,"category_revenue":165549.8046875,"share_pct":0.0},{"period":"2025-08","brand_revenue":0.0,"category_revenue":171752.05078125,"share_pct":0.0},{"period":"2025-09","brand_revenue":28.375000953674316,"category_revenue":168198.9453125,"share_pct":0.0},{"period":"2025-10","brand_revenue":31.875,"category_revenue":171844.55078125,"share_pct":0.0},{"period":"2025-11","brand_revenue":67.37500190734863,"category_revenue":172839.74609375,"share_pct":0.0},{"period":"2025-12","brand_revenue":0.0,"category_revenue":141954.873046875,"share_pct":0.0},{"period":"2026-01","brand_revenue":12.374999523162842,"category_revenue":81677.1484375,"share_pct":0.0}]},"discount_depth":[{"tier":"0% (Full Price)","transactions":42,"pct_of_transactions":39.6,"revenue":185.0,"avg_discount":0.0},{"tier":"1-10%","transactions":18,"pct_of_transactions":17.0,"revenue":118.125,"avg_discount":20.0},{"tier":"11-20%","transactions":10,"pct_of_transactions":9.4,"revenue":54.000000953674316,"avg_discount":40.0},{"tier":"21-30%","transactions":6,"pct_of_transactions":5.7,"revenue":28.874998092651367,"avg_discount":60.0},{"tier":"31%+","transactions":6,"pct_of_transactions":5.7,"revenue":25.0,"avg_discount":100.0}],"velocity":{"units_per_day":0.22,"revenue_per_day":0.7500000298023224,"avg_units_per_txn":2.6,"days_of_data":657,"total_units":138,"total_transactions":106},"velocity_by_category":[{"category":"ACCESSORY","brand_units_per_day":0.18,"category_avg_units_per_day":20.56,"velocity_index":0.9,"brand_rev_per_unit":2.84,"category_rev_per_unit":1.55,"brands_in_category":136}],"deals":[{"deal_name":"Senior - 10% Off","times_used":18,"units":22.0,"revenue":118.12499940395355,"discounts":13.125000037252903,"cost":11.75000011920929,"profit":106.37499779462814,"pre_discount_revenue":131.25,"margin":90.1,"avg_discount":20.0},{"deal_name":"Industry - 30% Off","times_used":12,"units":12.0,"revenue":41.99999988079071,"discounts":18.00000011920929,"cost":6.000000089406967,"profit":35.999999046325684,"pre_discount_revenue":60.0,"margin":85.7,"avg_discount":60.0},{"deal_name":"Jackpot - Locals 30% Off","times_used":12,"units":12.0,"revenue":42.87499964237213,"discounts":18.375000059604645,"cost":6.750000044703484,"profit":36.12499952316284,"pre_discount_revenue":61.25,"margin":84.3,"avg_discount":60.0},{"deal_name":"Employee 30% - NOT FRIDAYS","times_used":2,"units":4.0,"revenue":3.4999999403953552,"discounts":1.5000000596046448,"cost":0.3999999910593033,"profit":3.100000023841858,"pre_discount_revenue":5.0,"margin":88.6,"avg_discount":60.0},{"deal_name":"Senior / Veterans - 20% Off","times_used":2,"units":2.0,"revenue":10.0,"discounts":2.5,"cost":1.0000000149011612,"profit":8.999999761581421,"pre_discount_revenue":12.5,"margin":90.0,"avg_discount":40.0}],"top_products":[{"product":"DAISY GLASS SCREENS - PRIDE HOMEWARE","units":58,"revenue":290.0,"cost":29.000000953674316,"profit":261.00000381469727,"transactions":52,"margin":90.0},{"product":"DAISY GLASS SCREENS","units":80,"revenue":199.75000381469727,"cost":33.05000066757202,"profit":166.70000076293945,"transactions":54,"margin":83.5}],"products_by_store":{"Elevation Oasis":[{"product":"DAISY GLASS SCREENS - PRIDE HOMEWARE","units":58,"revenue":290.0,"cost":29.000000953674316,"profit":261.00000381469727,"transactions":52,"margin":90.0},{"product":"DAISY GLASS SCREENS","units":42,"revenue":170.0,"cost":29.249999523162842,"profit":140.75000762939453,"transactions":42,"margin":82.80000305175781}],"Elevation Boulevard":[{"product":"DAISY GLASS SCREENS","units":38,"revenue":29.749999046325684,"cost":3.799999952316284,"profit":25.950000286102295,"transactions":12,"margin":87.19999694824219}]},"store_summary":[{"store_clean":"Elevation Oasis","units":100,"revenue":460.0,"cost":58.24999809265137,"profit":401.74999237060547,"discounts":96.25,"margin":87.30000305175781,"discount_rate":17.299999237060547},{"store_clean":"Elevation Boulevard","units":38,"revenue":29.749999046325684,"cost":3.799999952316284,"profit":25.950000286102295,"discounts":1.5000000596046448,"margin":87.19999694824219,"discount_rate":4.800000190734863}],"recommendations":[],"comparison":null}