{"brand":"RECKLESS BEAUTY","date_range":"2024-01-01 00:00:00 to 2026-01-31 00:00:00","period_label":"All Time","summary":{"total_units":48,"total_revenue":2175.0,"total_cost":1250.0,"total_discounts":400.0,"total_profit":925.0,"overall_margin":42.5,"fp_margin":58.5,"disc_margin":28.299999237060547,"pct_full_price":47.099998474121094,"avg_discount_rate":15.5,"fp_revenue":1025.0,"disc_revenue":1150.0,"unique_customers":42,"brand":"RECKLESS BEAUTY","date_range":"2024-01-01 00:00:00 to 2026-01-31 00:00:00","months_count":8,"avg_monthly_cost":312.5,"cost_per_unit":52.074999999999996,"primary_category":"APPAREL","primary_cat_margin":35.099998474121094,"category_rank":6,"category_total":8,"margin_vs_category":7.400000095367432,"velocity_rank":6},"category_breakdown":[{"category_clean":"APPAREL","units":48,"revenue":2175.0,"cost":1250.0,"profit":925.0,"discounts":400.0,"margin":42.5,"category_avg_margin":35.099998474121094,"vs_category":7.4,"rank":6.0,"total_brands":8.0}],"trend":[{"period":"2024-11","revenue":1537.5,"cost":925.0,"margin":39.8,"units":36,"transactions":32,"profit":612.5,"revenue_change_pct":null,"units_change_pct":null,"margin_change_pts":null},{"period":"2024-12","revenue":425.0,"cost":200.0,"margin":52.9,"units":8,"transactions":6,"profit":225.0,"revenue_change_pct":-72.4,"units_change_pct":-77.8,"margin_change_pts":13.1},{"period":"2025-01","revenue":112.5,"cost":87.5,"margin":22.2,"units":2,"transactions":2,"profit":25.0,"revenue_change_pct":-73.5,"units_change_pct":-75.0,"margin_change_pts":-30.7},{"period":"2025-02","revenue":100.0,"cost":37.5,"margin":62.5,"units":2,"transactions":2,"profit":62.5,"revenue_change_pct":-11.1,"units_change_pct":0,"margin_change_pts":40.3}],"share_of_category":[{"category":"APPAREL","brand_revenue":2175.0,"category_revenue":37619.05029296875,"revenue_share_pct":5.800000190734863,"brand_units":48,"category_units":1088,"units_share_pct":4.4}],"share_of_category_trend":{"APPAREL":[{"period":"2024-01","brand_revenue":0.0,"category_revenue":300.0,"share_pct":0.0},{"period":"2024-02","brand_revenue":0.0,"category_revenue":837.5,"share_pct":0.0},{"period":"2024-03","brand_revenue":0.0,"category_revenue":1097.4250030517578,"share_pct":0.0},{"period":"2024-04","brand_revenue":0.0,"category_revenue":770.625,"share_pct":0.0},{"period":"2024-05","brand_revenue":0.0,"category_revenue":4345.0,"share_pct":0.0},{"period":"2024-06","brand_revenue":0.0,"category_revenue":5618.75,"share_pct":0.0},{"period":"2024-07","brand_revenue":0.0,"category_revenue":3827.5,"share_pct":0.0},{"period":"2024-08","brand_revenue":0.0,"category_revenue":822.5,"share_pct":0.0},{"period":"2024-09","brand_revenue":0.0,"category_revenue":810.0,"share_pct":0.0},{"period":"2024-10","brand_revenue":0.0,"category_revenue":493.75,"share_pct":0.0},{"period":"2024-11","brand_revenue":1537.5,"category_revenue":2087.5,"share_pct":73.69999694824219},{"period":"2024-12","brand_revenue":425.0,"category_revenue":928.125,"share_pct":45.79999923706055},{"period":"2025-01","brand_revenue":112.5,"category_revenue":702.5,"share_pct":16.0},{"period":"2025-02","brand_revenue":100.0,"category_revenue":268.75,"share_pct":37.20000076293945},{"period":"2025-03","brand_revenue":0.0,"category_revenue":382.5,"share_pct":0.0},{"period":"2025-04","brand_revenue":0.0,"category_revenue":421.25,"share_pct":0.0},{"period":"2025-05","brand_revenue":0.0,"category_revenue":879.4999694824219,"share_pct":0.0},{"period":"2025-06","brand_revenue":0.0,"category_revenue":525.0,"share_pct":0.0},{"period":"2025-07","brand_revenue":0.0,"category_revenue":218.75,"share_pct":0.0},{"period":"2025-08","brand_revenue":0.0,"category_revenue":1616.25,"share_pct":0.0},{"period":"2025-09","brand_revenue":0.0,"category_revenue":920.0,"share_pct":0.0},{"period":"2025-10","brand_revenue":0.0,"category_revenue":1917.5,"share_pct":0.0},{"period":"2025-11","brand_revenue":0.0,"category_revenue":3255.3750610351562,"share_pct":0.0},{"period":"2025-12","brand_revenue":0.0,"category_revenue":2027.5,"share_pct":0.0},{"period":"2026-01","brand_revenue":0.0,"category_revenue":2545.500030517578,"share_pct":0.0}]},"discount_depth":[{"tier":"0% (Full Price)","transactions":20,"pct_of_transactions":43.5,"revenue":1025.0,"avg_discount":0.0},{"tier":"1-10%","transactions":8,"pct_of_transactions":17.4,"revenue":382.5,"avg_discount":20.0},{"tier":"11-20%","transactions":0,"pct_of_transactions":0.0,"revenue":0.0,"avg_discount":0},{"tier":"21-30%","transactions":0,"pct_of_transactions":0.0,"revenue":0.0,"avg_discount":0},{"tier":"31%+","transactions":2,"pct_of_transactions":4.3,"revenue":50.0,"avg_discount":100.0}],"velocity":{"units_per_day":0.5,"revenue_per_day":22.899999618530273,"avg_units_per_txn":2.28,"days_of_data":95,"total_units":48,"total_transactions":42},"velocity_by_category":[{"category":"APPAREL","brand_units_per_day":0.06,"category_avg_units_per_day":0.18,"velocity_index":35.3,"brand_rev_per_unit":36.25,"category_rev_per_unit":27.66,"brands_in_category":8}],"deals":[{"deal_name":"Senior - 10% Off","times_used":8,"units":8.0,"revenue":382.5,"discounts":42.5,"cost":200.0,"profit":182.5,"pre_discount_revenue":425.0,"margin":47.7,"avg_discount":20.0},{"deal_name":"Employee 30% - NOT FRIDAYS","times_used":4,"units":4.0,"revenue":175.0,"discounts":75.0,"cost":175.0,"profit":0.0,"pre_discount_revenue":250.0,"margin":0.0,"avg_discount":60.0},{"deal_name":"Industry - 30% Off","times_used":4,"units":8.0,"revenue":315.0,"discounts":135.0,"cost":250.0,"profit":65.0,"pre_discount_revenue":450.0,"margin":20.6,"avg_discount":60.0},{"deal_name":"Jackpot - Locals 30% Off","times_used":4,"units":4.0,"revenue":157.5,"discounts":67.5,"cost":125.0,"profit":32.5,"pre_discount_revenue":225.0,"margin":20.6,"avg_discount":60.0}],"top_products":[{"product":"OUTLAW BREAST CANCER THRIVE SHIRT - RECKLESS BEAUTY","units":34,"revenue":1500.0,"cost":637.5,"profit":862.5,"transactions":34,"margin":57.5},{"product":"THRIVE BREAST CANCER AWARENESS SHIRT - RECKLESS BEAUTY","units":14,"revenue":675.0,"cost":612.5,"profit":62.5,"transactions":12,"margin":9.300000190734863}],"products_by_store":{"Elevation Oasis":[{"product":"OUTLAW BREAST CANCER THRIVE SHIRT - RECKLESS BEAUTY","units":34,"revenue":1500.0,"cost":637.5,"profit":862.5,"transactions":34,"margin":57.5},{"product":"THRIVE BREAST CANCER AWARENESS SHIRT - RECKLESS BEAUTY","units":14,"revenue":675.0,"cost":612.5,"profit":62.5,"transactions":12,"margin":9.300000190734863}]},"store_summary":[{"store_clean":"Elevation Oasis","units":48,"revenue":2175.0,"cost":1250.0,"profit":925.0,"discounts":400.0,"margin":42.5,"discount_rate":15.5}],"recommendations":[{"severity":"red","title":"LOW DISCOUNTED MARGIN","detail":"Margin drops to 28.3% when discounted.","action":"Cap discount depth at 20% or negotiate lower wholesale cost."}],"comparison":null}