{"brand":"QUALCAN","date_range":"2024-01-01 00:00:00 to 2026-01-31 00:00:00","period_label":"All Time","summary":{"total_units":4344,"total_revenue":60577.32421875,"total_cost":27027.5,"total_discounts":20177.674560546875,"total_profit":33549.82666015625,"overall_margin":55.400001525878906,"fp_margin":66.5999984741211,"disc_margin":50.599998474121094,"pct_full_price":29.799999237060547,"avg_discount_rate":25.0,"fp_revenue":18075.0,"disc_revenue":42502.32421875,"brand":"QUALCAN","date_range":"2024-01-01 00:00:00 to 2026-01-31 00:00:00","primary_category":"EDIBLE","store_coverage":"6/7","stores_present":["Elevation Springs","Elevation Mesa","Elevation Oasis","Elevation Midtown","Elevation Boulevard","Elevation Parkway"],"stores_missing":["Elevation Downtown"],"velocity_rank":23,"velocity_total":32},"distribution":[{"store":"Elevation Springs","carries_brand":true,"sku_count":10,"revenue":10618.75,"units":740,"store_total_revenue":51138750.0,"brand_share_pct":0.0},{"store":"Elevation Mesa","carries_brand":true,"sku_count":10,"revenue":15702.5244140625,"units":1110,"store_total_revenue":47532240.0,"brand_share_pct":0.0},{"store":"Elevation Oasis","carries_brand":true,"sku_count":10,"revenue":12933.900146484375,"units":924,"store_total_revenue":56050145.0,"brand_share_pct":0.0},{"store":"Elevation Downtown","carries_brand":false,"sku_count":0,"revenue":0.0,"units":0,"store_total_revenue":1945237.1875,"brand_share_pct":0},{"store":"Elevation Midtown","carries_brand":true,"sku_count":10,"revenue":5201.0498046875,"units":382,"store_total_revenue":30850185.0,"brand_share_pct":0.0},{"store":"Elevation Boulevard","carries_brand":true,"sku_count":14,"revenue":9817.325439453125,"units":766,"store_total_revenue":28757865.0,"brand_share_pct":0.0},{"store":"Elevation Parkway","carries_brand":true,"sku_count":10,"revenue":6303.7750244140625,"units":422,"store_total_revenue":21987007.5,"brand_share_pct":0.0}],"share_of_category":[{"category":"EDIBLE","brand_revenue":59661.07421875,"category_revenue":29378492.5,"revenue_share_pct":0.20000000298023224,"brand_units":4246,"category_units":1706530,"units_share_pct":0.2},{"category":"PRE ROLL","brand_revenue":916.25,"category_revenue":14009791.25,"revenue_share_pct":0.0,"brand_units":98,"category_units":1485736,"units_share_pct":0.0}],"share_of_category_trend":{"EDIBLE":[{"period":"2024-01","brand_revenue":0.0,"category_revenue":1115754.921875,"share_pct":0.0},{"period":"2024-02","brand_revenue":0.0,"category_revenue":1235210.0,"share_pct":0.0},{"period":"2024-03","brand_revenue":0.0,"category_revenue":1273343.671875,"share_pct":0.0},{"period":"2024-04","brand_revenue":0.0,"category_revenue":1298159.0625,"share_pct":0.0},{"period":"2024-05","brand_revenue":0.0,"category_revenue":1215880.78125,"share_pct":0.0},{"period":"2024-06","brand_revenue":0.0,"category_revenue":1181362.421875,"share_pct":0.0},{"period":"2024-07","brand_revenue":0.0,"category_revenue":1128302.8125,"share_pct":0.0},{"period":"2024-08","brand_revenue":0.0,"category_revenue":1167724.921875,"share_pct":0.0},{"period":"2024-09","brand_revenue":0.0,"category_revenue":1114619.53125,"share_pct":0.0},{"period":"2024-10","brand_revenue":0.0,"category_revenue":1205149.0625,"share_pct":0.0},{"period":"2024-11","brand_revenue":0.0,"category_revenue":1236132.421875,"share_pct":0.0},{"period":"2024-12","brand_revenue":0.0,"category_revenue":1207318.046875,"share_pct":0.0},{"period":"2025-01","brand_revenue":0.0,"category_revenue":1176202.578125,"share_pct":0.0},{"period":"2025-02","brand_revenue":660.0,"category_revenue":1097683.359375,"share_pct":0.10000000149011612},{"period":"2025-03","brand_revenue":17951.524658203125,"category_revenue":1228067.265625,"share_pct":1.5},{"period":"2025-04","brand_revenue":18206.2744140625,"category_revenue":1290106.171875,"share_pct":1.399999976158142},{"period":"2025-05","brand_revenue":10556.875,"category_revenue":1191670.3125,"share_pct":0.8999999761581421},{"period":"2025-06","brand_revenue":11341.25,"category_revenue":1110702.109375,"share_pct":1.0},{"period":"2025-07","brand_revenue":945.1499938964844,"category_revenue":1096938.125,"share_pct":0.10000000149011612},{"period":"2025-08","brand_revenue":0.0,"category_revenue":1145920.859375,"share_pct":0.0},{"period":"2025-09","brand_revenue":0.0,"category_revenue":1070074.53125,"share_pct":0.0},{"period":"2025-10","brand_revenue":0.0,"category_revenue":1168865.78125,"share_pct":0.0},{"period":"2025-11","brand_revenue":0.0,"category_revenue":1192334.453125,"share_pct":0.0},{"period":"2025-12","brand_revenue":0.0,"category_revenue":1138094.375,"share_pct":0.0},{"period":"2026-01","brand_revenue":0.0,"category_revenue":1092874.21875,"share_pct":0.0}],"PRE ROLL":[{"period":"2024-01","brand_revenue":916.25,"category_revenue":508338.515625,"share_pct":0.20000000298023224},{"period":"2024-02","brand_revenue":0.0,"category_revenue":489393.671875,"share_pct":0.0},{"period":"2024-03","brand_revenue":0.0,"category_revenue":520052.3828125,"share_pct":0.0},{"period":"2024-04","brand_revenue":0.0,"category_revenue":491300.6640625,"share_pct":0.0},{"period":"2024-05","brand_revenue":0.0,"category_revenue":542202.890625,"share_pct":0.0},{"period":"2024-06","brand_revenue":0.0,"category_revenue":507288.8671875,"share_pct":0.0},{"period":"2024-07","brand_revenue":0.0,"category_revenue":524250.9765625,"share_pct":0.0},{"period":"2024-08","brand_revenue":0.0,"category_revenue":612518.7109375,"share_pct":0.0},{"period":"2024-09","brand_revenue":0.0,"category_revenue":586543.0078125,"share_pct":0.0},{"period":"2024-10","brand_revenue":0.0,"category_revenue":641449.1796875,"share_pct":0.0},{"period":"2024-11","brand_revenue":0.0,"category_revenue":579866.71875,"share_pct":0.0},{"period":"2024-12","brand_revenue":0.0,"category_revenue":582999.5703125,"share_pct":0.0},{"period":"2025-01","brand_revenue":0.0,"category_revenue":544095.3125,"share_pct":0.0},{"period":"2025-02","brand_revenue":0.0,"category_revenue":500875.5859375,"share_pct":0.0},{"period":"2025-03","brand_revenue":0.0,"category_revenue":551422.0703125,"share_pct":0.0},{"period":"2025-04","brand_revenue":0.0,"category_revenue":568189.375,"share_pct":0.0},{"period":"2025-05","brand_revenue":0.0,"category_revenue":565516.875,"share_pct":0.0},{"period":"2025-06","brand_revenue":0.0,"category_revenue":560506.71875,"share_pct":0.0},{"period":"2025-07","brand_revenue":0.0,"category_revenue":600916.09375,"share_pct":0.0},{"period":"2025-08","brand_revenue":0.0,"category_revenue":620247.5,"share_pct":0.0},{"period":"2025-09","brand_revenue":0.0,"category_revenue":608971.09375,"share_pct":0.0},{"period":"2025-10","brand_revenue":0.0,"category_revenue":645293.1640625,"share_pct":0.0},{"period":"2025-11","brand_revenue":0.0,"category_revenue":581113.4765625,"share_pct":0.0},{"period":"2025-12","brand_revenue":0.0,"category_revenue":553088.5546875,"share_pct":0.0},{"period":"2026-01","brand_revenue":0.0,"category_revenue":523350.9375,"share_pct":0.0}]},"velocity_by_category":[{"category":"EDIBLE","brand_units_per_day":5.58,"category_avg_units_per_day":69.98,"velocity_index":8.0,"brand_rev_per_unit":11.24,"category_rev_per_unit":13.77,"brands_in_category":32},{"category":"PRE ROLL","brand_units_per_day":0.12,"category_avg_units_per_day":42.38,"velocity_index":0.3,"brand_rev_per_unit":7.48,"category_rev_per_unit":7.54,"brands_in_category":46}],"store_gaps":[{"store":"Elevation Springs","category":"PRE ROLL","category_revenue_at_store":3507525.9375,"opportunity":"Category not carried at this store"},{"store":"Elevation Mesa","category":"PRE ROLL","category_revenue_at_store":3458612.5,"opportunity":"Category not carried at this store"},{"store":"Elevation Parkway","category":"PRE ROLL","category_revenue_at_store":1555803.125,"opportunity":"Category not carried at this store"},{"store":"Elevation Oasis","category":"PRE ROLL","category_revenue_at_store":1460871.25,"opportunity":"Category not carried at this store"},{"store":"Elevation Midtown","category":"PRE ROLL","category_revenue_at_store":1326764.21875,"opportunity":"Category not carried at this store"},{"store":"Elevation Downtown","category":"EDIBLE","category_revenue_at_store":354431.015625,"opportunity":"Brand not carried"},{"store":"Elevation Downtown","category":"PRE ROLL","category_revenue_at_store":196139.1015625,"opportunity":"Brand not carried"}],"product_mix":{"top":[{"product":"BROWNIE BITES - QUALCAN","units":974,"revenue":13317.249755859375,"cost":6087.5,"profit":7229.749755859375,"stores":6,"transactions":818,"margin":54.29999923706055},{"product":"FRUITY CRISPY - QUALCAN","units":922,"revenue":13297.5244140625,"cost":5762.5,"profit":7535.0250244140625,"stores":6,"transactions":752,"margin":56.70000076293945},{"product":"CHOCOLATE CRISPY - QUALCAN","units":896,"revenue":12578.074951171875,"cost":5600.0,"profit":6978.074951171875,"stores":6,"transactions":740,"margin":55.5},{"product":"RED VELVET COOKIES - QUALCAN","units":784,"revenue":10804.47509765625,"cost":4900.0,"profit":5904.47509765625,"stores":6,"transactions":664,"margin":54.599998474121094},{"product":"RICE CRISPY - QUALCAN","units":670,"revenue":9663.75,"cost":4187.5,"profit":5476.25,"stores":6,"transactions":572,"margin":56.70000076293945},{"product":"MENDO BREATH PRE ROLL 1G - QUALCAN","units":88,"revenue":823.75,"cost":440.0,"profit":383.75,"stores":1,"transactions":68,"margin":46.599998474121094},{"product":"WHOA SI WHOA PRE ROLL - QUALCAN","units":10,"revenue":92.5,"cost":50.0,"profit":42.5,"stores":1,"transactions":10,"margin":45.900001525878906}],"bottom":[],"expansion":[]},"pricing_consistency":[{"product":"CHOCOLATE CRISPY - QUALCAN","min_price":24.926057197678254,"max_price":30.770251464843753,"avg_price":27.787270638062186,"std_dev":0.8460208508206268,"store_count":12,"price_range":5.844194267165497,"range_pct":21.0},{"product":"BROWNIE BITES - QUALCAN","min_price":25.79838660455519,"max_price":31.61764705882353,"avg_price":27.852260733133956,"std_dev":0.87251560708852,"store_count":12,"price_range":5.819260454268336,"range_pct":20.9},{"product":"RED VELVET COOKIES - QUALCAN","min_price":25.77054794520548,"max_price":31.203125,"avg_price":27.8164946267121,"std_dev":0.7586776425959991,"store_count":12,"price_range":5.4325770547945185,"range_pct":19.5},{"product":"RICE CRISPY - QUALCAN","min_price":26.556122448979593,"max_price":30.755208333333336,"avg_price":28.89491118317343,"std_dev":0.6632544203834513,"store_count":12,"price_range":4.1990858843537415,"range_pct":14.5},{"product":"FRUITY CRISPY - QUALCAN","min_price":27.243589743589745,"max_price":30.618750000000002,"avg_price":28.628763265857597,"std_dev":0.47867083807112304,"store_count":12,"price_range":3.3751602564102567,"range_pct":11.8}],"promotional_effectiveness":{"lift":{"fp_units_per_day":9.66,"disc_units_per_day":26.4,"lift_pct":173.2,"fp_avg_revenue_per_unit":37.425000000000004,"disc_avg_revenue_per_unit":25.175},"by_deal":[{"deal_name":"S&S - Qualcan Confections 2 for $20","uses":438,"revenue":24630.0,"discounts":12270.0,"units":1968.0,"cost":12300.0,"margin":50.1,"discount_depth":66.6},{"deal_name":"Industry - 30% Off","uses":148,"revenue":4809.124999046326,"discounts":2083.3749997615814,"units":378.0,"cost":2325.0,"margin":51.7,"discount_depth":60.4},{"deal_name":"30% Off Special","uses":42,"revenue":1312.5,"discounts":562.5,"units":100.0,"cost":625.0,"margin":52.4,"discount_depth":60.0},{"deal_name":"Employee 30% - NOT FRIDAYS","uses":33,"revenue":1286.25,"discounts":551.25,"units":98.0,"cost":612.5,"margin":52.4,"discount_depth":60.0},{"deal_name":"25% OFF SALE","uses":21,"revenue":543.75,"discounts":181.25,"units":58.0,"cost":290.0,"margin":46.7,"discount_depth":50.0},{"deal_name":"Employee - 40% OFF","uses":17,"revenue":472.5,"discounts":315.0,"units":42.0,"cost":262.5,"margin":44.4,"discount_depth":80.0},{"deal_name":"Senior - 10% Off","uses":15,"revenue":659.375,"discounts":78.125,"units":40.0,"cost":247.5,"margin":62.5,"discount_depth":21.2},{"deal_name":"Veterans - 10% Off","uses":15,"revenue":607.5,"discounts":67.5,"units":36.0,"cost":225.0,"margin":63.0,"discount_depth":20.0},{"deal_name":"Industry 30% Off","uses":14,"revenue":420.0,"discounts":180.0,"units":32.0,"cost":200.0,"margin":52.4,"discount_depth":60.0},{"deal_name":"Senior / Veterans - 20% Off","uses":13,"revenue":480.0,"discounts":120.0,"units":32.0,"cost":200.0,"margin":58.3,"discount_depth":40.0},{"deal_name":"LVAC - 25% Off","uses":9,"revenue":253.125,"discounts":84.375,"units":18.0,"cost":112.5,"margin":55.6,"discount_depth":50.0},{"deal_name":"Jackpot - Locals 30% Off","uses":8,"revenue":232.5,"discounts":105.0,"units":18.0,"cost":112.5,"margin":51.6,"discount_depth":62.2},{"deal_name":"Spend $80 - Get a Qualcan Edible for $0.01","uses":4,"revenue":225.15000343322754,"discounts":224.84999656677246,"units":24.0,"cost":150.0,"margin":33.4,"discount_depth":100.0}]},"growth_opportunities":[{"type":"distribution","title":"Expand to Elevation Downtown","detail":"Store has $220,228 in EDIBLE, PRE ROLL \u2014 categories where QUALCAN competes.","priority":"high"},{"type":"velocity","title":"Improve velocity in EDIBLE","detail":"Velocity index 8 (below category average). 2.8 units/day vs 35.0 avg.","priority":"medium"},{"type":"velocity","title":"Improve velocity in PRE ROLL","detail":"Velocity index 0 (below category average). 0.1 units/day vs 21.2 avg.","priority":"medium"}],"trend":[{"period":"2024-01","revenue":916.25,"cost":490.0,"margin":46.5,"units":98,"transactions":76,"profit":426.25,"revenue_change_pct":null,"units_change_pct":null,"margin_change_pts":null},{"period":"2025-02","revenue":660.0,"cost":300.0,"margin":54.5,"units":48,"transactions":32,"profit":360.0,"revenue_change_pct":-28.0,"units_change_pct":-51.0,"margin_change_pts":8.0},{"period":"2025-03","revenue":17951.524658203125,"cost":7325.0,"margin":59.2,"units":1172,"transactions":868,"profit":10626.524658203125,"revenue_change_pct":2619.9,"units_change_pct":2341.7,"margin_change_pts":4.7},{"period":"2025-04","revenue":18206.2744140625,"cost":8000.0,"margin":56.1,"units":1280,"transactions":820,"profit":10206.275024414062,"revenue_change_pct":1.4,"units_change_pct":9.2,"margin_change_pts":-3.1},{"period":"2025-05","revenue":10556.875,"cost":5075.0,"margin":51.9,"units":812,"transactions":448,"profit":5481.875,"revenue_change_pct":-42.0,"units_change_pct":-36.6,"margin_change_pts":-4.1},{"period":"2025-06","revenue":11341.25,"cost":5325.0,"margin":53.0,"units":852,"transactions":452,"profit":6016.25,"revenue_change_pct":7.4,"units_change_pct":4.9,"margin_change_pts":1.1},{"period":"2025-07","revenue":945.1499938964844,"cost":512.5,"margin":45.8,"units":82,"transactions":42,"profit":432.6499938964844,"revenue_change_pct":-91.7,"units_change_pct":-90.4,"margin_change_pts":-7.3}]}