{"brand":"WAXMAID","date_range":"2024-01-01 00:00:00 to 2026-01-31 00:00:00","period_label":"All Time","summary":{"total_units":22,"total_revenue":1390.9249877929688,"total_cost":1254.7999572753906,"total_discounts":268.99999618530273,"total_profit":136.1249828338623,"overall_margin":9.800000190734863,"fp_margin":34.70000076293945,"disc_margin":-17.0,"pct_full_price":51.79999923706055,"avg_discount_rate":16.200000762939453,"fp_revenue":719.9749755859375,"disc_revenue":670.9500122070312,"unique_customers":22,"brand":"WAXMAID","date_range":"2024-01-01 00:00:00 to 2026-01-31 00:00:00","months_count":12,"avg_monthly_cost":209.125,"cost_per_unit":114.075,"primary_category":"ACCESSORY","primary_cat_margin":61.099998474121094,"category_rank":43,"category_total":136,"margin_vs_category":-51.29999923706055,"velocity_rank":83},"category_breakdown":[{"category_clean":"ACCESSORY","units":22,"revenue":1390.9249877929688,"cost":1254.7999572753906,"profit":136.12496376037598,"discounts":268.99999618530273,"margin":9.800000190734863,"category_avg_margin":61.099998474121094,"vs_category":-51.3,"rank":43.0,"total_brands":136.0}],"trend":[{"period":"2024-09","revenue":135.0,"cost":54.97499942779541,"margin":59.3,"units":2,"transactions":2,"profit":80.02499580383301,"revenue_change_pct":null,"units_change_pct":null,"margin_change_pts":null},{"period":"2024-10","revenue":285.0,"cost":109.94999885559082,"margin":61.4,"units":4,"transactions":4,"profit":175.04999160766602,"revenue_change_pct":111.1,"units_change_pct":100.0,"margin_change_pts":2.1},{"period":"2024-11","revenue":155.9500026702881,"cost":500.0,"margin":-220.6,"units":4,"transactions":4,"profit":-344.04998779296875,"revenue_change_pct":-45.3,"units_change_pct":0,"margin_change_pts":-282.0},{"period":"2024-12","revenue":419.97501373291016,"cost":359.94998931884766,"margin":14.3,"units":6,"transactions":6,"profit":60.02499580383301,"revenue_change_pct":169.3,"units_change_pct":50.0,"margin_change_pts":234.9},{"period":"2025-01","revenue":120.0,"cost":54.97499942779541,"margin":54.2,"units":2,"transactions":2,"profit":65.02500057220459,"revenue_change_pct":-71.4,"units_change_pct":-66.7,"margin_change_pts":39.9},{"period":"2025-07","revenue":275.0,"cost":174.95000839233398,"margin":36.4,"units":4,"transactions":4,"profit":100.04999160766602,"revenue_change_pct":129.2,"units_change_pct":100.0,"margin_change_pts":-17.8}],"share_of_category":[{"category":"ACCESSORY","brand_revenue":1390.9249877929688,"category_revenue":4128754.0625,"revenue_share_pct":0.0,"brand_units":22,"category_units":2130096,"units_share_pct":0.0}],"share_of_category_trend":{"ACCESSORY":[{"period":"2024-01","brand_revenue":0.0,"category_revenue":153543.9453125,"share_pct":0.0},{"period":"2024-02","brand_revenue":0.0,"category_revenue":152399.47265625,"share_pct":0.0},{"period":"2024-03","brand_revenue":0.0,"category_revenue":154678.876953125,"share_pct":0.0},{"period":"2024-04","brand_revenue":0.0,"category_revenue":163353.65234375,"share_pct":0.0},{"period":"2024-05","brand_revenue":0.0,"category_revenue":179676.4453125,"share_pct":0.0},{"period":"2024-06","brand_revenue":0.0,"category_revenue":185008.828125,"share_pct":0.0},{"period":"2024-07","brand_revenue":0.0,"category_revenue":186675.46875,"share_pct":0.0},{"period":"2024-08","brand_revenue":0.0,"category_revenue":180226.328125,"share_pct":0.0},{"period":"2024-09","brand_revenue":135.0,"category_revenue":162386.298828125,"share_pct":0.10000000149011612},{"period":"2024-10","brand_revenue":285.0,"category_revenue":166088.73046875,"share_pct":0.20000000298023224},{"period":"2024-11","brand_revenue":155.9500026702881,"category_revenue":171706.09375,"share_pct":0.10000000149011612},{"period":"2024-12","brand_revenue":419.97501373291016,"category_revenue":176502.03125,"share_pct":0.20000000298023224},{"period":"2025-01","brand_revenue":120.0,"category_revenue":167261.34765625,"share_pct":0.10000000149011612},{"period":"2025-02","brand_revenue":0.0,"category_revenue":155260.927734375,"share_pct":0.0},{"period":"2025-03","brand_revenue":0.0,"category_revenue":176420.390625,"share_pct":0.0},{"period":"2025-04","brand_revenue":0.0,"category_revenue":182694.82421875,"share_pct":0.0},{"period":"2025-05","brand_revenue":0.0,"category_revenue":179904.4921875,"share_pct":0.0},{"period":"2025-06","brand_revenue":0.0,"category_revenue":161148.75,"share_pct":0.0},{"period":"2025-07","brand_revenue":275.0,"category_revenue":165549.8046875,"share_pct":0.20000000298023224},{"period":"2025-08","brand_revenue":0.0,"category_revenue":171752.05078125,"share_pct":0.0},{"period":"2025-09","brand_revenue":0.0,"category_revenue":168198.9453125,"share_pct":0.0},{"period":"2025-10","brand_revenue":0.0,"category_revenue":171844.55078125,"share_pct":0.0},{"period":"2025-11","brand_revenue":0.0,"category_revenue":172839.74609375,"share_pct":0.0},{"period":"2025-12","brand_revenue":0.0,"category_revenue":141954.873046875,"share_pct":0.0},{"period":"2026-01","brand_revenue":0.0,"category_revenue":81677.1484375,"share_pct":0.0}]},"discount_depth":[{"tier":"0% (Full Price)","transactions":10,"pct_of_transactions":45.5,"revenue":719.9749755859375,"avg_discount":0.0},{"tier":"1-10%","transactions":4,"pct_of_transactions":18.2,"revenue":270.0,"avg_discount":20.0},{"tier":"11-20%","transactions":2,"pct_of_transactions":9.1,"revenue":120.0,"avg_discount":40.0},{"tier":"21-30%","transactions":0,"pct_of_transactions":0.0,"revenue":0.0,"avg_discount":0},{"tier":"31%+","transactions":4,"pct_of_transactions":18.2,"revenue":196.97500228881836,"avg_discount":90.0}],"velocity":{"units_per_day":0.06,"revenue_per_day":4.399999976158142,"avg_units_per_txn":2.0,"days_of_data":316,"total_units":22,"total_transactions":22},"velocity_by_category":[{"category":"ACCESSORY","brand_units_per_day":0.02,"category_avg_units_per_day":20.56,"velocity_index":0.1,"brand_rev_per_unit":50.58,"category_rev_per_unit":1.55,"brands_in_category":136}],"deals":[{"deal_name":"Employee - 40% OFF","times_used":2,"units":2.0,"revenue":71.97500228881836,"discounts":48.00000190734863,"cost":250.0,"profit":-178.02499771118164,"pre_discount_revenue":119.97500419616699,"margin":-247.3,"avg_discount":80.0},{"deal_name":"Employee 30% - NOT FRIDAYS","times_used":2,"units":2.0,"revenue":83.97500038146973,"discounts":35.999999046325684,"cost":250.0,"profit":-166.02500915527344,"pre_discount_revenue":119.97500419616699,"margin":-197.7,"avg_discount":60.0},{"deal_name":"Senior - 10% Off","times_used":2,"units":2.0,"revenue":135.0,"discounts":15.0,"cost":54.97499942779541,"profit":80.02499580383301,"pre_discount_revenue":150.0,"margin":59.3,"avg_discount":20.0}],"top_products":[{"product":"HONEY PEN","units":14,"revenue":990.0,"cost":384.8249816894531,"profit":605.1749801635742,"transactions":14,"margin":61.099998474121094},{"product":"DABBER","units":8,"revenue":400.92498779296875,"cost":869.9749755859375,"profit":-469.04998779296875,"transactions":8,"margin":-117.0}],"products_by_store":{"Elevation Midtown":[{"product":"HONEY PEN","units":14,"revenue":990.0,"cost":384.8249816894531,"profit":605.1749801635742,"transactions":14,"margin":61.099998474121094},{"product":"DABBER","units":8,"revenue":400.92498779296875,"cost":869.9749755859375,"profit":-469.04998779296875,"transactions":8,"margin":-117.0}]},"store_summary":[{"store_clean":"Elevation Midtown","units":22,"revenue":1390.9249877929688,"cost":1254.7999572753906,"profit":136.12496376037598,"discounts":268.99999618530273,"margin":9.800000190734863,"discount_rate":16.200000762939453}],"recommendations":[{"severity":"red","title":"ACCESSORY: BELOW CATEGORY AVERAGE","detail":"Margin (9.8%) is 51 pts below ACCESSORY average. Ranked #43 of 136. Strong case for cost negotiation.","action":"Request 26% cost reduction or evaluate alternative ACCESSORY brands."},{"severity":"yellow","title":"CATEGORY BENCHMARK GAP","detail":"Overall margin (9.8%) trails ACCESSORY average (61.1%) by 51.3 pts.","action":"Negotiate cost reduction or increase retail price."},{"severity":"red","title":"LOW DISCOUNTED MARGIN","detail":"Margin drops to -17.0% when discounted.","action":"Cap discount depth at 20% or negotiate lower wholesale cost."}],"comparison":null}