{"brand":"CANNAHEMP","date_range":"2024-01-01 00:00:00 to 2026-01-31 00:00:00","period_label":"All Time","summary":{"total_units":1095,"total_revenue":27373.19140625,"total_cost":17016.03125,"total_discounts":14421.8095703125,"total_profit":10357.16015625,"overall_margin":37.79999923706055,"fp_margin":60.5,"disc_margin":24.100000381469727,"pct_full_price":37.79999923706055,"avg_discount_rate":34.5,"fp_revenue":10345.0,"disc_revenue":17028.189453125,"brand":"CANNAHEMP","date_range":"2024-01-01 00:00:00 to 2026-01-31 00:00:00","primary_category":"CBD","store_coverage":"6/7","stores_present":["Thrive Cactus","Thrive Cheyenne","Thrive Jackpot","Thrive Reno","Thrive Sahara","Thrive Sammy"],"stores_missing":["Thrive Main Street"],"velocity_rank":3,"velocity_total":3},"distribution":[{"store":"Thrive Cactus","carries_brand":true,"sku_count":12,"revenue":3907.94970703125,"units":162,"store_total_revenue":20455500.0,"brand_share_pct":0.0},{"store":"Thrive Cheyenne","carries_brand":true,"sku_count":16,"revenue":5205.7099609375,"units":246,"store_total_revenue":19012896.0,"brand_share_pct":0.0},{"store":"Thrive Jackpot","carries_brand":true,"sku_count":11,"revenue":6746.0302734375,"units":230,"store_total_revenue":22420058.0,"brand_share_pct":0.0},{"store":"Thrive Main Street","carries_brand":false,"sku_count":0,"revenue":0,"units":0,"store_total_revenue":778094.875,"brand_share_pct":0},{"store":"Thrive Reno","carries_brand":true,"sku_count":14,"revenue":5919.60009765625,"units":260,"store_total_revenue":12340074.0,"brand_share_pct":0.0},{"store":"Thrive Sahara","carries_brand":true,"sku_count":11,"revenue":2750.800048828125,"units":96,"store_total_revenue":11503146.0,"brand_share_pct":0.0},{"store":"Thrive Sammy","carries_brand":true,"sku_count":17,"revenue":2843.10009765625,"units":101,"store_total_revenue":8794803.0,"brand_share_pct":0.0}],"share_of_category":[{"category":"CBD","brand_revenue":26916.7890625,"category_revenue":155834.359375,"revenue_share_pct":17.299999237060547,"brand_units":1019,"category_units":7505,"units_share_pct":13.6},{"category":"DISPOSABLE VAPE","brand_revenue":288.0,"category_revenue":12220962.0,"revenue_share_pct":0.0,"brand_units":12,"category_units":378274,"units_share_pct":0.0},{"category":"ACCESSORY","brand_revenue":168.40000915527344,"category_revenue":1651501.625,"revenue_share_pct":0.0,"brand_units":64,"category_units":1065048,"units_share_pct":0.0}],"share_of_category_trend":{"CBD":[{"period":"2024-01","brand_revenue":3701.909912109375,"category_revenue":7848.31005859375,"share_pct":47.20000076293945},{"period":"2024-02","brand_revenue":1651.0,"category_revenue":8297.3603515625,"share_pct":19.899999618530273},{"period":"2024-03","brand_revenue":4200.10009765625,"category_revenue":9667.3095703125,"share_pct":43.400001525878906},{"period":"2024-04","brand_revenue":6124.0498046875,"category_revenue":11503.41015625,"share_pct":53.20000076293945},{"period":"2024-05","brand_revenue":5404.7001953125,"category_revenue":10250.75,"share_pct":52.70000076293945},{"period":"2024-06","brand_revenue":4279.93017578125,"category_revenue":9010.9599609375,"share_pct":47.5},{"period":"2024-07","brand_revenue":1555.0999755859375,"category_revenue":7517.85009765625,"share_pct":20.700000762939453},{"period":"2024-08","brand_revenue":0.0,"category_revenue":6567.47021484375,"share_pct":0.0},{"period":"2024-09","brand_revenue":0.0,"category_revenue":5943.990234375,"share_pct":0.0},{"period":"2024-10","brand_revenue":0.0,"category_revenue":7585.85009765625,"share_pct":0.0},{"period":"2024-11","brand_revenue":0.0,"category_revenue":8102.10009765625,"share_pct":0.0},{"period":"2024-12","brand_revenue":0.0,"category_revenue":6204.43994140625,"share_pct":0.0},{"period":"2025-01","brand_revenue":0.0,"category_revenue":6240.60009765625,"share_pct":0.0},{"period":"2025-02","brand_revenue":0.0,"category_revenue":5390.6298828125,"share_pct":0.0},{"period":"2025-03","brand_revenue":0.0,"category_revenue":5975.97998046875,"share_pct":0.0},{"period":"2025-04","brand_revenue":0.0,"category_revenue":4276.169921875,"share_pct":0.0},{"period":"2025-05","brand_revenue":0.0,"category_revenue":5373.35009765625,"share_pct":0.0},{"period":"2025-06","brand_revenue":0.0,"category_revenue":3751.14990234375,"share_pct":0.0},{"period":"2025-07","brand_revenue":0.0,"category_revenue":3643.800048828125,"share_pct":0.0},{"period":"2025-08","brand_revenue":0.0,"category_revenue":4156.14990234375,"share_pct":0.0},{"period":"2025-09","brand_revenue":0.0,"category_revenue":4033.22998046875,"share_pct":0.0},{"period":"2025-10","brand_revenue":0.0,"category_revenue":2658.550048828125,"share_pct":0.0},{"period":"2025-11","brand_revenue":0.0,"category_revenue":3001.60009765625,"share_pct":0.0},{"period":"2025-12","brand_revenue":0.0,"category_revenue":4459.39990234375,"share_pct":0.0},{"period":"2026-01","brand_revenue":0.0,"category_revenue":4373.9501953125,"share_pct":0.0}],"DISPOSABLE VAPE":[{"period":"2024-01","brand_revenue":0.0,"category_revenue":373389.96875,"share_pct":0.0},{"period":"2024-02","brand_revenue":0.0,"category_revenue":351112.84375,"share_pct":0.0},{"period":"2024-03","brand_revenue":288.0,"category_revenue":396276.8125,"share_pct":0.10000000149011612},{"period":"2024-04","brand_revenue":0.0,"category_revenue":388780.875,"share_pct":0.0},{"period":"2024-05","brand_revenue":0.0,"category_revenue":414040.1875,"share_pct":0.0},{"period":"2024-06","brand_revenue":0.0,"category_revenue":415917.6875,"share_pct":0.0},{"period":"2024-07","brand_revenue":0.0,"category_revenue":432654.625,"share_pct":0.0},{"period":"2024-08","brand_revenue":0.0,"category_revenue":439463.25,"share_pct":0.0},{"period":"2024-09","brand_revenue":0.0,"category_revenue":422557.8125,"share_pct":0.0},{"period":"2024-10","brand_revenue":0.0,"category_revenue":478816.46875,"share_pct":0.0},{"period":"2024-11","brand_revenue":0.0,"category_revenue":477592.09375,"share_pct":0.0},{"period":"2024-12","brand_revenue":0.0,"category_revenue":488803.59375,"share_pct":0.0},{"period":"2025-01","brand_revenue":0.0,"category_revenue":440220.96875,"share_pct":0.0},{"period":"2025-02","brand_revenue":0.0,"category_revenue":466908.5,"share_pct":0.0},{"period":"2025-03","brand_revenue":0.0,"category_revenue":539542.6875,"share_pct":0.0},{"period":"2025-04","brand_revenue":0.0,"category_revenue":565855.9375,"share_pct":0.0},{"period":"2025-05","brand_revenue":0.0,"category_revenue":584235.375,"share_pct":0.0},{"period":"2025-06","brand_revenue":0.0,"category_revenue":528341.1875,"share_pct":0.0},{"period":"2025-07","brand_revenue":0.0,"category_revenue":580477.9375,"share_pct":0.0},{"period":"2025-08","brand_revenue":0.0,"category_revenue":561408.25,"share_pct":0.0},{"period":"2025-09","brand_revenue":0.0,"category_revenue":527007.25,"share_pct":0.0},{"period":"2025-10","brand_revenue":0.0,"category_revenue":604677.5,"share_pct":0.0},{"period":"2025-11","brand_revenue":0.0,"category_revenue":592683.6875,"share_pct":0.0},{"period":"2025-12","brand_revenue":0.0,"category_revenue":590758.75,"share_pct":0.0},{"period":"2026-01","brand_revenue":0.0,"category_revenue":559437.9375,"share_pct":0.0}],"ACCESSORY":[{"period":"2024-01","brand_revenue":0.0,"category_revenue":61417.578125,"share_pct":0.0},{"period":"2024-02","brand_revenue":0.0,"category_revenue":60959.7890625,"share_pct":0.0},{"period":"2024-03","brand_revenue":0.0,"category_revenue":61871.55078125,"share_pct":0.0},{"period":"2024-04","brand_revenue":0.0,"category_revenue":65341.4609375,"share_pct":0.0},{"period":"2024-05","brand_revenue":0.0,"category_revenue":71870.578125,"share_pct":0.0},{"period":"2024-06","brand_revenue":0.0,"category_revenue":74003.53125,"share_pct":0.0},{"period":"2024-07","brand_revenue":8.699999809265137,"category_revenue":74670.1875,"share_pct":0.0},{"period":"2024-08","brand_revenue":35.5,"category_revenue":72090.53125,"share_pct":0.0},{"period":"2024-09","brand_revenue":29.700000762939453,"category_revenue":64954.51953125,"share_pct":0.0},{"period":"2024-10","brand_revenue":30.899999618530273,"category_revenue":66435.4921875,"share_pct":0.0},{"period":"2024-11","brand_revenue":11.100000381469727,"category_revenue":68682.4375,"share_pct":0.0},{"period":"2024-12","brand_revenue":6.899999618530273,"category_revenue":70600.8125,"share_pct":0.0},{"period":"2025-01","brand_revenue":0.0,"category_revenue":66904.5390625,"share_pct":0.0},{"period":"2025-02","brand_revenue":6.0,"category_revenue":62104.37109375,"share_pct":0.0},{"period":"2025-03","brand_revenue":12.0,"category_revenue":70568.15625,"share_pct":0.0},{"period":"2025-04","brand_revenue":3.0,"category_revenue":73077.9296875,"share_pct":0.0},{"period":"2025-05","brand_revenue":0.0,"category_revenue":71961.796875,"share_pct":0.0},{"period":"2025-06","brand_revenue":0.0,"category_revenue":64459.5,"share_pct":0.0},{"period":"2025-07","brand_revenue":3.0,"category_revenue":66219.921875,"share_pct":0.0},{"period":"2025-08","brand_revenue":0.0,"category_revenue":68700.8203125,"share_pct":0.0},{"period":"2025-09","brand_revenue":0.0,"category_revenue":67279.578125,"share_pct":0.0},{"period":"2025-10","brand_revenue":7.5,"category_revenue":68737.8203125,"share_pct":0.0},{"period":"2025-11","brand_revenue":0.0,"category_revenue":69135.8984375,"share_pct":0.0},{"period":"2025-12","brand_revenue":9.0,"category_revenue":56781.94921875,"share_pct":0.0},{"period":"2026-01","brand_revenue":5.099999904632568,"category_revenue":32670.859375,"share_pct":0.0}]},"velocity_by_category":[{"category":"CBD","brand_units_per_day":1.34,"category_avg_units_per_day":3.28,"velocity_index":40.7,"brand_rev_per_unit":26.41,"category_rev_per_unit":20.76,"brands_in_category":3},{"category":"ACCESSORY","brand_units_per_day":0.08,"category_avg_units_per_day":10.28,"velocity_index":0.8,"brand_rev_per_unit":2.63,"category_rev_per_unit":1.55,"brands_in_category":136},{"category":"DISPOSABLE VAPE","brand_units_per_day":0.02,"category_avg_units_per_day":14.18,"velocity_index":0.1,"brand_rev_per_unit":24.0,"category_rev_per_unit":32.31,"brands_in_category":35}],"store_gaps":[{"store":"Thrive Jackpot","category":"DISPOSABLE VAPE","category_revenue_at_store":2567060.75,"opportunity":"Category not carried at this store"},{"store":"Thrive Jackpot","category":"ACCESSORY","category_revenue_at_store":366921.6875,"opportunity":"Category not carried at this store"},{"store":"Thrive Cactus","category":"ACCESSORY","category_revenue_at_store":359352.96875,"opportunity":"Category not carried at this store"},{"store":"Thrive Cheyenne","category":"ACCESSORY","category_revenue_at_store":221087.65625,"opportunity":"Category not carried at this store"},{"store":"Thrive Sahara","category":"ACCESSORY","category_revenue_at_store":186593.15625,"opportunity":"Category not carried at this store"},{"store":"Thrive Sammy","category":"ACCESSORY","category_revenue_at_store":174303.78125,"opportunity":"Category not carried at this store"},{"store":"Thrive Main Street","category":"DISPOSABLE VAPE","category_revenue_at_store":154562.515625,"opportunity":"Brand not carried"},{"store":"Thrive Main Street","category":"ACCESSORY","category_revenue_at_store":24615.880859375,"opportunity":"Brand not carried"}],"product_mix":{"top":[{"product":"2:1 CBD/CBG RELIEF CREAM - CANNAHEMP","units":158,"revenue":3242.75,"cost":2370.0,"profit":872.75,"stores":6,"transactions":121,"margin":26.899999618530273},{"product":"NATURAL 1000MG CBG TINCTURE - CANNAHEMP","units":77,"revenue":3124.300048828125,"cost":1925.0,"profit":1199.300048828125,"stores":6,"transactions":62,"margin":38.400001525878906},{"product":"CALM CBD DISPOSABLE VAPE TERP FX - CANNAHEMP","units":102,"revenue":2862.0,"cost":1552.4100341796875,"profit":1309.5899658203125,"stores":6,"transactions":97,"margin":45.79999923706055},{"product":"PAIN RELIEF 500MG CBD CREAM - CANNAHEMP","units":79,"revenue":2670.5,"cost":1504.8199462890625,"profit":1165.6800537109375,"stores":3,"transactions":72,"margin":43.70000076293945},{"product":"FOCUS CBD DISPOSABLE VAPE TERP FX - CANNAHEMP","units":93,"revenue":2602.080078125,"cost":1409.93994140625,"profit":1192.1400146484375,"stores":6,"transactions":80,"margin":45.79999923706055},{"product":"RELIEF CBD DISPOSABLE VAPE TERP FX - CANNAHEMP","units":89,"revenue":2442.25,"cost":1335.0,"profit":1107.25,"stores":6,"transactions":77,"margin":45.29999923706055},{"product":"SLEEP CBD DISPOSABLE VAPE TERP FX - CANNAHEMP","units":76,"revenue":2221.5,"cost":1140.0,"profit":1081.5,"stores":4,"transactions":71,"margin":48.70000076293945},{"product":"NATURAL 500MG CBD TINCTURE - CANNAHEMP","units":125,"revenue":2148.800048828125,"cost":1500.0,"profit":648.7999877929688,"stores":6,"transactions":78,"margin":30.200000762939453},{"product":"RELIEF CREAM 500MG - CANNAHEMP","units":49,"revenue":1274.510009765625,"cost":735.0,"profit":539.510009765625,"stores":3,"transactions":40,"margin":42.29999923706055},{"product":"FOCUS 1000MG CBD TINCTURE TERP FX - CANNAHEMP","units":37,"revenue":1093.0,"cost":910.77001953125,"profit":182.23001098632812,"stores":3,"transactions":29,"margin":16.700000762939453},{"product":"CALM 1000MG CBD TINCTURE TERP FX - CANNAHEMP","units":21,"revenue":682.0,"cost":504.0,"profit":178.0,"stores":3,"transactions":12,"margin":26.100000381469727},{"product":"FREE & CLEARED CBD LOTION - CANNAHEMP","units":31,"revenue":529.2999877929688,"cost":327.8599853515625,"profit":201.44000244140625,"stores":4,"transactions":28,"margin":38.099998474121094},{"product":"SLEEP CBD DISPOSABLE VAPE - CANNAHEMP","units":17,"revenue":468.0,"cost":255.0,"profit":213.0,"stores":2,"transactions":16,"margin":45.5},{"product":"RECOVERY CBD CREAM - CANNAHEMP","units":12,"revenue":319.5,"cost":228.0,"profit":91.5,"stores":1,"transactions":10,"margin":28.600000381469727},{"product":"RECOVERY X CREAM CBD 1000MG - CANNAHEMP","units":14,"revenue":290.0,"cost":266.0,"profit":24.0,"stores":2,"transactions":12,"margin":8.300000190734863},{"product":"KIND CUCUMBER CBD LOTION - CANNAHEMP","units":16,"revenue":209.1999969482422,"cost":182.38999938964844,"profit":26.809999465942383,"stores":4,"transactions":16,"margin":12.800000190734863},{"product":"SLEEP 1000MG CBD TINCTURE TERP FX - CANNAHEMP","units":6,"revenue":204.0,"cost":144.0,"profit":60.0,"stores":2,"transactions":5,"margin":29.399999618530273},{"product":"NATURAL 1000MG CBN TINCTURE - CANNAHEMP","units":3,"revenue":189.0,"cost":134.97000122070312,"profit":54.029998779296875,"stores":2,"transactions":3,"margin":28.600000381469727},{"product":"NATURAL 2000MG CBD TINCTURE - CANNAHEMP","units":5,"revenue":162.5,"cost":149.9499969482422,"profit":12.550000190734863,"stores":1,"transactions":3,"margin":7.699999809265137},{"product":"SLEEP CBD TINCTURE - CANNAHEMP","units":5,"revenue":162.0,"cost":120.98999786376953,"profit":41.01000213623047,"stores":2,"transactions":5,"margin":25.299999237060547}],"bottom":[{"product":"NATURAL 1000MG CBN TINCTURE - CANNAHEMP","units":3,"revenue":189.0,"cost":134.97000122070312,"profit":54.029998779296875,"stores":2,"transactions":3,"margin":28.600000381469727},{"product":"NATURAL 2000MG CBD TINCTURE - CANNAHEMP","units":5,"revenue":162.5,"cost":149.9499969482422,"profit":12.550000190734863,"stores":1,"transactions":3,"margin":7.699999809265137},{"product":"SLEEP CBD TINCTURE - CANNAHEMP","units":5,"revenue":162.0,"cost":120.98999786376953,"profit":41.01000213623047,"stores":2,"transactions":5,"margin":25.299999237060547},{"product":"CITRUS BLOSSOM CBD LOTION - CANNAHEMP","units":11,"revenue":161.60000610351562,"cost":137.38999938964844,"profit":24.21000099182129,"stores":3,"transactions":11,"margin":15.0},{"product":"SLEEP 2000MG CBD TINCTURE - CANNAHEMP","units":2,"revenue":65.0,"cost":69.9800033569336,"profit":-4.980000019073486,"stores":1,"transactions":2,"margin":-7.699999809265137},{"product":"HONEY WRAPS","units":27,"revenue":64.5999984741211,"cost":14.580000877380371,"profit":50.02000045776367,"stores":1,"transactions":17,"margin":77.4000015258789},{"product":"CANNA HEMP MIXED BERRY WRAPS","units":21,"revenue":57.599998474121094,"cost":11.34000015258789,"profit":46.26000213623047,"stores":1,"transactions":19,"margin":80.30000305175781},{"product":"RUSSIAN CREAM WRAPS","units":16,"revenue":46.20000076293945,"cost":8.640000343322754,"profit":37.560001373291016,"stores":1,"transactions":15,"margin":81.30000305175781},{"product":"CALM 2000MG CBD TINCTURE - CANNAHEMP","units":1,"revenue":45.0,"cost":30.0,"profit":15.0,"stores":1,"transactions":1,"margin":33.29999923706055},{"product":"RELIEF 1000MG CBD TINCTURE TERP FX - CANNAHEMP","units":2,"revenue":36.0,"cost":48.0,"profit":-12.0,"stores":1,"transactions":2,"margin":-33.29999923706055}],"expansion":[{"product":"PAIN RELIEF 500MG CBD CREAM - CANNAHEMP","current_stores":3,"total_stores":6,"missing_stores":["Thrive Cactus","Thrive Cheyenne","Thrive Sammy"],"revenue":2670.5},{"product":"SLEEP CBD DISPOSABLE VAPE TERP FX - CANNAHEMP","current_stores":4,"total_stores":6,"missing_stores":["Thrive Sahara","Thrive Sammy"],"revenue":2221.5},{"product":"RELIEF CREAM 500MG - CANNAHEMP","current_stores":3,"total_stores":6,"missing_stores":["Thrive Jackpot","Thrive Reno","Thrive Sahara"],"revenue":1274.510009765625},{"product":"FOCUS 1000MG CBD TINCTURE TERP FX - CANNAHEMP","current_stores":3,"total_stores":6,"missing_stores":["Thrive Cactus","Thrive Jackpot","Thrive Reno"],"revenue":1093.0},{"product":"CALM 1000MG CBD TINCTURE TERP FX - CANNAHEMP","current_stores":3,"total_stores":6,"missing_stores":["Thrive Cactus","Thrive Jackpot","Thrive Reno"],"revenue":682.0},{"product":"FREE & CLEARED CBD LOTION - CANNAHEMP","current_stores":4,"total_stores":6,"missing_stores":["Thrive Sahara","Thrive Sammy"],"revenue":529.2999877929688},{"product":"SLEEP CBD DISPOSABLE VAPE - CANNAHEMP","current_stores":2,"total_stores":6,"missing_stores":["Thrive Cactus","Thrive Cheyenne","Thrive Jackpot","Thrive Reno"],"revenue":468.0},{"product":"RECOVERY X CREAM CBD 1000MG - CANNAHEMP","current_stores":2,"total_stores":6,"missing_stores":["Thrive Cactus","Thrive Jackpot","Thrive Reno","Thrive Sahara"],"revenue":290.0},{"product":"KIND CUCUMBER CBD LOTION - CANNAHEMP","current_stores":4,"total_stores":6,"missing_stores":["Thrive Sahara","Thrive Sammy"],"revenue":209.1999969482422},{"product":"SLEEP 1000MG CBD TINCTURE TERP FX - CANNAHEMP","current_stores":2,"total_stores":6,"missing_stores":["Thrive Cactus","Thrive Jackpot","Thrive Reno","Thrive Sahara"],"revenue":204.0}]},"pricing_consistency":[{"product":"SLEEP 1000MG CBD TINCTURE TERP FX - CANNAHEMP","min_price":18.0,"max_price":50.0,"avg_price":34.0,"std_dev":22.627416997969522,"store_count":2,"price_range":32.0,"range_pct":94.1},{"product":"RELIEF CREAM 500MG - CANNAHEMP","min_price":15.75,"max_price":37.375,"avg_price":23.825740861304013,"std_dev":11.805918346308685,"store_count":3,"price_range":21.625,"range_pct":90.8},{"product":"KIND CUCUMBER CBD LOTION - CANNAHEMP","min_price":9.0,"max_price":17.733333587646484,"avg_price":13.13333339691162,"std_dev":3.6502664593613066,"store_count":4,"price_range":8.733333587646484,"range_pct":66.5},{"product":"FOCUS 1000MG CBD TINCTURE TERP FX - CANNAHEMP","min_price":27.59375,"max_price":50.0,"avg_price":35.864583333333336,"std_dev":12.300610270260306,"store_count":3,"price_range":22.40625,"range_pct":62.5},{"product":"NATURAL 500MG CBD TINCTURE - CANNAHEMP","min_price":11.199999640969668,"max_price":21.44,"avg_price":16.574148118262197,"std_dev":3.956794194202825,"store_count":6,"price_range":10.240000359030333,"range_pct":61.8},{"product":"2:1 CBD/CBG RELIEF CREAM - CANNAHEMP","min_price":15.60655737704918,"max_price":26.964285714285715,"avg_price":20.3633223334043,"std_dev":3.9370234552865444,"store_count":6,"price_range":11.357728337236535,"range_pct":55.8},{"product":"FREE & CLEARED CBD LOTION - CANNAHEMP","min_price":12.600000381469727,"max_price":21.599999564034597,"avg_price":16.836764692258434,"std_dev":3.8663850719102504,"store_count":4,"price_range":8.99999918256487,"range_pct":53.5},{"product":"FOCUS CBD DISPOSABLE VAPE TERP FX - CANNAHEMP","min_price":22.0,"max_price":34.84631668893915,"avg_price":26.829941670378744,"std_dev":5.306977585390245,"store_count":6,"price_range":12.846316688939147,"range_pct":47.9},{"product":"NATURAL 1000MG CBG TINCTURE - CANNAHEMP","min_price":27.711108737521702,"max_price":46.400000678168404,"avg_price":40.153474702890854,"std_dev":7.566439165437848,"store_count":6,"price_range":18.688891940646702,"range_pct":46.5},{"product":"NATURAL 1000MG CBN TINCTURE - CANNAHEMP","min_price":45.0,"max_price":72.0,"avg_price":58.5,"std_dev":19.091883092036785,"store_count":2,"price_range":27.0,"range_pct":46.2},{"product":"SLEEP CBD DISPOSABLE VAPE TERP FX - CANNAHEMP","min_price":22.8,"max_price":34.4375,"avg_price":29.164375,"std_dev":5.2450208035017996,"store_count":4,"price_range":11.6375,"range_pct":39.9},{"product":"CALM CBD DISPOSABLE VAPE TERP FX - CANNAHEMP","min_price":23.142857142857142,"max_price":33.25,"avg_price":27.525198412698412,"std_dev":3.6675637752777255,"store_count":6,"price_range":10.107142857142858,"range_pct":36.7},{"product":"RELIEF CBD DISPOSABLE VAPE TERP FX - CANNAHEMP","min_price":23.11111111111111,"max_price":30.84,"avg_price":26.730740740740742,"std_dev":2.8577826738049183,"store_count":6,"price_range":7.728888888888889,"range_pct":28.9},{"product":"SLEEP CBD TINCTURE - CANNAHEMP","min_price":27.0,"max_price":36.0,"avg_price":31.5,"std_dev":6.363961030678928,"store_count":2,"price_range":9.0,"range_pct":28.6},{"product":"PAIN RELIEF 500MG CBD CREAM - CANNAHEMP","min_price":30.08,"max_price":38.107142857142854,"avg_price":34.270714285714284,"std_dev":4.025281901650504,"store_count":3,"price_range":8.027142857142856,"range_pct":23.4},{"product":"SLEEP CBD DISPOSABLE VAPE - CANNAHEMP","min_price":24.0,"max_price":30.0,"avg_price":27.0,"std_dev":4.242640687119285,"store_count":2,"price_range":6.0,"range_pct":22.2},{"product":"CALM 1000MG CBD TINCTURE TERP FX - CANNAHEMP","min_price":31.142857142857142,"max_price":38.0,"avg_price":34.047619047619044,"std_dev":3.5465802250219873,"store_count":3,"price_range":6.857142857142858,"range_pct":20.1},{"product":"RECOVERY X CREAM CBD 1000MG - CANNAHEMP","min_price":20.454545454545453,"max_price":21.666666666666668,"avg_price":21.060606060606062,"std_dev":0.8570991287109672,"store_count":2,"price_range":1.2121212121212146,"range_pct":5.8},{"product":"CITRUS BLOSSOM CBD LOTION - CANNAHEMP","min_price":14.40000057220459,"max_price":15.0,"avg_price":14.653333727518719,"std_dev":0.310697813653087,"store_count":3,"price_range":0.5999994277954102,"range_pct":4.1}],"promotional_effectiveness":{"lift":{"fp_units_per_day":2.08,"disc_units_per_day":5.0,"lift_pct":140.0,"fp_avg_revenue_per_unit":34.48,"disc_avg_revenue_per_unit":21.42},"by_deal":[{"deal_name":"50% OFF CANNAHEMP","uses":225,"revenue":5847.599996328354,"discounts":7110.399974822998,"units":328.0,"cost":5398.729990005493,"margin":7.7,"discount_depth":54.9},{"deal_name":"Cannahemp Clearance - 70% off","uses":39,"revenue":1051.5,"discounts":2453.5,"units":81.0,"cost":1394.0,"margin":-32.6,"discount_depth":70.0},{"deal_name":"Industry - 30% Off","uses":36,"revenue":1210.9999904632568,"discounts":518.9999961853027,"units":41.0,"cost":702.4899997711182,"margin":42.0,"discount_depth":30.0},{"deal_name":"4/20 40% Off!!!!","uses":30,"revenue":1210.1999969482422,"discounts":806.7999973297119,"units":55.0,"cost":830.0,"margin":31.4,"discount_depth":40.0},{"deal_name":"Senior - 10% Off","uses":22,"revenue":1140.3000030517578,"discounts":126.70000076293945,"units":30.0,"cost":517.9899997711182,"margin":54.6,"discount_depth":10.0},{"deal_name":"Jackpot - Locals 30% Off","uses":9,"revenue":231.0,"discounts":99.0,"units":9.0,"cost":132.0,"margin":42.9,"discount_depth":30.0},{"deal_name":"Veterans - 10% Off","uses":9,"revenue":281.7000000476837,"discounts":31.30000001192093,"units":9.0,"cost":120.54000002145767,"margin":57.2,"discount_depth":10.0},{"deal_name":"Senior / Veterans - 20% Off","uses":6,"revenue":292.0,"discounts":73.0,"units":8.0,"cost":148.98999977111816,"margin":49.0,"discount_depth":20.0},{"deal_name":"Industry 30% Off","uses":1,"revenue":2.0999999046325684,"discounts":0.8999999761581421,"units":1.0,"cost":0.5400000214576721,"margin":74.3,"discount_depth":30.0}]},"growth_opportunities":[{"type":"distribution","title":"Expand to Thrive Main Street","detail":"Store has $179,178 in ACCESSORY, DISPOSABLE VAPE \u2014 categories where CANNAHEMP competes.","priority":"high"},{"type":"sku_expansion","title":"Add 'CALM 1000MG CBD TINCTURE TERP FX - CANNAHEMP' to 3 more store(s)","detail":"Carried in 3 stores. Missing from: Thrive Cactus, Thrive Jackpot, Thrive Reno","priority":"medium"},{"type":"sku_expansion","title":"Add 'CITRUS BLOSSOM CBD LOTION - CANNAHEMP' to 3 more store(s)","detail":"Carried in 3 stores. Missing from: Thrive Jackpot, Thrive Sahara, Thrive Sammy","priority":"medium"},{"type":"sku_expansion","title":"Add 'FOCUS 1000MG CBD TINCTURE TERP FX - CANNAHEMP' to 3 more store(s)","detail":"Carried in 3 stores. Missing from: Thrive Cactus, Thrive Jackpot, Thrive Reno","priority":"medium"},{"type":"sku_expansion","title":"Add 'FREE & CLEARED CBD LOTION - CANNAHEMP' to 2 more store(s)","detail":"Carried in 4 stores. Missing from: Thrive Sahara, Thrive Sammy","priority":"medium"},{"type":"sku_expansion","title":"Add 'KIND CUCUMBER CBD LOTION - CANNAHEMP' to 2 more store(s)","detail":"Carried in 4 stores. Missing from: Thrive Sahara, Thrive Sammy","priority":"medium"},{"type":"velocity","title":"Improve velocity in CBD","detail":"Velocity index 41 (below category average). 1.3 units/day vs 3.3 avg.","priority":"medium"},{"type":"velocity","title":"Improve velocity in ACCESSORY","detail":"Velocity index 1 (below category average). 0.1 units/day vs 10.3 avg.","priority":"medium"},{"type":"velocity","title":"Improve velocity in DISPOSABLE VAPE","detail":"Velocity index 0 (below category average). 0.0 units/day vs 14.2 avg.","priority":"medium"}],"trend":[{"period":"2024-01","revenue":3701.909912109375,"cost":2893.889892578125,"margin":21.8,"units":150,"transactions":110,"profit":808.02001953125,"revenue_change_pct":null,"units_change_pct":null,"margin_change_pts":null},{"period":"2024-02","revenue":1651.0,"cost":827.8699951171875,"margin":49.9,"units":52,"transactions":43,"profit":823.1300048828125,"revenue_change_pct":-55.4,"units_change_pct":-65.3,"margin_change_pts":28.0},{"period":"2024-03","revenue":4488.10009765625,"cost":3809.7099609375,"margin":15.1,"units":254,"transactions":169,"profit":678.3900146484375,"revenue_change_pct":171.8,"units_change_pct":388.5,"margin_change_pts":-34.7},{"period":"2024-04","revenue":6124.0498046875,"cost":3048.0,"margin":50.2,"units":201,"transactions":153,"profit":3076.050048828125,"revenue_change_pct":36.5,"units_change_pct":-20.9,"margin_change_pts":35.1},{"period":"2024-05","revenue":5404.7001953125,"cost":3588.0,"margin":33.6,"units":214,"transactions":138,"profit":1816.699951171875,"revenue_change_pct":-11.7,"units_change_pct":6.5,"margin_change_pts":-16.6},{"period":"2024-06","revenue":4279.93017578125,"cost":2012.0,"margin":53.0,"units":117,"transactions":88,"profit":2267.929931640625,"revenue_change_pct":-20.8,"units_change_pct":-45.3,"margin_change_pts":19.4},{"period":"2024-07","revenue":1563.800048828125,"cost":803.6199951171875,"margin":48.6,"units":46,"transactions":35,"profit":760.1799926757812,"revenue_change_pct":-63.5,"units_change_pct":-60.7,"margin_change_pts":-4.4},{"period":"2024-08","revenue":35.5,"cost":8.640000343322754,"margin":75.7,"units":16,"transactions":6,"profit":26.860000610351562,"revenue_change_pct":-97.7,"units_change_pct":-65.2,"margin_change_pts":27.1},{"period":"2024-09","revenue":29.700000762939453,"cost":5.940000057220459,"margin":80.0,"units":11,"transactions":10,"profit":23.760000228881836,"revenue_change_pct":-16.3,"units_change_pct":-31.2,"margin_change_pts":4.3},{"period":"2024-10","revenue":30.899999618530273,"cost":5.940000534057617,"margin":80.8,"units":11,"transactions":7,"profit":24.959999084472656,"revenue_change_pct":4.0,"units_change_pct":0,"margin_change_pts":0.8},{"period":"2024-11","revenue":11.100000381469727,"cost":2.1600000858306885,"margin":80.5,"units":4,"transactions":4,"profit":8.940000534057617,"revenue_change_pct":-64.1,"units_change_pct":-63.6,"margin_change_pts":-0.2},{"period":"2024-12","revenue":6.899999618530273,"cost":1.6200001239776611,"margin":76.5,"units":3,"transactions":3,"profit":5.279999732971191,"revenue_change_pct":-37.8,"units_change_pct":-25.0,"margin_change_pts":-4.0},{"period":"2025-02","revenue":6.0,"cost":1.0800000429153442,"margin":82.0,"units":2,"transactions":2,"profit":4.920000076293945,"revenue_change_pct":-13.0,"units_change_pct":-33.3,"margin_change_pts":5.5},{"period":"2025-03","revenue":12.0,"cost":2.1600000858306885,"margin":82.0,"units":4,"transactions":2,"profit":9.84000015258789,"revenue_change_pct":100.0,"units_change_pct":100.0,"margin_change_pts":0.0},{"period":"2025-04","revenue":3.0,"cost":0.5400000214576721,"margin":82.0,"units":1,"transactions":1,"profit":2.4600000381469727,"revenue_change_pct":-75.0,"units_change_pct":-75.0,"margin_change_pts":0.0},{"period":"2025-07","revenue":3.0,"cost":0.5400000214576721,"margin":82.0,"units":1,"transactions":1,"profit":2.4600000381469727,"revenue_change_pct":0,"units_change_pct":0,"margin_change_pts":0.0},{"period":"2025-10","revenue":7.5,"cost":1.6200001239776611,"margin":78.4,"units":3,"transactions":2,"profit":5.880000114440918,"revenue_change_pct":150.0,"units_change_pct":200.0,"margin_change_pts":-3.6},{"period":"2025-12","revenue":9.0,"cost":1.6200001239776611,"margin":82.0,"units":3,"transactions":3,"profit":7.380000114440918,"revenue_change_pct":20.0,"units_change_pct":0,"margin_change_pts":3.6},{"period":"2026-01","revenue":5.099999904632568,"cost":1.0800000429153442,"margin":78.8,"units":2,"transactions":2,"profit":4.019999980926514,"revenue_change_pct":-43.3,"units_change_pct":-33.3,"margin_change_pts":-3.2}]}