{"brand":"CANNAHEMP","date_range":"2024-01-01 00:00:00 to 2026-01-31 00:00:00","period_label":"All Time","summary":{"total_units":2190,"total_revenue":68432.978515625,"total_cost":42540.078125,"total_discounts":36054.52392578125,"total_profit":25892.900390625,"overall_margin":37.79999923706055,"fp_margin":60.5,"disc_margin":24.100000381469727,"pct_full_price":37.79999923706055,"avg_discount_rate":34.5,"fp_revenue":25862.5,"disc_revenue":42570.4736328125,"unique_customers":1412,"brand":"CANNAHEMP","date_range":"2024-01-01 00:00:00 to 2026-01-31 00:00:00","months_count":38,"avg_monthly_cost":2238.9500000000003,"cost_per_unit":38.849999999999994,"primary_category":"CBD","primary_cat_margin":47.599998474121094,"category_rank":2,"category_total":3,"margin_vs_category":-9.800000190734863,"velocity_rank":3},"category_breakdown":[{"category_clean":"CBD","units":2038,"revenue":67291.97265625,"cost":42003.6767578125,"profit":25288.30078125,"discounts":35515.52490234375,"margin":37.599998474121094,"category_avg_margin":47.599998474121094,"vs_category":-10.0,"rank":2.0,"total_brands":3.0},{"category_clean":"DISPOSABLE VAPE","units":24,"revenue":720.0,"cost":450.0,"profit":270.0,"discounts":480.0,"margin":37.5,"category_avg_margin":52.79999923706055,"vs_category":-15.3,"rank":35.0,"total_brands":35.0},{"category_clean":"ACCESSORY","units":128,"revenue":420.99998474121094,"cost":86.40000343322754,"profit":334.59999084472656,"discounts":59.000000953674316,"margin":79.5,"category_avg_margin":61.099998474121094,"vs_category":18.4,"rank":78.0,"total_brands":136.0}],"trend":[{"period":"2024-01","revenue":9254.774780273438,"cost":7234.7247314453125,"margin":21.8,"units":300,"transactions":220,"profit":2020.050048828125,"revenue_change_pct":null,"units_change_pct":null,"margin_change_pts":null},{"period":"2024-02","revenue":4127.5,"cost":2069.6749877929688,"margin":49.9,"units":104,"transactions":86,"profit":2057.8250122070312,"revenue_change_pct":-55.4,"units_change_pct":-65.3,"margin_change_pts":28.0},{"period":"2024-03","revenue":11220.250244140625,"cost":9524.27490234375,"margin":15.1,"units":508,"transactions":338,"profit":1695.9750366210938,"revenue_change_pct":171.8,"units_change_pct":388.5,"margin_change_pts":-34.7},{"period":"2024-04","revenue":15310.12451171875,"cost":7620.0,"margin":50.2,"units":402,"transactions":306,"profit":7690.1251220703125,"revenue_change_pct":36.5,"units_change_pct":-20.9,"margin_change_pts":35.1},{"period":"2024-05","revenue":13511.75048828125,"cost":8970.0,"margin":33.6,"units":428,"transactions":276,"profit":4541.7498779296875,"revenue_change_pct":-11.7,"units_change_pct":6.5,"margin_change_pts":-16.6},{"period":"2024-06","revenue":10699.825439453125,"cost":5030.0,"margin":53.0,"units":234,"transactions":176,"profit":5669.8248291015625,"revenue_change_pct":-20.8,"units_change_pct":-45.3,"margin_change_pts":19.4},{"period":"2024-07","revenue":3909.5001220703125,"cost":2009.0499877929688,"margin":48.6,"units":92,"transactions":70,"profit":1900.4499816894531,"revenue_change_pct":-63.5,"units_change_pct":-60.7,"margin_change_pts":-4.4},{"period":"2024-08","revenue":88.75,"cost":21.600000858306885,"margin":75.7,"units":32,"transactions":12,"profit":67.1500015258789,"revenue_change_pct":-97.7,"units_change_pct":-65.2,"margin_change_pts":27.1},{"period":"2024-09","revenue":74.25000190734863,"cost":14.850000143051147,"margin":80.0,"units":22,"transactions":20,"profit":59.40000057220459,"revenue_change_pct":-16.3,"units_change_pct":-31.2,"margin_change_pts":4.3},{"period":"2024-10","revenue":77.24999904632568,"cost":14.850001335144043,"margin":80.8,"units":22,"transactions":14,"profit":62.39999771118164,"revenue_change_pct":4.0,"units_change_pct":0,"margin_change_pts":0.8},{"period":"2024-11","revenue":27.750000953674316,"cost":5.400000214576721,"margin":80.5,"units":8,"transactions":8,"profit":22.350001335144043,"revenue_change_pct":-64.1,"units_change_pct":-63.6,"margin_change_pts":-0.2},{"period":"2024-12","revenue":17.249999046325684,"cost":4.050000309944153,"margin":76.5,"units":6,"transactions":6,"profit":13.199999332427979,"revenue_change_pct":-37.8,"units_change_pct":-25.0,"margin_change_pts":-4.0},{"period":"2025-02","revenue":15.0,"cost":2.7000001072883606,"margin":82.0,"units":4,"transactions":4,"profit":12.300000190734863,"revenue_change_pct":-13.0,"units_change_pct":-33.3,"margin_change_pts":5.5},{"period":"2025-03","revenue":30.0,"cost":5.400000214576721,"margin":82.0,"units":8,"transactions":4,"profit":24.600000381469727,"revenue_change_pct":100.0,"units_change_pct":100.0,"margin_change_pts":0.0},{"period":"2025-04","revenue":7.5,"cost":1.3500000536441803,"margin":82.0,"units":2,"transactions":2,"profit":6.150000095367432,"revenue_change_pct":-75.0,"units_change_pct":-75.0,"margin_change_pts":0.0},{"period":"2025-07","revenue":7.5,"cost":1.3500000536441803,"margin":82.0,"units":2,"transactions":2,"profit":6.150000095367432,"revenue_change_pct":0,"units_change_pct":0,"margin_change_pts":0.0},{"period":"2025-10","revenue":18.75,"cost":4.050000309944153,"margin":78.4,"units":6,"transactions":4,"profit":14.700000286102295,"revenue_change_pct":150.0,"units_change_pct":200.0,"margin_change_pts":-3.6},{"period":"2025-12","revenue":22.5,"cost":4.050000309944153,"margin":82.0,"units":6,"transactions":6,"profit":18.450000286102295,"revenue_change_pct":20.0,"units_change_pct":0,"margin_change_pts":3.6},{"period":"2026-01","revenue":12.749999761581421,"cost":2.7000001072883606,"margin":78.8,"units":4,"transactions":4,"profit":10.049999952316284,"revenue_change_pct":-43.3,"units_change_pct":-33.3,"margin_change_pts":-3.2}],"share_of_category":[{"category":"CBD","brand_revenue":67291.97265625,"category_revenue":389585.8984375,"revenue_share_pct":17.299999237060547,"brand_units":2038,"category_units":15010,"units_share_pct":13.6},{"category":"DISPOSABLE VAPE","brand_revenue":720.0,"category_revenue":30552405.0,"revenue_share_pct":0.0,"brand_units":24,"category_units":756548,"units_share_pct":0.0},{"category":"ACCESSORY","brand_revenue":421.0000228881836,"category_revenue":4128754.0625,"revenue_share_pct":0.0,"brand_units":128,"category_units":2130096,"units_share_pct":0.0}],"share_of_category_trend":{"CBD":[{"period":"2024-01","brand_revenue":9254.774780273438,"category_revenue":19620.775146484375,"share_pct":47.20000076293945},{"period":"2024-02","brand_revenue":4127.5,"category_revenue":20743.40087890625,"share_pct":19.899999618530273},{"period":"2024-03","brand_revenue":10500.250244140625,"category_revenue":24168.27392578125,"share_pct":43.400001525878906},{"period":"2024-04","brand_revenue":15310.12451171875,"category_revenue":28758.525390625,"share_pct":53.20000076293945},{"period":"2024-05","brand_revenue":13511.75048828125,"category_revenue":25626.875,"share_pct":52.70000076293945},{"period":"2024-06","brand_revenue":10699.825439453125,"category_revenue":22527.39990234375,"share_pct":47.5},{"period":"2024-07","brand_revenue":3887.7499389648438,"category_revenue":18794.625244140625,"share_pct":20.700000762939453},{"period":"2024-08","brand_revenue":0.0,"category_revenue":16418.675537109375,"share_pct":0.0},{"period":"2024-09","brand_revenue":0.0,"category_revenue":14859.9755859375,"share_pct":0.0},{"period":"2024-10","brand_revenue":0.0,"category_revenue":18964.625244140625,"share_pct":0.0},{"period":"2024-11","brand_revenue":0.0,"category_revenue":20255.250244140625,"share_pct":0.0},{"period":"2024-12","brand_revenue":0.0,"category_revenue":15511.099853515625,"share_pct":0.0},{"period":"2025-01","brand_revenue":0.0,"category_revenue":15601.500244140625,"share_pct":0.0},{"period":"2025-02","brand_revenue":0.0,"category_revenue":13476.57470703125,"share_pct":0.0},{"period":"2025-03","brand_revenue":0.0,"category_revenue":14939.949951171875,"share_pct":0.0},{"period":"2025-04","brand_revenue":0.0,"category_revenue":10690.4248046875,"share_pct":0.0},{"period":"2025-05","brand_revenue":0.0,"category_revenue":13433.375244140625,"share_pct":0.0},{"period":"2025-06","brand_revenue":0.0,"category_revenue":9377.874755859375,"share_pct":0.0},{"period":"2025-07","brand_revenue":0.0,"category_revenue":9109.500122070312,"share_pct":0.0},{"period":"2025-08","brand_revenue":0.0,"category_revenue":10390.374755859375,"share_pct":0.0},{"period":"2025-09","brand_revenue":0.0,"category_revenue":10083.074951171875,"share_pct":0.0},{"period":"2025-10","brand_revenue":0.0,"category_revenue":6646.3751220703125,"share_pct":0.0},{"period":"2025-11","brand_revenue":0.0,"category_revenue":7504.000244140625,"share_pct":0.0},{"period":"2025-12","brand_revenue":0.0,"category_revenue":11148.499755859375,"share_pct":0.0},{"period":"2026-01","brand_revenue":0.0,"category_revenue":10934.87548828125,"share_pct":0.0}],"DISPOSABLE VAPE":[{"period":"2024-01","brand_revenue":0.0,"category_revenue":933474.921875,"share_pct":0.0},{"period":"2024-02","brand_revenue":0.0,"category_revenue":877782.109375,"share_pct":0.0},{"period":"2024-03","brand_revenue":720.0,"category_revenue":990692.03125,"share_pct":0.10000000149011612},{"period":"2024-04","brand_revenue":0.0,"category_revenue":971952.1875,"share_pct":0.0},{"period":"2024-05","brand_revenue":0.0,"category_revenue":1035100.46875,"share_pct":0.0},{"period":"2024-06","brand_revenue":0.0,"category_revenue":1039794.21875,"share_pct":0.0},{"period":"2024-07","brand_revenue":0.0,"category_revenue":1081636.5625,"share_pct":0.0},{"period":"2024-08","brand_revenue":0.0,"category_revenue":1098658.125,"share_pct":0.0},{"period":"2024-09","brand_revenue":0.0,"category_revenue":1056394.53125,"share_pct":0.0},{"period":"2024-10","brand_revenue":0.0,"category_revenue":1197041.171875,"share_pct":0.0},{"period":"2024-11","brand_revenue":0.0,"category_revenue":1193980.234375,"share_pct":0.0},{"period":"2024-12","brand_revenue":0.0,"category_revenue":1222008.984375,"share_pct":0.0},{"period":"2025-01","brand_revenue":0.0,"category_revenue":1100552.421875,"share_pct":0.0},{"period":"2025-02","brand_revenue":0.0,"category_revenue":1167271.25,"share_pct":0.0},{"period":"2025-03","brand_revenue":0.0,"category_revenue":1348856.71875,"share_pct":0.0},{"period":"2025-04","brand_revenue":0.0,"category_revenue":1414639.84375,"share_pct":0.0},{"period":"2025-05","brand_revenue":0.0,"category_revenue":1460588.4375,"share_pct":0.0},{"period":"2025-06","brand_revenue":0.0,"category_revenue":1320852.96875,"share_pct":0.0},{"period":"2025-07","brand_revenue":0.0,"category_revenue":1451194.84375,"share_pct":0.0},{"period":"2025-08","brand_revenue":0.0,"category_revenue":1403520.625,"share_pct":0.0},{"period":"2025-09","brand_revenue":0.0,"category_revenue":1317518.125,"share_pct":0.0},{"period":"2025-10","brand_revenue":0.0,"category_revenue":1511693.75,"share_pct":0.0},{"period":"2025-11","brand_revenue":0.0,"category_revenue":1481709.21875,"share_pct":0.0},{"period":"2025-12","brand_revenue":0.0,"category_revenue":1476896.875,"share_pct":0.0},{"period":"2026-01","brand_revenue":0.0,"category_revenue":1398594.84375,"share_pct":0.0}],"ACCESSORY":[{"period":"2024-01","brand_revenue":0.0,"category_revenue":153543.9453125,"share_pct":0.0},{"period":"2024-02","brand_revenue":0.0,"category_revenue":152399.47265625,"share_pct":0.0},{"period":"2024-03","brand_revenue":0.0,"category_revenue":154678.876953125,"share_pct":0.0},{"period":"2024-04","brand_revenue":0.0,"category_revenue":163353.65234375,"share_pct":0.0},{"period":"2024-05","brand_revenue":0.0,"category_revenue":179676.4453125,"share_pct":0.0},{"period":"2024-06","brand_revenue":0.0,"category_revenue":185008.828125,"share_pct":0.0},{"period":"2024-07","brand_revenue":21.749999523162842,"category_revenue":186675.46875,"share_pct":0.0},{"period":"2024-08","brand_revenue":88.75,"category_revenue":180226.328125,"share_pct":0.0},{"period":"2024-09","brand_revenue":74.25000190734863,"category_revenue":162386.298828125,"share_pct":0.0},{"period":"2024-10","brand_revenue":77.24999904632568,"category_revenue":166088.73046875,"share_pct":0.0},{"period":"2024-11","brand_revenue":27.750000953674316,"category_revenue":171706.09375,"share_pct":0.0},{"period":"2024-12","brand_revenue":17.249999046325684,"category_revenue":176502.03125,"share_pct":0.0},{"period":"2025-01","brand_revenue":0.0,"category_revenue":167261.34765625,"share_pct":0.0},{"period":"2025-02","brand_revenue":15.0,"category_revenue":155260.927734375,"share_pct":0.0},{"period":"2025-03","brand_revenue":30.0,"category_revenue":176420.390625,"share_pct":0.0},{"period":"2025-04","brand_revenue":7.5,"category_revenue":182694.82421875,"share_pct":0.0},{"period":"2025-05","brand_revenue":0.0,"category_revenue":179904.4921875,"share_pct":0.0},{"period":"2025-06","brand_revenue":0.0,"category_revenue":161148.75,"share_pct":0.0},{"period":"2025-07","brand_revenue":7.5,"category_revenue":165549.8046875,"share_pct":0.0},{"period":"2025-08","brand_revenue":0.0,"category_revenue":171752.05078125,"share_pct":0.0},{"period":"2025-09","brand_revenue":0.0,"category_revenue":168198.9453125,"share_pct":0.0},{"period":"2025-10","brand_revenue":18.75,"category_revenue":171844.55078125,"share_pct":0.0},{"period":"2025-11","brand_revenue":0.0,"category_revenue":172839.74609375,"share_pct":0.0},{"period":"2025-12","brand_revenue":22.5,"category_revenue":141954.873046875,"share_pct":0.0},{"period":"2026-01","brand_revenue":12.749999761581421,"category_revenue":81677.1484375,"share_pct":0.0}]},"discount_depth":[{"tier":"0% (Full Price)","transactions":574,"pct_of_transactions":31.7,"revenue":25862.5,"avg_discount":0.0},{"tier":"1-10%","transactions":134,"pct_of_transactions":7.4,"revenue":7319.7003173828125,"avg_discount":20.0},{"tier":"11-20%","transactions":44,"pct_of_transactions":2.4,"revenue":2253.9999389648438,"avg_discount":40.0},{"tier":"21-30%","transactions":60,"pct_of_transactions":3.3,"revenue":2470.7496643066406,"avg_discount":57.20000076293945},{"tier":"31%+","transactions":846,"pct_of_transactions":46.8,"revenue":24871.77490234375,"avg_discount":111.0}],"velocity":{"units_per_day":2.88,"revenue_per_day":89.92500305175781,"avg_units_per_txn":2.82,"days_of_data":761,"total_units":2190,"total_transactions":1558},"velocity_by_category":[{"category":"CBD","brand_units_per_day":2.68,"category_avg_units_per_day":6.56,"velocity_index":40.7,"brand_rev_per_unit":26.41,"category_rev_per_unit":20.76,"brands_in_category":3},{"category":"ACCESSORY","brand_units_per_day":0.16,"category_avg_units_per_day":20.56,"velocity_index":0.8,"brand_rev_per_unit":2.63,"category_rev_per_unit":1.55,"brands_in_category":136},{"category":"DISPOSABLE VAPE","brand_units_per_day":0.04,"category_avg_units_per_day":28.36,"velocity_index":0.1,"brand_rev_per_unit":24.0,"category_rev_per_unit":32.31,"brands_in_category":35}],"deals":[{"deal_name":"50% OFF CANNAHEMP","times_used":450,"units":656.0,"revenue":14618.999990820885,"discounts":17775.999937057495,"cost":13496.824975013733,"profit":1122.1750123845413,"pre_discount_revenue":32395.0,"margin":7.7,"avg_discount":109.8},{"deal_name":"Cannahemp Clearance - 70% off","times_used":78,"units":162.0,"revenue":2628.75,"discounts":6133.75,"cost":3485.0,"profit":-856.25,"pre_discount_revenue":8762.5,"margin":-32.6,"avg_discount":140.0},{"deal_name":"Industry - 30% Off","times_used":72,"units":82.0,"revenue":3027.499976158142,"discounts":1297.4999904632568,"cost":1756.2249994277954,"profit":1271.275006532669,"pre_discount_revenue":4325.0,"margin":42.0,"avg_discount":60.0},{"deal_name":"4/20 40% Off!!!!","times_used":60,"units":110.0,"revenue":3025.4999923706055,"discounts":2016.9999933242798,"cost":2075.0,"profit":950.5000019073486,"pre_discount_revenue":5042.5,"margin":31.4,"avg_discount":80.0},{"deal_name":"Senior - 10% Off","times_used":44,"units":60.0,"revenue":2850.7500076293945,"discounts":316.75000190734863,"cost":1294.9749994277954,"profit":1555.7750082015991,"pre_discount_revenue":3167.5,"margin":54.6,"avg_discount":20.0},{"deal_name":"Jackpot - Locals 30% Off","times_used":18,"units":18.0,"revenue":577.5,"discounts":247.5,"cost":330.0,"profit":247.5,"pre_discount_revenue":825.0,"margin":42.9,"avg_discount":60.0},{"deal_name":"Veterans - 10% Off","times_used":18,"units":18.0,"revenue":704.2500001192093,"discounts":78.25000002980232,"cost":301.3500000536442,"profit":402.9000002145767,"pre_discount_revenue":782.5,"margin":57.2,"avg_discount":20.0},{"deal_name":"Senior / Veterans - 20% Off","times_used":12,"units":16.0,"revenue":730.0,"discounts":182.5,"cost":372.4749994277954,"profit":357.5250005722046,"pre_discount_revenue":912.5,"margin":49.0,"avg_discount":40.0},{"deal_name":"Industry 30% Off","times_used":2,"units":2.0,"revenue":5.249999761581421,"discounts":2.2499999403953552,"cost":1.3500000536441803,"profit":3.8999998569488525,"pre_discount_revenue":7.5,"margin":74.3,"avg_discount":60.0}],"top_products":[{"product":"2:1 CBD/CBG RELIEF CREAM - CANNAHEMP","units":316,"revenue":8106.875,"cost":5925.0,"profit":2181.875,"transactions":242,"margin":26.899999618530273},{"product":"NATURAL 1000MG CBG TINCTURE - CANNAHEMP","units":154,"revenue":7810.7501220703125,"cost":4812.5,"profit":2998.2501220703125,"transactions":124,"margin":38.400001525878906},{"product":"CALM CBD DISPOSABLE VAPE TERP FX - CANNAHEMP","units":204,"revenue":7155.0,"cost":3881.0250854492188,"profit":3273.9749145507812,"transactions":194,"margin":45.79999923706055},{"product":"PAIN RELIEF 500MG CBD CREAM - CANNAHEMP","units":158,"revenue":6676.25,"cost":3762.0498657226562,"profit":2914.2001342773438,"transactions":144,"margin":43.70000076293945},{"product":"FOCUS CBD DISPOSABLE VAPE TERP FX - CANNAHEMP","units":186,"revenue":6505.2001953125,"cost":3524.849853515625,"profit":2980.3500366210938,"transactions":160,"margin":45.79999923706055},{"product":"RELIEF CBD DISPOSABLE VAPE TERP FX - CANNAHEMP","units":178,"revenue":6105.625,"cost":3337.5,"profit":2768.125,"transactions":154,"margin":45.29999923706055},{"product":"SLEEP CBD DISPOSABLE VAPE TERP FX - CANNAHEMP","units":152,"revenue":5553.75,"cost":2850.0,"profit":2703.75,"transactions":142,"margin":48.70000076293945},{"product":"NATURAL 500MG CBD TINCTURE - CANNAHEMP","units":250,"revenue":5372.0001220703125,"cost":3750.0,"profit":1621.9999694824219,"transactions":156,"margin":30.200000762939453},{"product":"RELIEF CREAM 500MG - CANNAHEMP","units":98,"revenue":3186.2750244140625,"cost":1837.5,"profit":1348.7750244140625,"transactions":80,"margin":42.29999923706055},{"product":"FOCUS 1000MG CBD TINCTURE TERP FX - CANNAHEMP","units":74,"revenue":2732.5,"cost":2276.925048828125,"profit":455.5750274658203,"transactions":58,"margin":16.700000762939453},{"product":"CALM 1000MG CBD TINCTURE TERP FX - CANNAHEMP","units":42,"revenue":1705.0,"cost":1260.0,"profit":445.0,"transactions":24,"margin":26.100000381469727},{"product":"FREE & CLEARED CBD LOTION - CANNAHEMP","units":62,"revenue":1323.2499694824219,"cost":819.6499633789062,"profit":503.6000061035156,"transactions":56,"margin":38.099998474121094},{"product":"SLEEP CBD DISPOSABLE VAPE - CANNAHEMP","units":34,"revenue":1170.0,"cost":637.5,"profit":532.5,"transactions":32,"margin":45.5},{"product":"RECOVERY CBD CREAM - CANNAHEMP","units":24,"revenue":798.75,"cost":570.0,"profit":228.75,"transactions":20,"margin":28.600000381469727},{"product":"RECOVERY X CREAM CBD 1000MG - CANNAHEMP","units":28,"revenue":725.0,"cost":665.0,"profit":60.0,"transactions":24,"margin":8.300000190734863},{"product":"KIND CUCUMBER CBD LOTION - CANNAHEMP","units":32,"revenue":522.9999923706055,"cost":455.9749984741211,"profit":67.02499866485596,"transactions":32,"margin":12.800000190734863},{"product":"SLEEP 1000MG CBD TINCTURE TERP FX - CANNAHEMP","units":12,"revenue":510.0,"cost":360.0,"profit":150.0,"transactions":10,"margin":29.399999618530273},{"product":"NATURAL 1000MG CBN TINCTURE - CANNAHEMP","units":6,"revenue":472.5,"cost":337.4250030517578,"profit":135.0749969482422,"transactions":6,"margin":28.600000381469727},{"product":"NATURAL 2000MG CBD TINCTURE - CANNAHEMP","units":10,"revenue":406.25,"cost":374.87499237060547,"profit":31.375000476837158,"transactions":6,"margin":7.699999809265137},{"product":"SLEEP CBD TINCTURE - CANNAHEMP","units":10,"revenue":405.0,"cost":302.4749946594238,"profit":102.52500534057617,"transactions":10,"margin":25.299999237060547},{"product":"CITRUS BLOSSOM CBD LOTION - CANNAHEMP","units":22,"revenue":404.00001525878906,"cost":343.4749984741211,"profit":60.52500247955322,"transactions":22,"margin":15.0},{"product":"SLEEP 2000MG CBD TINCTURE - CANNAHEMP","units":4,"revenue":162.5,"cost":174.95000839233398,"profit":-12.450000047683716,"transactions":4,"margin":-7.699999809265137},{"product":"HONEY WRAPS","units":54,"revenue":161.49999618530273,"cost":36.45000219345093,"profit":125.05000114440918,"transactions":34,"margin":77.4000015258789},{"product":"CANNA HEMP MIXED BERRY WRAPS","units":42,"revenue":143.99999618530273,"cost":28.350000381469727,"profit":115.65000534057617,"transactions":38,"margin":80.30000305175781},{"product":"RUSSIAN CREAM WRAPS","units":32,"revenue":115.50000190734863,"cost":21.600000858306885,"profit":93.90000343322754,"transactions":30,"margin":81.30000305175781}],"products_by_store":{"Elevation Springs":[{"product":"RELIEF CREAM 500MG - CANNAHEMP","units":40,"revenue":1868.75,"cost":750.0,"profit":1118.75,"transactions":32,"margin":59.900001525878906},{"product":"2:1 CBD/CBG RELIEF CREAM - CANNAHEMP","units":44,"revenue":1067.5,"cost":825.0,"profit":242.5,"transactions":36,"margin":22.700000762939453},{"product":"SLEEP CBD DISPOSABLE VAPE TERP FX - CANNAHEMP","units":30,"revenue":1016.25,"cost":562.5,"profit":453.75,"transactions":30,"margin":44.599998474121094},{"product":"RELIEF CBD DISPOSABLE VAPE TERP FX - CANNAHEMP","units":30,"revenue":954.375,"cost":562.5,"profit":391.875,"transactions":28,"margin":41.099998474121094},{"product":"CALM CBD DISPOSABLE VAPE TERP FX - CANNAHEMP","units":30,"revenue":953.75,"cost":562.5,"profit":391.25,"transactions":30,"margin":41.0},{"product":"NATURAL 1000MG CBG TINCTURE - CANNAHEMP","units":20,"revenue":921.9999694824219,"cost":625.0,"profit":297.00000762939453,"transactions":20,"margin":32.20000076293945},{"product":"NATURAL 500MG CBD TINCTURE - CANNAHEMP","units":48,"revenue":825.9999847412109,"cost":720.0,"profit":106.00000381469727,"transactions":24,"margin":12.800000190734863},{"product":"RECOVERY CBD CREAM - CANNAHEMP","units":24,"revenue":798.75,"cost":570.0,"profit":228.75,"transactions":20,"margin":28.600000381469727},{"product":"FOCUS CBD DISPOSABLE VAPE TERP FX - CANNAHEMP","units":28,"revenue":770.0,"cost":525.0,"profit":245.0,"transactions":26,"margin":31.799999237060547},{"product":"FREE & CLEARED CBD LOTION - CANNAHEMP","units":12,"revenue":270.0,"cost":187.35000610351562,"profit":82.65000343322754,"transactions":12,"margin":30.600000381469727},{"product":"KIND CUCUMBER CBD LOTION - CANNAHEMP","units":10,"revenue":172.5,"cost":156.12499237060547,"profit":16.375000476837158,"transactions":10,"margin":9.5},{"product":"CITRUS BLOSSOM CBD LOTION - CANNAHEMP","units":8,"revenue":150.0,"cost":124.89999771118164,"profit":25.09999990463257,"transactions":8,"margin":16.700000762939453}],"Elevation Mesa":[{"product":"2:1 CBD/CBG RELIEF CREAM - CANNAHEMP","units":122,"revenue":2380.0,"cost":2287.5,"profit":92.5,"transactions":86,"margin":3.9000000953674316},{"product":"FOCUS 1000MG CBD TINCTURE TERP FX - CANNAHEMP","units":64,"revenue":2207.5,"cost":1976.925048828125,"profit":230.57500839233398,"transactions":48,"margin":10.399999618530273},{"product":"RELIEF CREAM 500MG - CANNAHEMP","units":54,"revenue":1238.7750244140625,"cost":1012.5,"profit":226.27500534057617,"transactions":44,"margin":18.299999237060547},{"product":"SLEEP CBD DISPOSABLE VAPE TERP FX - CANNAHEMP","units":40,"revenue":1140.0,"cost":750.0,"profit":390.0,"transactions":36,"margin":34.20000076293945},{"product":"CALM 1000MG CBD TINCTURE TERP FX - CANNAHEMP","units":28,"revenue":1090.0,"cost":840.0,"profit":250.0,"transactions":14,"margin":22.899999618530273},{"product":"RELIEF CBD DISPOSABLE VAPE TERP FX - CANNAHEMP","units":30,"revenue":940.0,"cost":562.5,"profit":377.5,"transactions":30,"margin":40.20000076293945},{"product":"FOCUS CBD DISPOSABLE VAPE TERP FX - CANNAHEMP","units":30,"revenue":880.0,"cost":599.8500061035156,"profit":280.1499938964844,"transactions":28,"margin":31.799999237060547},{"product":"CALM CBD DISPOSABLE VAPE TERP FX - CANNAHEMP","units":28,"revenue":810.0,"cost":574.7999954223633,"profit":235.20000457763672,"transactions":24,"margin":29.0},{"product":"NATURAL 1000MG CBG TINCTURE - CANNAHEMP","units":18,"revenue":623.4999847412109,"cost":562.5,"profit":61.000003814697266,"transactions":14,"margin":9.800000190734863},{"product":"RECOVERY X CREAM CBD 1000MG - CANNAHEMP","units":22,"revenue":562.5,"cost":522.5,"profit":40.0,"transactions":20,"margin":7.099999904632568},{"product":"NATURAL 500MG CBD TINCTURE - CANNAHEMP","units":34,"revenue":475.99998474121094,"cost":510.0,"profit":-34.000000953674316,"transactions":16,"margin":-7.099999904632568},{"product":"NATURAL 1000MG CBN TINCTURE - CANNAHEMP","units":4,"revenue":360.0,"cost":224.95000839233398,"profit":135.04999160766602,"transactions":4,"margin":37.5},{"product":"SLEEP 1000MG CBD TINCTURE TERP FX - CANNAHEMP","units":6,"revenue":135.0,"cost":180.0,"profit":-45.0,"transactions":4,"margin":-33.29999923706055},{"product":"CITRUS BLOSSOM CBD LOTION - CANNAHEMP","units":4,"revenue":72.00000286102295,"cost":62.44999885559082,"profit":9.549999833106995,"transactions":4,"margin":13.300000190734863},{"product":"KIND CUCUMBER CBD LOTION - CANNAHEMP","units":6,"revenue":67.5,"cost":93.67500305175781,"profit":-26.17500066757202,"transactions":6,"margin":-38.79999923706055}],"Elevation Oasis":[{"product":"PAIN RELIEF 500MG CBD CREAM - CANNAHEMP","units":80,"revenue":3462.5,"cost":1949.5500183105469,"profit":1512.9499816894531,"transactions":76,"margin":43.70000076293945},{"product":"2:1 CBD/CBG RELIEF CREAM - CANNAHEMP","units":98,"revenue":3303.125,"cost":1837.5,"profit":1465.625,"transactions":76,"margin":44.400001525878906},{"product":"NATURAL 1000MG CBG TINCTURE - CANNAHEMP","units":40,"revenue":1871.7500305175781,"cost":1250.0,"profit":621.7500305175781,"transactions":20,"margin":33.20000076293945},{"product":"CALM CBD DISPOSABLE VAPE TERP FX - CANNAHEMP","units":44,"revenue":1828.75,"cost":825.0,"profit":1003.75,"transactions":42,"margin":54.900001525878906},{"product":"FOCUS CBD DISPOSABLE VAPE TERP FX - CANNAHEMP","units":38,"revenue":1655.2000427246094,"cost":712.5,"profit":942.6999664306641,"transactions":38,"margin":57.0},{"product":"SLEEP CBD DISPOSABLE VAPE TERP FX - CANNAHEMP","units":32,"revenue":1377.5,"cost":600.0,"profit":777.5,"transactions":32,"margin":56.400001525878906},{"product":"NATURAL 500MG CBD TINCTURE - CANNAHEMP","units":50,"revenue":1340.0,"cost":750.0,"profit":590.0,"transactions":40,"margin":44.0},{"product":"RELIEF CBD DISPOSABLE VAPE TERP FX - CANNAHEMP","units":30,"revenue":1097.5,"cost":562.5,"profit":535.0,"transactions":28,"margin":48.70000076293945},{"product":"FREE & CLEARED CBD LOTION - CANNAHEMP","units":34,"revenue":643.75,"cost":382.5,"profit":261.25,"transactions":28,"margin":40.599998474121094},{"product":"KIND CUCUMBER CBD LOTION - CANNAHEMP","units":10,"revenue":150.0,"cost":112.5,"profit":37.5,"transactions":10,"margin":25.0},{"product":"SLEEP CBD TINCTURE - CANNAHEMP","units":4,"revenue":135.0,"cost":122.47499465942383,"profit":12.52500057220459,"transactions":4,"margin":9.300000190734863}],"Elevation Midtown":[{"product":"NATURAL 1000MG CBG TINCTURE - CANNAHEMP","units":38,"revenue":2189.499969482422,"cost":1187.5,"profit":1001.9999694824219,"transactions":36,"margin":45.79999923706055},{"product":"SLEEP CBD DISPOSABLE VAPE TERP FX - CANNAHEMP","units":50,"revenue":2020.0,"cost":937.5,"profit":1082.5,"transactions":44,"margin":53.599998474121094},{"product":"FOCUS CBD DISPOSABLE VAPE TERP FX - CANNAHEMP","units":48,"revenue":1930.0,"cost":900.0,"profit":1030.0,"transactions":44,"margin":53.400001525878906},{"product":"RELIEF CBD DISPOSABLE VAPE TERP FX - CANNAHEMP","units":50,"revenue":1927.5,"cost":937.5,"profit":990.0,"transactions":36,"margin":51.400001525878906},{"product":"PAIN RELIEF 500MG CBD CREAM - CANNAHEMP","units":50,"revenue":1880.0,"cost":937.5,"profit":942.5,"transactions":44,"margin":50.099998474121094},{"product":"CALM CBD DISPOSABLE VAPE TERP FX - CANNAHEMP","units":50,"revenue":1837.5,"cost":937.5,"profit":900.0,"transactions":46,"margin":49.0},{"product":"NATURAL 500MG CBD TINCTURE - CANNAHEMP","units":50,"revenue":1218.0000305175781,"cost":750.0,"profit":467.99999237060547,"transactions":32,"margin":38.400001525878906},{"product":"2:1 CBD/CBG RELIEF CREAM - CANNAHEMP","units":26,"revenue":682.5,"cost":487.5,"profit":195.0,"transactions":22,"margin":28.600000381469727},{"product":"FREE & CLEARED CBD LOTION - CANNAHEMP","units":14,"revenue":377.99999237060547,"cost":218.57500076293945,"profit":159.42500114440918,"transactions":14,"margin":42.20000076293945},{"product":"CITRUS BLOSSOM CBD LOTION - CANNAHEMP","units":10,"revenue":182.00000762939453,"cost":156.12499237060547,"profit":25.875000953674316,"transactions":10,"margin":14.199999809265137},{"product":"HONEY WRAPS","units":54,"revenue":161.49999618530273,"cost":36.45000219345093,"profit":125.05000114440918,"transactions":34,"margin":77.4000015258789},{"product":"CANNA HEMP MIXED BERRY WRAPS","units":42,"revenue":143.99999618530273,"cost":28.350000381469727,"profit":115.65000534057617,"transactions":38,"margin":80.30000305175781},{"product":"KIND CUCUMBER CBD LOTION - CANNAHEMP","units":6,"revenue":133.00000190734863,"cost":93.67500305175781,"profit":39.32500123977661,"transactions":6,"margin":29.600000381469727},{"product":"RUSSIAN CREAM WRAPS","units":32,"revenue":115.50000190734863,"cost":21.600000858306885,"profit":93.90000343322754,"transactions":30,"margin":81.30000305175781}],"Elevation Boulevard":[{"product":"PAIN RELIEF 500MG CBD CREAM - CANNAHEMP","units":28,"revenue":1333.75,"cost":875.0,"profit":458.75,"transactions":24,"margin":34.400001525878906},{"product":"NATURAL 500MG CBD TINCTURE - CANNAHEMP","units":50,"revenue":1183.0000305175781,"cost":750.0,"profit":432.99999237060547,"transactions":32,"margin":36.599998474121094},{"product":"NATURAL 1000MG CBG TINCTURE - CANNAHEMP","units":18,"revenue":1043.9999389648438,"cost":562.5,"profit":481.50001525878906,"transactions":16,"margin":46.099998474121094},{"product":"SLEEP CBD DISPOSABLE VAPE - CANNAHEMP","units":20,"revenue":750.0,"cost":375.0,"profit":375.0,"transactions":20,"margin":50.0},{"product":"CALM CBD DISPOSABLE VAPE TERP FX - CANNAHEMP","units":20,"revenue":720.0,"cost":381.22501373291016,"profit":338.77498626708984,"transactions":20,"margin":47.099998474121094},{"product":"RELIEF CBD DISPOSABLE VAPE TERP FX - CANNAHEMP","units":18,"revenue":520.0,"cost":337.5,"profit":182.5,"transactions":12,"margin":35.099998474121094},{"product":"FOCUS CBD DISPOSABLE VAPE TERP FX - CANNAHEMP","units":16,"revenue":490.0,"cost":300.0,"profit":190.0,"transactions":12,"margin":38.79999923706055},{"product":"CALM 1000MG CBD TINCTURE TERP FX - CANNAHEMP","units":6,"revenue":285.0,"cost":180.0,"profit":105.0,"transactions":6,"margin":36.79999923706055},{"product":"SLEEP CBD TINCTURE - CANNAHEMP","units":6,"revenue":270.0,"cost":180.0,"profit":90.0,"transactions":6,"margin":33.29999923706055},{"product":"FOCUS 1000MG CBD TINCTURE TERP FX - CANNAHEMP","units":4,"revenue":150.0,"cost":120.0,"profit":30.0,"transactions":4,"margin":20.0},{"product":"2:1 CBD/CBG RELIEF CREAM - CANNAHEMP","units":6,"revenue":131.25,"cost":112.5,"profit":18.75,"transactions":2,"margin":14.300000190734863}],"Elevation Parkway":[{"product":"NATURAL 1000MG CBG TINCTURE - CANNAHEMP","units":20,"revenue":1160.0,"cost":625.0,"profit":535.0,"transactions":18,"margin":46.099998474121094},{"product":"CALM CBD DISPOSABLE VAPE TERP FX - CANNAHEMP","units":32,"revenue":1005.0,"cost":600.0,"profit":405.0,"transactions":32,"margin":40.29999923706055},{"product":"FOCUS CBD DISPOSABLE VAPE TERP FX - CANNAHEMP","units":26,"revenue":780.0,"cost":487.5,"profit":292.5,"transactions":12,"margin":37.5},{"product":"RELIEF CBD DISPOSABLE VAPE TERP FX - CANNAHEMP","units":20,"revenue":666.25,"cost":375.0,"profit":291.25,"transactions":20,"margin":43.70000076293945},{"product":"2:1 CBD/CBG RELIEF CREAM - CANNAHEMP","units":20,"revenue":542.5,"cost":375.0,"profit":167.5,"transactions":20,"margin":30.899999618530273},{"product":"SLEEP CBD DISPOSABLE VAPE - CANNAHEMP","units":14,"revenue":420.0,"cost":262.5,"profit":157.5,"transactions":12,"margin":37.5},{"product":"NATURAL 2000MG CBD TINCTURE - CANNAHEMP","units":10,"revenue":406.25,"cost":374.87499237060547,"profit":31.375000476837158,"transactions":6,"margin":7.699999809265137},{"product":"FOCUS 1000MG CBD TINCTURE TERP FX - CANNAHEMP","units":6,"revenue":375.0,"cost":180.0,"profit":195.0,"transactions":6,"margin":52.0},{"product":"SLEEP 1000MG CBD TINCTURE TERP FX - CANNAHEMP","units":6,"revenue":375.0,"cost":180.0,"profit":195.0,"transactions":6,"margin":52.0},{"product":"CALM 1000MG CBD TINCTURE TERP FX - CANNAHEMP","units":8,"revenue":330.0,"cost":240.0,"profit":90.0,"transactions":4,"margin":27.299999237060547},{"product":"NATURAL 500MG CBD TINCTURE - CANNAHEMP","units":18,"revenue":329.00001525878906,"cost":270.0,"profit":59.000000953674316,"transactions":12,"margin":17.899999618530273},{"product":"RECOVERY X CREAM CBD 1000MG - CANNAHEMP","units":6,"revenue":162.5,"cost":142.5,"profit":20.0,"transactions":4,"margin":12.300000190734863},{"product":"SLEEP 2000MG CBD TINCTURE - CANNAHEMP","units":4,"revenue":162.5,"cost":174.95000839233398,"profit":-12.450000047683716,"transactions":4,"margin":-7.699999809265137},{"product":"NATURAL 1000MG CBN TINCTURE - CANNAHEMP","units":2,"revenue":112.5,"cost":112.47500419616699,"profit":0.024999999441206455,"transactions":2,"margin":0.0},{"product":"CALM 2000MG CBD TINCTURE - CANNAHEMP","units":2,"revenue":112.5,"cost":75.0,"profit":37.5,"transactions":2,"margin":33.29999923706055}]},"store_summary":[{"store_clean":"Elevation Oasis","units":460,"revenue":16865.074462890625,"cost":9104.525146484375,"profit":7760.5499267578125,"discounts":4952.4249267578125,"margin":46.0,"discount_rate":22.700000762939453},{"store_clean":"Elevation Midtown","units":520,"revenue":14799.000244140625,"cost":7629.7747802734375,"profit":7169.224853515625,"discounts":4773.500061035156,"margin":48.400001525878906,"discount_rate":24.399999618530273},{"store_clean":"Elevation Mesa","units":492,"revenue":13014.27490234375,"cost":10791.37451171875,"profit":2222.9000854492188,"discounts":12980.72509765625,"margin":17.100000381469727,"discount_rate":49.900001525878906},{"store_clean":"Elevation Springs","units":324,"revenue":9769.874877929688,"cost":6170.875244140625,"profit":3598.9999389648438,"discounts":5910.1251220703125,"margin":36.79999923706055,"discount_rate":37.70000076293945},{"store_clean":"Elevation Parkway","units":202,"revenue":7107.750244140625,"cost":4669.800109863281,"profit":2437.949981689453,"discounts":4172.250061035156,"margin":34.29999923706055,"discount_rate":37.0},{"store_clean":"Elevation Boulevard","units":192,"revenue":6877.0001220703125,"cost":4173.7249755859375,"profit":2703.275146484375,"discounts":3265.4998779296875,"margin":39.29999923706055,"discount_rate":32.20000076293945}],"recommendations":[{"severity":"red","title":"DISPOSABLE VAPE: BELOW CATEGORY AVERAGE","detail":"Margin (37.5%) is 15 pts below DISPOSABLE VAPE average. Ranked #35 of 35. Strong case for cost negotiation.","action":"Request 8% cost reduction or evaluate alternative DISPOSABLE VAPE brands."},{"severity":"yellow","title":"CATEGORY BENCHMARK GAP","detail":"Overall margin (37.8%) trails CBD average (47.6%) by 9.8 pts.","action":"Negotiate cost reduction or increase retail price."},{"severity":"red","title":"LOW DISCOUNTED MARGIN","detail":"Margin drops to 24.1% when discounted.","action":"Cap discount depth at 20% or negotiate lower wholesale cost."},{"severity":"info","title":"VOLUME LEVERAGE","detail":"$27,373 revenue provides negotiating leverage.","action":"Use volume as leverage in next vendor meeting."}],"comparison":null}