{"brand":"ROCK ME","date_range":"2024-01-01 00:00:00 to 2026-01-31 00:00:00","period_label":"All Time","summary":{"total_units":90,"total_revenue":2569.375,"total_cost":956.25,"total_discounts":805.625,"total_profit":1613.125,"overall_margin":62.79999923706055,"fp_margin":71.69999694824219,"disc_margin":57.400001525878906,"pct_full_price":37.900001525878906,"avg_discount_rate":23.899999618530273,"fp_revenue":975.0,"disc_revenue":1594.375,"brand":"ROCK ME","date_range":"2024-01-01 00:00:00 to 2026-01-31 00:00:00","primary_category":"ACCESSORY","store_coverage":"1/7","stores_present":["Elevation Boulevard"],"stores_missing":["Elevation Springs","Elevation Mesa","Elevation Oasis","Elevation Downtown","Elevation Midtown","Elevation Parkway"],"velocity_rank":44,"velocity_total":136},"distribution":[{"store":"Elevation Springs","carries_brand":false,"sku_count":0,"revenue":0.0,"units":0,"store_total_revenue":51138750.0,"brand_share_pct":0},{"store":"Elevation Mesa","carries_brand":false,"sku_count":0,"revenue":0.0,"units":0,"store_total_revenue":47532240.0,"brand_share_pct":0},{"store":"Elevation Oasis","carries_brand":false,"sku_count":0,"revenue":0.0,"units":0,"store_total_revenue":56050145.0,"brand_share_pct":0},{"store":"Elevation Downtown","carries_brand":false,"sku_count":0,"revenue":0.0,"units":0,"store_total_revenue":1945237.1875,"brand_share_pct":0},{"store":"Elevation Midtown","carries_brand":false,"sku_count":0,"revenue":0.0,"units":0,"store_total_revenue":30850185.0,"brand_share_pct":0},{"store":"Elevation Boulevard","carries_brand":true,"sku_count":2,"revenue":2569.375,"units":90,"store_total_revenue":28757865.0,"brand_share_pct":0.0},{"store":"Elevation Parkway","carries_brand":false,"sku_count":0,"revenue":0.0,"units":0,"store_total_revenue":21987007.5,"brand_share_pct":0}],"share_of_category":[{"category":"ACCESSORY","brand_revenue":2218.75,"category_revenue":4128754.0625,"revenue_share_pct":0.10000000149011612,"brand_units":78,"category_units":2130096,"units_share_pct":0.0},{"category":"BATTERY","brand_revenue":350.625,"category_revenue":1041867.1875,"revenue_share_pct":0.0,"brand_units":12,"category_units":41118,"units_share_pct":0.0}],"share_of_category_trend":{"ACCESSORY":[{"period":"2024-01","brand_revenue":0.0,"category_revenue":153543.9453125,"share_pct":0.0},{"period":"2024-02","brand_revenue":0.0,"category_revenue":152399.47265625,"share_pct":0.0},{"period":"2024-03","brand_revenue":0.0,"category_revenue":154678.876953125,"share_pct":0.0},{"period":"2024-04","brand_revenue":0.0,"category_revenue":163353.65234375,"share_pct":0.0},{"period":"2024-05","brand_revenue":0.0,"category_revenue":179676.4453125,"share_pct":0.0},{"period":"2024-06","brand_revenue":0.0,"category_revenue":185008.828125,"share_pct":0.0},{"period":"2024-07","brand_revenue":0.0,"category_revenue":186675.46875,"share_pct":0.0},{"period":"2024-08","brand_revenue":0.0,"category_revenue":180226.328125,"share_pct":0.0},{"period":"2024-09","brand_revenue":0.0,"category_revenue":162386.298828125,"share_pct":0.0},{"period":"2024-10","brand_revenue":0.0,"category_revenue":166088.73046875,"share_pct":0.0},{"period":"2024-11","brand_revenue":0.0,"category_revenue":171706.09375,"share_pct":0.0},{"period":"2024-12","brand_revenue":0.0,"category_revenue":176502.03125,"share_pct":0.0},{"period":"2025-01","brand_revenue":0.0,"category_revenue":167261.34765625,"share_pct":0.0},{"period":"2025-02","brand_revenue":0.0,"category_revenue":155260.927734375,"share_pct":0.0},{"period":"2025-03","brand_revenue":0.0,"category_revenue":176420.390625,"share_pct":0.0},{"period":"2025-04","brand_revenue":0.0,"category_revenue":182694.82421875,"share_pct":0.0},{"period":"2025-05","brand_revenue":0.0,"category_revenue":179904.4921875,"share_pct":0.0},{"period":"2025-06","brand_revenue":892.5,"category_revenue":161148.75,"share_pct":0.6000000238418579},{"period":"2025-07","brand_revenue":572.5,"category_revenue":165549.8046875,"share_pct":0.30000001192092896},{"period":"2025-08","brand_revenue":307.5,"category_revenue":171752.05078125,"share_pct":0.20000000298023224},{"period":"2025-09","brand_revenue":236.25,"category_revenue":168198.9453125,"share_pct":0.10000000149011612},{"period":"2025-10","brand_revenue":210.0,"category_revenue":171844.55078125,"share_pct":0.10000000149011612},{"period":"2025-11","brand_revenue":0.0,"category_revenue":172839.74609375,"share_pct":0.0},{"period":"2025-12","brand_revenue":0.0,"category_revenue":141954.873046875,"share_pct":0.0},{"period":"2026-01","brand_revenue":0.0,"category_revenue":81677.1484375,"share_pct":0.0}],"BATTERY":[{"period":"2024-01","brand_revenue":0.0,"category_revenue":78523.75,"share_pct":0.0},{"period":"2024-02","brand_revenue":0.0,"category_revenue":79510.9765625,"share_pct":0.0},{"period":"2024-03","brand_revenue":0.0,"category_revenue":80066.9482421875,"share_pct":0.0},{"period":"2024-04","brand_revenue":0.0,"category_revenue":65688.7744140625,"share_pct":0.0},{"period":"2024-05","brand_revenue":0.0,"category_revenue":61493.57421875,"share_pct":0.0},{"period":"2024-06","brand_revenue":0.0,"category_revenue":67340.751953125,"share_pct":0.0},{"period":"2024-07","brand_revenue":0.0,"category_revenue":70591.1767578125,"share_pct":0.0},{"period":"2024-08","brand_revenue":0.0,"category_revenue":64657.8759765625,"share_pct":0.0},{"period":"2024-09","brand_revenue":0.0,"category_revenue":52538.3740234375,"share_pct":0.0},{"period":"2024-10","brand_revenue":0.0,"category_revenue":49278.92578125,"share_pct":0.0},{"period":"2024-11","brand_revenue":0.0,"category_revenue":39889.69970703125,"share_pct":0.0},{"period":"2024-12","brand_revenue":0.0,"category_revenue":38273.87451171875,"share_pct":0.0},{"period":"2025-01","brand_revenue":0.0,"category_revenue":24301.0498046875,"share_pct":0.0},{"period":"2025-02","brand_revenue":0.0,"category_revenue":15730.625,"share_pct":0.0},{"period":"2025-03","brand_revenue":0.0,"category_revenue":17904.124755859375,"share_pct":0.0},{"period":"2025-04","brand_revenue":0.0,"category_revenue":17018.02490234375,"share_pct":0.0},{"period":"2025-05","brand_revenue":0.0,"category_revenue":21588.3740234375,"share_pct":0.0},{"period":"2025-06","brand_revenue":0.0,"category_revenue":20285.274658203125,"share_pct":0.0},{"period":"2025-07","brand_revenue":0.0,"category_revenue":26462.7490234375,"share_pct":0.0},{"period":"2025-08","brand_revenue":0.0,"category_revenue":27441.025390625,"share_pct":0.0},{"period":"2025-09","brand_revenue":0.0,"category_revenue":24531.35009765625,"share_pct":0.0},{"period":"2025-10","brand_revenue":0.0,"category_revenue":27787.275390625,"share_pct":0.0},{"period":"2025-11","brand_revenue":52.5,"category_revenue":23690.8251953125,"share_pct":0.20000000298023224},{"period":"2025-12","brand_revenue":255.0,"category_revenue":24923.798828125,"share_pct":1.0},{"period":"2026-01","brand_revenue":43.125,"category_revenue":22347.9248046875,"share_pct":0.20000000298023224}]},"velocity_by_category":[{"category":"BATTERY","brand_units_per_day":0.02,"category_avg_units_per_day":2.84,"velocity_index":0.6,"brand_rev_per_unit":23.38,"category_rev_per_unit":20.27,"brands_in_category":19},{"category":"ACCESSORY","brand_units_per_day":0.1,"category_avg_units_per_day":20.56,"velocity_index":0.5,"brand_rev_per_unit":22.76,"category_rev_per_unit":1.55,"brands_in_category":136}],"store_gaps":[{"store":"Elevation Oasis","category":"ACCESSORY","category_revenue_at_store":917304.21875,"opportunity":"Brand not carried"},{"store":"Elevation Springs","category":"ACCESSORY","category_revenue_at_store":898382.421875,"opportunity":"Brand not carried"},{"store":"Elevation Midtown","category":"ACCESSORY","category_revenue_at_store":796566.25,"opportunity":"Brand not carried"},{"store":"Elevation Mesa","category":"ACCESSORY","category_revenue_at_store":552719.140625,"opportunity":"Brand not carried"},{"store":"Elevation Parkway","category":"ACCESSORY","category_revenue_at_store":435759.453125,"opportunity":"Brand not carried"},{"store":"Elevation Springs","category":"BATTERY","category_revenue_at_store":239396.2890625,"opportunity":"Brand not carried"},{"store":"Elevation Oasis","category":"BATTERY","category_revenue_at_store":223712.75390625,"opportunity":"Brand not carried"},{"store":"Elevation Midtown","category":"BATTERY","category_revenue_at_store":166242.65625,"opportunity":"Brand not carried"},{"store":"Elevation Mesa","category":"BATTERY","category_revenue_at_store":158984.21875,"opportunity":"Brand not carried"},{"store":"Elevation Parkway","category":"BATTERY","category_revenue_at_store":120492.40234375,"opportunity":"Brand not carried"},{"store":"Elevation Downtown","category":"ACCESSORY","category_revenue_at_store":61539.7021484375,"opportunity":"Brand not carried"},{"store":"Elevation Downtown","category":"BATTERY","category_revenue_at_store":6820.7501220703125,"opportunity":"Brand not carried"}],"product_mix":{"top":[{"product":"DUAL 510 THREAD BATTERY","units":90,"revenue":2569.375,"cost":956.25,"profit":1613.125,"stores":1,"transactions":76,"margin":62.79999923706055}],"bottom":[],"expansion":[]},"pricing_consistency":[],"promotional_effectiveness":{"lift":{"fp_units_per_day":2.6,"disc_units_per_day":2.56,"lift_pct":-1.5,"fp_avg_revenue_per_unit":75.0,"disc_avg_revenue_per_unit":49.825},"by_deal":[{"deal_name":"Industry 30% Off","uses":16,"revenue":966.5625,"discounts":420.9375,"units":37.0,"cost":393.125,"margin":59.3,"discount_depth":60.6},{"deal_name":"Employee 30% - NOT FRIDAYS","uses":1,"revenue":52.5,"discounts":22.5,"units":2.0,"cost":21.25,"margin":59.5,"discount_depth":60.0},{"deal_name":"LVAC - 25% Off","uses":1,"revenue":56.25,"discounts":18.75,"units":2.0,"cost":21.25,"margin":62.2,"discount_depth":50.0},{"deal_name":"Store Credit - $15","uses":1,"revenue":21.5625,"discounts":15.9375,"units":1.0,"cost":10.625,"margin":50.7,"discount_depth":85.0},{"deal_name":"Veterans - 10% Off","uses":1,"revenue":67.5,"discounts":7.5,"units":2.0,"cost":21.25,"margin":68.5,"discount_depth":20.0}]},"growth_opportunities":[{"type":"distribution","title":"Expand to Elevation Springs","detail":"Store has $455,112 in ACCESSORY, BATTERY \u2014 categories where ROCK ME competes.","priority":"high"},{"type":"distribution","title":"Expand to Elevation Mesa","detail":"Store has $284,681 in ACCESSORY, BATTERY \u2014 categories where ROCK ME competes.","priority":"high"},{"type":"distribution","title":"Expand to Elevation Oasis","detail":"Store has $456,407 in ACCESSORY, BATTERY \u2014 categories where ROCK ME competes.","priority":"high"},{"type":"distribution","title":"Expand to Elevation Downtown","detail":"Store has $27,344 in ACCESSORY, BATTERY \u2014 categories where ROCK ME competes.","priority":"high"},{"type":"distribution","title":"Expand to Elevation Midtown","detail":"Store has $385,124 in ACCESSORY, BATTERY \u2014 categories where ROCK ME competes.","priority":"high"},{"type":"distribution","title":"Expand to Elevation Parkway","detail":"Store has $222,501 in ACCESSORY, BATTERY \u2014 categories where ROCK ME competes.","priority":"high"},{"type":"velocity","title":"Improve velocity in BATTERY","detail":"Velocity index 1 (below category average). 0.0 units/day vs 1.4 avg.","priority":"medium"},{"type":"velocity","title":"Improve velocity in ACCESSORY","detail":"Velocity index 0 (below category average). 0.1 units/day vs 10.3 avg.","priority":"medium"}],"trend":[{"period":"2025-06","revenue":892.5,"cost":340.0,"margin":61.9,"units":32,"transactions":28,"profit":552.5,"revenue_change_pct":null,"units_change_pct":null,"margin_change_pts":null},{"period":"2025-07","revenue":572.5,"cost":212.5,"margin":62.9,"units":20,"transactions":12,"profit":360.0,"revenue_change_pct":-35.9,"units_change_pct":-37.5,"margin_change_pts":1.0},{"period":"2025-08","revenue":307.5,"cost":106.25,"margin":65.4,"units":10,"transactions":10,"profit":201.25,"revenue_change_pct":-46.3,"units_change_pct":-50.0,"margin_change_pts":2.6},{"period":"2025-09","revenue":236.25,"cost":85.0,"margin":64.0,"units":8,"transactions":8,"profit":151.25,"revenue_change_pct":-23.2,"units_change_pct":-20.0,"margin_change_pts":-1.4},{"period":"2025-10","revenue":210.0,"cost":85.0,"margin":59.5,"units":8,"transactions":8,"profit":125.0,"revenue_change_pct":-11.1,"units_change_pct":0,"margin_change_pts":-4.5},{"period":"2025-11","revenue":52.5,"cost":21.25,"margin":59.5,"units":2,"transactions":2,"profit":31.25,"revenue_change_pct":-75.0,"units_change_pct":-75.0,"margin_change_pts":0.0},{"period":"2025-12","revenue":255.0,"cost":85.0,"margin":66.7,"units":8,"transactions":6,"profit":170.0,"revenue_change_pct":385.7,"units_change_pct":300.0,"margin_change_pts":7.1},{"period":"2026-01","revenue":43.125,"cost":21.25,"margin":50.7,"units":2,"transactions":2,"profit":21.875,"revenue_change_pct":-83.1,"units_change_pct":-75.0,"margin_change_pts":-15.9}]}