{"brand":"VISION","date_range":"2024-01-01 00:00:00 to 2026-01-31 00:00:00","period_label":"All Time","summary":{"total_units":39,"total_revenue":740.0,"total_cost":233.6100311279297,"total_discounts":40.0,"total_profit":506.39007568359375,"overall_margin":68.4000015258789,"fp_margin":70.0,"disc_margin":60.099998474121094,"pct_full_price":83.80000305175781,"avg_discount_rate":5.099999904632568,"fp_revenue":620.0,"disc_revenue":120.0,"unique_customers":38,"brand":"VISION","date_range":"2024-01-01 00:00:00 to 2026-01-31 00:00:00","months_count":4,"avg_monthly_cost":58.4,"cost_per_unit":5.99,"primary_category":"ACCESSORY","primary_cat_margin":61.099998474121094,"category_rank":125,"category_total":136,"margin_vs_category":7.300000190734863,"velocity_rank":128},"category_breakdown":[{"category_clean":"ACCESSORY","units":39,"revenue":740.0,"cost":233.6099853515625,"profit":506.3900146484375,"discounts":40.0,"margin":68.4000015258789,"category_avg_margin":61.099998474121094,"vs_category":7.3,"rank":125.0,"total_brands":136.0}],"trend":[{"period":"2025-04","revenue":384.0,"cost":125.78999328613281,"margin":67.2,"units":21,"transactions":21,"profit":258.2099914550781,"revenue_change_pct":null,"units_change_pct":null,"margin_change_pts":null},{"period":"2025-05","revenue":60.0,"cost":17.969999313354492,"margin":70.1,"units":3,"transactions":3,"profit":42.029998779296875,"revenue_change_pct":-84.4,"units_change_pct":-85.7,"margin_change_pts":2.8},{"period":"2025-06","revenue":276.0,"cost":83.86000061035156,"margin":69.6,"units":14,"transactions":14,"profit":192.13999938964844,"revenue_change_pct":360.0,"units_change_pct":366.7,"margin_change_pts":-0.4},{"period":"2025-07","revenue":20.0,"cost":5.989999771118164,"margin":70.1,"units":1,"transactions":1,"profit":14.010000228881836,"revenue_change_pct":-92.8,"units_change_pct":-92.9,"margin_change_pts":0.4}],"share_of_category":[{"category":"ACCESSORY","brand_revenue":740.0,"category_revenue":1651501.625,"revenue_share_pct":0.0,"brand_units":39,"category_units":1065048,"units_share_pct":0.0}],"share_of_category_trend":{"ACCESSORY":[{"period":"2024-01","brand_revenue":0.0,"category_revenue":61417.578125,"share_pct":0.0},{"period":"2024-02","brand_revenue":0.0,"category_revenue":60959.7890625,"share_pct":0.0},{"period":"2024-03","brand_revenue":0.0,"category_revenue":61871.55078125,"share_pct":0.0},{"period":"2024-04","brand_revenue":0.0,"category_revenue":65341.4609375,"share_pct":0.0},{"period":"2024-05","brand_revenue":0.0,"category_revenue":71870.578125,"share_pct":0.0},{"period":"2024-06","brand_revenue":0.0,"category_revenue":74003.53125,"share_pct":0.0},{"period":"2024-07","brand_revenue":0.0,"category_revenue":74670.1875,"share_pct":0.0},{"period":"2024-08","brand_revenue":0.0,"category_revenue":72090.53125,"share_pct":0.0},{"period":"2024-09","brand_revenue":0.0,"category_revenue":64954.51953125,"share_pct":0.0},{"period":"2024-10","brand_revenue":0.0,"category_revenue":66435.4921875,"share_pct":0.0},{"period":"2024-11","brand_revenue":0.0,"category_revenue":68682.4375,"share_pct":0.0},{"period":"2024-12","brand_revenue":0.0,"category_revenue":70600.8125,"share_pct":0.0},{"period":"2025-01","brand_revenue":0.0,"category_revenue":66904.5390625,"share_pct":0.0},{"period":"2025-02","brand_revenue":0.0,"category_revenue":62104.37109375,"share_pct":0.0},{"period":"2025-03","brand_revenue":0.0,"category_revenue":70568.15625,"share_pct":0.0},{"period":"2025-04","brand_revenue":384.0,"category_revenue":73077.9296875,"share_pct":0.5},{"period":"2025-05","brand_revenue":60.0,"category_revenue":71961.796875,"share_pct":0.10000000149011612},{"period":"2025-06","brand_revenue":276.0,"category_revenue":64459.5,"share_pct":0.4000000059604645},{"period":"2025-07","brand_revenue":20.0,"category_revenue":66219.921875,"share_pct":0.0},{"period":"2025-08","brand_revenue":0.0,"category_revenue":68700.8203125,"share_pct":0.0},{"period":"2025-09","brand_revenue":0.0,"category_revenue":67279.578125,"share_pct":0.0},{"period":"2025-10","brand_revenue":0.0,"category_revenue":68737.8203125,"share_pct":0.0},{"period":"2025-11","brand_revenue":0.0,"category_revenue":69135.8984375,"share_pct":0.0},{"period":"2025-12","brand_revenue":0.0,"category_revenue":56781.94921875,"share_pct":0.0},{"period":"2026-01","brand_revenue":0.0,"category_revenue":32670.859375,"share_pct":0.0}]},"discount_depth":[{"tier":"0% (Full Price)","transactions":31,"pct_of_transactions":79.5,"revenue":620.0,"avg_discount":0.0},{"tier":"1-10%","transactions":5,"pct_of_transactions":12.8,"revenue":90.0,"avg_discount":10.0},{"tier":"11-20%","transactions":0,"pct_of_transactions":0.0,"revenue":0.0,"avg_discount":0},{"tier":"21-30%","transactions":0,"pct_of_transactions":0.0,"revenue":0.0,"avg_discount":0},{"tier":"31%+","transactions":3,"pct_of_transactions":7.7,"revenue":30.0,"avg_discount":50.0}],"velocity":{"units_per_day":0.42,"revenue_per_day":7.960000038146973,"avg_units_per_txn":1.0,"days_of_data":93,"total_units":39,"total_transactions":39},"velocity_by_category":[{"category":"ACCESSORY","brand_units_per_day":0.05,"category_avg_units_per_day":10.28,"velocity_index":0.5,"brand_rev_per_unit":18.97,"category_rev_per_unit":1.55,"brands_in_category":136}],"deals":[{"deal_name":"Senior - 10% Off","times_used":2,"units":2.0,"revenue":36.0,"discounts":4.0,"cost":11.979999542236328,"profit":24.020000457763672,"pre_discount_revenue":40.0,"margin":66.7,"avg_discount":10.0},{"deal_name":"Veterans - 10% Off","times_used":2,"units":2.0,"revenue":36.0,"discounts":4.0,"cost":11.979999542236328,"profit":24.020000457763672,"pre_discount_revenue":40.0,"margin":66.7,"avg_discount":10.0}],"top_products":[{"product":"Vision Spinner Battery","units":38,"revenue":720.0,"cost":227.6199951171875,"profit":492.3800048828125,"transactions":38,"margin":68.4000015258789},{"product":"VISION SPINNER BATTERY","units":1,"revenue":20.0,"cost":5.989999771118164,"profit":14.010000228881836,"transactions":1,"margin":70.0}],"products_by_store":{"Thrive Reno":[{"product":"Vision Spinner Battery","units":38,"revenue":720.0,"cost":227.6199951171875,"profit":492.3800048828125,"transactions":38,"margin":68.4000015258789},{"product":"VISION SPINNER BATTERY","units":1,"revenue":20.0,"cost":5.989999771118164,"profit":14.010000228881836,"transactions":1,"margin":70.0}]},"store_summary":[{"store_clean":"Thrive Reno","units":39,"revenue":740.0,"cost":233.6099853515625,"profit":506.3900146484375,"discounts":40.0,"margin":68.4000015258789,"discount_rate":5.099999904632568}],"recommendations":[],"comparison":null}