{"brand":"SUNDAE","date_range":"2024-01-01 00:00:00 to 2026-01-31 00:00:00","period_label":"All Time","summary":{"total_units":152,"total_revenue":4186.524963378906,"total_cost":1980.0,"total_discounts":1238.4750366210938,"total_profit":2206.5249633789062,"overall_margin":52.70000076293945,"fp_margin":64.0999984741211,"disc_margin":47.0,"pct_full_price":33.400001525878906,"avg_discount_rate":22.799999237060547,"fp_revenue":1400.0,"disc_revenue":2786.5249633789062,"brand":"SUNDAE","date_range":"2024-01-01 00:00:00 to 2026-01-31 00:00:00","primary_category":"FLOWER","store_coverage":"2/7","stores_present":["Elevation Mesa","Elevation Midtown"],"stores_missing":["Elevation Springs","Elevation Oasis","Elevation Downtown","Elevation Boulevard","Elevation Parkway"],"velocity_rank":59,"velocity_total":64},"distribution":[{"store":"Elevation Springs","carries_brand":false,"sku_count":0,"revenue":0.0,"units":0,"store_total_revenue":51138750.0,"brand_share_pct":0},{"store":"Elevation Mesa","carries_brand":true,"sku_count":14,"revenue":1999.6499633789062,"units":64,"store_total_revenue":47532240.0,"brand_share_pct":0.0},{"store":"Elevation Oasis","carries_brand":false,"sku_count":0,"revenue":0.0,"units":0,"store_total_revenue":56050145.0,"brand_share_pct":0},{"store":"Elevation Downtown","carries_brand":false,"sku_count":0,"revenue":0.0,"units":0,"store_total_revenue":1945237.1875,"brand_share_pct":0},{"store":"Elevation Midtown","carries_brand":true,"sku_count":12,"revenue":2186.875,"units":88,"store_total_revenue":30850185.0,"brand_share_pct":0.0},{"store":"Elevation Boulevard","carries_brand":false,"sku_count":0,"revenue":0.0,"units":0,"store_total_revenue":28757865.0,"brand_share_pct":0},{"store":"Elevation Parkway","carries_brand":false,"sku_count":0,"revenue":0.0,"units":0,"store_total_revenue":21987007.5,"brand_share_pct":0}],"share_of_category":[{"category":"FLOWER","brand_revenue":3601.5249633789062,"category_revenue":77755450.0,"revenue_share_pct":0.0,"brand_units":94,"category_units":2708446,"units_share_pct":0.0},{"category":"PRE ROLL PACK","brand_revenue":585.0,"category_revenue":3903863.75,"revenue_share_pct":0.0,"brand_units":58,"category_units":123714,"units_share_pct":0.0}],"share_of_category_trend":{"FLOWER":[{"period":"2024-01","brand_revenue":0.0,"category_revenue":3552357.8125,"share_pct":0.0},{"period":"2024-02","brand_revenue":0.0,"category_revenue":3535245.625,"share_pct":0.0},{"period":"2024-03","brand_revenue":0.0,"category_revenue":3693805.625,"share_pct":0.0},{"period":"2024-04","brand_revenue":0.0,"category_revenue":3541899.6875,"share_pct":0.0},{"period":"2024-05","brand_revenue":0.0,"category_revenue":3537479.375,"share_pct":0.0},{"period":"2024-06","brand_revenue":0.0,"category_revenue":3403269.6875,"share_pct":0.0},{"period":"2024-07","brand_revenue":0.0,"category_revenue":3457705.9375,"share_pct":0.0},{"period":"2024-08","brand_revenue":0.0,"category_revenue":3453819.375,"share_pct":0.0},{"period":"2024-09","brand_revenue":0.0,"category_revenue":3316441.5625,"share_pct":0.0},{"period":"2024-10","brand_revenue":0.0,"category_revenue":3585775.0,"share_pct":0.0},{"period":"2024-11","brand_revenue":0.0,"category_revenue":3454855.3125,"share_pct":0.0},{"period":"2024-12","brand_revenue":0.0,"category_revenue":3226567.8125,"share_pct":0.0},{"period":"2025-01","brand_revenue":0.0,"category_revenue":2984938.125,"share_pct":0.0},{"period":"2025-02","brand_revenue":0.0,"category_revenue":2816220.0,"share_pct":0.0},{"period":"2025-03","brand_revenue":0.0,"category_revenue":2911379.6875,"share_pct":0.0},{"period":"2025-04","brand_revenue":0.0,"category_revenue":3118895.3125,"share_pct":0.0},{"period":"2025-05","brand_revenue":0.0,"category_revenue":2887345.0,"share_pct":0.0},{"period":"2025-06","brand_revenue":0.0,"category_revenue":2773698.125,"share_pct":0.0},{"period":"2025-07","brand_revenue":0.0,"category_revenue":2782763.125,"share_pct":0.0},{"period":"2025-08","brand_revenue":0.0,"category_revenue":2733122.8125,"share_pct":0.0},{"period":"2025-09","brand_revenue":0.0,"category_revenue":2603501.5625,"share_pct":0.0},{"period":"2025-10","brand_revenue":0.0,"category_revenue":2663705.0,"share_pct":0.0},{"period":"2025-11","brand_revenue":0.0,"category_revenue":2700189.0625,"share_pct":0.0},{"period":"2025-12","brand_revenue":0.0,"category_revenue":2515209.53125,"share_pct":0.0},{"period":"2026-01","brand_revenue":3601.5249633789062,"category_revenue":2505261.875,"share_pct":0.10000000149011612}],"PRE ROLL PACK":[{"period":"2024-01","brand_revenue":0.0,"category_revenue":169271.89453125,"share_pct":0.0},{"period":"2024-02","brand_revenue":0.0,"category_revenue":174199.375,"share_pct":0.0},{"period":"2024-03","brand_revenue":0.0,"category_revenue":187083.0078125,"share_pct":0.0},{"period":"2024-04","brand_revenue":0.0,"category_revenue":179617.6171875,"share_pct":0.0},{"period":"2024-05","brand_revenue":0.0,"category_revenue":198875.703125,"share_pct":0.0},{"period":"2024-06","brand_revenue":0.0,"category_revenue":182181.42578125,"share_pct":0.0},{"period":"2024-07","brand_revenue":0.0,"category_revenue":189754.43359375,"share_pct":0.0},{"period":"2024-08","brand_revenue":0.0,"category_revenue":163466.5234375,"share_pct":0.0},{"period":"2024-09","brand_revenue":0.0,"category_revenue":145157.197265625,"share_pct":0.0},{"period":"2024-10","brand_revenue":0.0,"category_revenue":143902.822265625,"share_pct":0.0},{"period":"2024-11","brand_revenue":0.0,"category_revenue":169051.3671875,"share_pct":0.0},{"period":"2024-12","brand_revenue":0.0,"category_revenue":186738.92578125,"share_pct":0.0},{"period":"2025-01","brand_revenue":0.0,"category_revenue":222888.57421875,"share_pct":0.0},{"period":"2025-02","brand_revenue":0.0,"category_revenue":186213.06640625,"share_pct":0.0},{"period":"2025-03","brand_revenue":0.0,"category_revenue":195415.56640625,"share_pct":0.0},{"period":"2025-04","brand_revenue":0.0,"category_revenue":188683.2421875,"share_pct":0.0},{"period":"2025-05","brand_revenue":0.0,"category_revenue":231505.29296875,"share_pct":0.0},{"period":"2025-06","brand_revenue":0.0,"category_revenue":169830.2734375,"share_pct":0.0},{"period":"2025-07","brand_revenue":0.0,"category_revenue":130345.849609375,"share_pct":0.0},{"period":"2025-08","brand_revenue":0.0,"category_revenue":108797.099609375,"share_pct":0.0},{"period":"2025-09","brand_revenue":0.0,"category_revenue":99689.677734375,"share_pct":0.0},{"period":"2025-10","brand_revenue":0.0,"category_revenue":67141.8505859375,"share_pct":0.0},{"period":"2025-11","brand_revenue":0.0,"category_revenue":80167.7978515625,"share_pct":0.0},{"period":"2025-12","brand_revenue":0.0,"category_revenue":71818.3740234375,"share_pct":0.0},{"period":"2026-01","brand_revenue":585.0,"category_revenue":62066.826171875,"share_pct":0.8999999761581421}]},"velocity_by_category":[{"category":"PRE ROLL PACK","brand_units_per_day":0.08,"category_avg_units_per_day":11.6,"velocity_index":0.7,"brand_rev_per_unit":8.07,"category_rev_per_unit":25.24,"brands_in_category":14},{"category":"FLOWER","brand_units_per_day":0.12,"category_avg_units_per_day":55.54,"velocity_index":0.2,"brand_rev_per_unit":30.65,"category_rev_per_unit":22.97,"brands_in_category":64}],"store_gaps":[{"store":"Elevation Oasis","category":"FLOWER","category_revenue_at_store":18965980.0,"opportunity":"Brand not carried"},{"store":"Elevation Springs","category":"FLOWER","category_revenue_at_store":15953997.5,"opportunity":"Brand not carried"},{"store":"Elevation Boulevard","category":"FLOWER","category_revenue_at_store":10598290.0,"opportunity":"Brand not carried"},{"store":"Elevation Parkway","category":"FLOWER","category_revenue_at_store":4297298.125,"opportunity":"Brand not carried"},{"store":"Elevation Springs","category":"PRE ROLL PACK","category_revenue_at_store":876390.9375,"opportunity":"Brand not carried"},{"store":"Elevation Parkway","category":"PRE ROLL PACK","category_revenue_at_store":729280.703125,"opportunity":"Brand not carried"},{"store":"Elevation Oasis","category":"PRE ROLL PACK","category_revenue_at_store":726080.3125,"opportunity":"Brand not carried"},{"store":"Elevation Boulevard","category":"PRE ROLL PACK","category_revenue_at_store":412407.265625,"opportunity":"Brand not carried"},{"store":"Elevation Downtown","category":"FLOWER","category_revenue_at_store":324929.8828125,"opportunity":"Brand not carried"},{"store":"Elevation Downtown","category":"PRE ROLL PACK","category_revenue_at_store":74783.623046875,"opportunity":"Brand not carried"}],"product_mix":{"top":[{"product":"BOLO RUNTS EIGHTH - SUNDAE","units":44,"revenue":1763.3999633789062,"cost":825.0,"profit":938.3999633789062,"stores":2,"transactions":40,"margin":53.20000076293945},{"product":"TAHOE GELATO FUEL EIGHTH - SUNDAE","units":28,"revenue":1078.125,"cost":525.0,"profit":553.125,"stores":2,"transactions":28,"margin":51.29999923706055},{"product":"WATERMELON GELATO EIGHTH - SUNDAE","units":14,"revenue":500.0,"cost":262.5,"profit":237.5,"stores":1,"transactions":14,"margin":47.5},{"product":"PEACH PRESERVES 2 PK PRE ROLL - SUNDAE","units":38,"revenue":397.5,"cost":142.5,"profit":255.0,"stores":2,"transactions":32,"margin":64.19999694824219},{"product":"SUNDAE BRUNCH EIGHTH - SUNDAE","units":8,"revenue":260.0,"cost":150.0,"profit":110.0,"stores":2,"transactions":8,"margin":42.29999923706055},{"product":"PAPAYA SCOUT 2 PK PRE ROLL - SUNDAE","units":10,"revenue":102.5,"cost":37.5,"profit":65.0,"stores":2,"transactions":10,"margin":63.400001525878906},{"product":"SUNDAE BRUNCH 2 PK PRE ROLL - SUNDAE","units":10,"revenue":85.0,"cost":37.5,"profit":47.5,"stores":2,"transactions":6,"margin":55.900001525878906}],"bottom":[],"expansion":[]},"pricing_consistency":[{"product":"BOLO RUNTS EIGHTH - SUNDAE","min_price":72.59999593098958,"max_price":85.38461538461539,"avg_price":78.99230565780249,"std_dev":3.6160364442193025,"store_count":4,"price_range":12.784619453625803,"range_pct":16.2},{"product":"TAHOE GELATO FUEL EIGHTH - SUNDAE","min_price":73.47222222222223,"max_price":83.375,"avg_price":78.42361111111111,"std_dev":2.800928527700046,"store_count":4,"price_range":9.90277777777778,"range_pct":12.6},{"product":"SUNDAE BRUNCH EIGHTH - SUNDAE","min_price":63.33333333333333,"max_price":70.0,"avg_price":66.66666666666666,"std_dev":1.8856180831641263,"store_count":4,"price_range":6.66666666666667,"range_pct":10.0},{"product":"SUNDAE BRUNCH 2 PK PRE ROLL - SUNDAE","min_price":16.25,"max_price":17.5,"avg_price":16.875,"std_dev":0.3535533905932738,"store_count":4,"price_range":1.25,"range_pct":7.4},{"product":"PAPAYA SCOUT 2 PK PRE ROLL - SUNDAE","min_price":20.0,"max_price":20.625,"avg_price":20.3125,"std_dev":0.1767766952966369,"store_count":4,"price_range":0.625,"range_pct":3.1},{"product":"PEACH PRESERVES 2 PK PRE ROLL - SUNDAE","min_price":20.88235294117647,"max_price":21.25,"avg_price":21.066176470588232,"std_dev":0.10398629135096188,"store_count":4,"price_range":0.3676470588235281,"range_pct":1.7}],"promotional_effectiveness":{"lift":{"fp_units_per_day":7.66,"disc_units_per_day":17.66,"lift_pct":130.4,"fp_avg_revenue_per_unit":60.875,"disc_avg_revenue_per_unit":52.575},"by_deal":[{"deal_name":"Employee 30% - NOT FRIDAYS","uses":12,"revenue":682.5,"discounts":292.5,"units":30.0,"cost":352.5,"margin":48.4,"discount_depth":60.0},{"deal_name":"Industry 30% Off","uses":11,"revenue":884.6875,"discounts":390.3125,"units":27.0,"cost":476.25,"margin":46.2,"discount_depth":61.2},{"deal_name":"Employee - 40% OFF","uses":3,"revenue":101.25,"discounts":98.75,"units":10.0,"cost":67.5,"margin":33.3,"discount_depth":98.8},{"deal_name":"Senior - 10% Off","uses":2,"revenue":270.0,"discounts":30.0,"units":6.0,"cost":112.5,"margin":58.3,"discount_depth":20.0},{"deal_name":"Store Credit - $15","uses":2,"revenue":133.75,"discounts":66.25,"units":4.0,"cost":75.0,"margin":43.9,"discount_depth":66.2},{"deal_name":"Senior / Veterans - 20% Off","uses":1,"revenue":20.0,"discounts":5.0,"units":2.0,"cost":7.5,"margin":62.5,"discount_depth":40.0},{"deal_name":"Store Credit - $25","uses":1,"revenue":27.1875,"discounts":22.8125,"units":1.0,"cost":18.75,"margin":31.0,"discount_depth":91.2},{"deal_name":"Store Credit - $50","uses":1,"revenue":52.150001525878906,"discounts":47.849998474121094,"units":2.0,"cost":37.5,"margin":28.1,"discount_depth":95.6}]},"growth_opportunities":[{"type":"distribution","title":"Expand to Elevation Springs","detail":"Store has $6,732,156 in FLOWER, PRE ROLL PACK \u2014 categories where SUNDAE competes.","priority":"high"},{"type":"distribution","title":"Expand to Elevation Oasis","detail":"Store has $7,876,824 in FLOWER, PRE ROLL PACK \u2014 categories where SUNDAE competes.","priority":"high"},{"type":"distribution","title":"Expand to Elevation Downtown","detail":"Store has $159,885 in FLOWER, PRE ROLL PACK \u2014 categories where SUNDAE competes.","priority":"high"},{"type":"distribution","title":"Expand to Elevation Boulevard","detail":"Store has $4,404,279 in FLOWER, PRE ROLL PACK \u2014 categories where SUNDAE competes.","priority":"high"},{"type":"distribution","title":"Expand to Elevation Parkway","detail":"Store has $2,010,632 in FLOWER, PRE ROLL PACK \u2014 categories where SUNDAE competes.","priority":"high"},{"type":"velocity","title":"Improve velocity in PRE ROLL PACK","detail":"Velocity index 1 (below category average). 0.0 units/day vs 5.8 avg.","priority":"medium"},{"type":"velocity","title":"Improve velocity in FLOWER","detail":"Velocity index 0 (below category average). 0.1 units/day vs 27.8 avg.","priority":"medium"}],"trend":[{"period":"2026-01","revenue":4186.524963378906,"cost":1980.0,"margin":52.7,"units":152,"transactions":112,"profit":2206.5249633789062,"revenue_change_pct":null,"units_change_pct":null,"margin_change_pts":null}]}