{"brand":"SUNDAE","date_range":"2024-01-01 00:00:00 to 2026-01-31 00:00:00","period_label":"All Time","summary":{"total_units":152,"total_revenue":4186.524963378906,"total_cost":1980.0,"total_discounts":1238.4750366210938,"total_profit":2206.5249633789062,"overall_margin":52.70000076293945,"fp_margin":64.0999984741211,"disc_margin":47.0,"pct_full_price":33.400001525878906,"avg_discount_rate":22.799999237060547,"fp_revenue":1400.0,"disc_revenue":2786.5249633789062,"unique_customers":96,"brand":"SUNDAE","date_range":"2024-01-01 00:00:00 to 2026-01-31 00:00:00","months_count":2,"avg_monthly_cost":1980.0,"cost_per_unit":26.05,"primary_category":"FLOWER","primary_cat_margin":54.099998474121094,"category_rank":59,"category_total":64,"margin_vs_category":-1.399999976158142,"velocity_rank":59},"category_breakdown":[{"category_clean":"FLOWER","units":94,"revenue":3601.5249633789062,"cost":1762.5,"profit":1839.0249633789062,"discounts":1098.4750366210938,"margin":51.099998474121094,"category_avg_margin":54.099998474121094,"vs_category":-3.0,"rank":59.0,"total_brands":64.0},{"category_clean":"PRE ROLL PACK","units":58,"revenue":585.0,"cost":217.5,"profit":367.5,"discounts":140.0,"margin":62.79999923706055,"category_avg_margin":54.5,"vs_category":8.3,"rank":14.0,"total_brands":14.0}],"trend":[{"period":"2026-01","revenue":4186.524963378906,"cost":1980.0,"margin":52.7,"units":152,"transactions":112,"profit":2206.5249633789062,"revenue_change_pct":null,"units_change_pct":null,"margin_change_pts":null}],"share_of_category":[{"category":"FLOWER","brand_revenue":3601.5249633789062,"category_revenue":77755450.0,"revenue_share_pct":0.0,"brand_units":94,"category_units":2708446,"units_share_pct":0.0},{"category":"PRE ROLL PACK","brand_revenue":585.0,"category_revenue":3903863.75,"revenue_share_pct":0.0,"brand_units":58,"category_units":123714,"units_share_pct":0.0}],"share_of_category_trend":{"FLOWER":[{"period":"2024-01","brand_revenue":0.0,"category_revenue":3552357.8125,"share_pct":0.0},{"period":"2024-02","brand_revenue":0.0,"category_revenue":3535245.625,"share_pct":0.0},{"period":"2024-03","brand_revenue":0.0,"category_revenue":3693805.625,"share_pct":0.0},{"period":"2024-04","brand_revenue":0.0,"category_revenue":3541899.6875,"share_pct":0.0},{"period":"2024-05","brand_revenue":0.0,"category_revenue":3537479.375,"share_pct":0.0},{"period":"2024-06","brand_revenue":0.0,"category_revenue":3403269.6875,"share_pct":0.0},{"period":"2024-07","brand_revenue":0.0,"category_revenue":3457705.9375,"share_pct":0.0},{"period":"2024-08","brand_revenue":0.0,"category_revenue":3453819.375,"share_pct":0.0},{"period":"2024-09","brand_revenue":0.0,"category_revenue":3316441.5625,"share_pct":0.0},{"period":"2024-10","brand_revenue":0.0,"category_revenue":3585775.0,"share_pct":0.0},{"period":"2024-11","brand_revenue":0.0,"category_revenue":3454855.3125,"share_pct":0.0},{"period":"2024-12","brand_revenue":0.0,"category_revenue":3226567.8125,"share_pct":0.0},{"period":"2025-01","brand_revenue":0.0,"category_revenue":2984938.125,"share_pct":0.0},{"period":"2025-02","brand_revenue":0.0,"category_revenue":2816220.0,"share_pct":0.0},{"period":"2025-03","brand_revenue":0.0,"category_revenue":2911379.6875,"share_pct":0.0},{"period":"2025-04","brand_revenue":0.0,"category_revenue":3118895.3125,"share_pct":0.0},{"period":"2025-05","brand_revenue":0.0,"category_revenue":2887345.0,"share_pct":0.0},{"period":"2025-06","brand_revenue":0.0,"category_revenue":2773698.125,"share_pct":0.0},{"period":"2025-07","brand_revenue":0.0,"category_revenue":2782763.125,"share_pct":0.0},{"period":"2025-08","brand_revenue":0.0,"category_revenue":2733122.8125,"share_pct":0.0},{"period":"2025-09","brand_revenue":0.0,"category_revenue":2603501.5625,"share_pct":0.0},{"period":"2025-10","brand_revenue":0.0,"category_revenue":2663705.0,"share_pct":0.0},{"period":"2025-11","brand_revenue":0.0,"category_revenue":2700189.0625,"share_pct":0.0},{"period":"2025-12","brand_revenue":0.0,"category_revenue":2515209.53125,"share_pct":0.0},{"period":"2026-01","brand_revenue":3601.5249633789062,"category_revenue":2505261.875,"share_pct":0.10000000149011612}],"PRE ROLL PACK":[{"period":"2024-01","brand_revenue":0.0,"category_revenue":169271.89453125,"share_pct":0.0},{"period":"2024-02","brand_revenue":0.0,"category_revenue":174199.375,"share_pct":0.0},{"period":"2024-03","brand_revenue":0.0,"category_revenue":187083.0078125,"share_pct":0.0},{"period":"2024-04","brand_revenue":0.0,"category_revenue":179617.6171875,"share_pct":0.0},{"period":"2024-05","brand_revenue":0.0,"category_revenue":198875.703125,"share_pct":0.0},{"period":"2024-06","brand_revenue":0.0,"category_revenue":182181.42578125,"share_pct":0.0},{"period":"2024-07","brand_revenue":0.0,"category_revenue":189754.43359375,"share_pct":0.0},{"period":"2024-08","brand_revenue":0.0,"category_revenue":163466.5234375,"share_pct":0.0},{"period":"2024-09","brand_revenue":0.0,"category_revenue":145157.197265625,"share_pct":0.0},{"period":"2024-10","brand_revenue":0.0,"category_revenue":143902.822265625,"share_pct":0.0},{"period":"2024-11","brand_revenue":0.0,"category_revenue":169051.3671875,"share_pct":0.0},{"period":"2024-12","brand_revenue":0.0,"category_revenue":186738.92578125,"share_pct":0.0},{"period":"2025-01","brand_revenue":0.0,"category_revenue":222888.57421875,"share_pct":0.0},{"period":"2025-02","brand_revenue":0.0,"category_revenue":186213.06640625,"share_pct":0.0},{"period":"2025-03","brand_revenue":0.0,"category_revenue":195415.56640625,"share_pct":0.0},{"period":"2025-04","brand_revenue":0.0,"category_revenue":188683.2421875,"share_pct":0.0},{"period":"2025-05","brand_revenue":0.0,"category_revenue":231505.29296875,"share_pct":0.0},{"period":"2025-06","brand_revenue":0.0,"category_revenue":169830.2734375,"share_pct":0.0},{"period":"2025-07","brand_revenue":0.0,"category_revenue":130345.849609375,"share_pct":0.0},{"period":"2025-08","brand_revenue":0.0,"category_revenue":108797.099609375,"share_pct":0.0},{"period":"2025-09","brand_revenue":0.0,"category_revenue":99689.677734375,"share_pct":0.0},{"period":"2025-10","brand_revenue":0.0,"category_revenue":67141.8505859375,"share_pct":0.0},{"period":"2025-11","brand_revenue":0.0,"category_revenue":80167.7978515625,"share_pct":0.0},{"period":"2025-12","brand_revenue":0.0,"category_revenue":71818.3740234375,"share_pct":0.0},{"period":"2026-01","brand_revenue":585.0,"category_revenue":62066.826171875,"share_pct":0.8999999761581421}]},"discount_depth":[{"tier":"0% (Full Price)","transactions":40,"pct_of_transactions":29.0,"revenue":1400.0,"avg_discount":0.0},{"tier":"1-10%","transactions":6,"pct_of_transactions":4.3,"revenue":362.5,"avg_discount":18.399999618530273},{"tier":"11-20%","transactions":4,"pct_of_transactions":2.9,"revenue":100.0,"avg_discount":40.0},{"tier":"21-30%","transactions":2,"pct_of_transactions":1.4,"revenue":150.0,"avg_discount":50.0},{"tier":"31%+","transactions":22,"pct_of_transactions":15.9,"revenue":371.5250015258789,"avg_discount":93.0}],"velocity":{"units_per_day":25.34,"revenue_per_day":697.7500152587891,"avg_units_per_txn":2.72,"days_of_data":6,"total_units":152,"total_transactions":112},"velocity_by_category":[{"category":"PRE ROLL PACK","brand_units_per_day":0.08,"category_avg_units_per_day":11.6,"velocity_index":0.7,"brand_rev_per_unit":8.07,"category_rev_per_unit":25.24,"brands_in_category":14},{"category":"FLOWER","brand_units_per_day":0.12,"category_avg_units_per_day":55.54,"velocity_index":0.2,"brand_rev_per_unit":30.65,"category_rev_per_unit":22.97,"brands_in_category":64}],"deals":[{"deal_name":"Employee 30% - NOT FRIDAYS","times_used":24,"units":30.0,"revenue":682.5,"discounts":292.5,"cost":352.5,"profit":330.0,"pre_discount_revenue":975.0,"margin":48.4,"avg_discount":60.0},{"deal_name":"Industry 30% Off","times_used":22,"units":27.0,"revenue":884.6875,"discounts":390.3125,"cost":476.25,"profit":408.4375,"pre_discount_revenue":1275.0,"margin":46.2,"avg_discount":61.2},{"deal_name":"Employee - 40% OFF","times_used":6,"units":10.0,"revenue":101.25,"discounts":98.75,"cost":67.5,"profit":33.75,"pre_discount_revenue":200.0,"margin":33.3,"avg_discount":98.8},{"deal_name":"Senior - 10% Off","times_used":4,"units":6.0,"revenue":270.0,"discounts":30.0,"cost":112.5,"profit":157.5,"pre_discount_revenue":300.0,"margin":58.3,"avg_discount":20.0},{"deal_name":"Store Credit - $15","times_used":4,"units":4.0,"revenue":133.75,"discounts":66.25,"cost":75.0,"profit":58.75,"pre_discount_revenue":200.0,"margin":43.9,"avg_discount":66.2},{"deal_name":"Senior / Veterans - 20% Off","times_used":2,"units":2.0,"revenue":20.0,"discounts":5.0,"cost":7.5,"profit":12.5,"pre_discount_revenue":25.0,"margin":62.5,"avg_discount":40.0},{"deal_name":"Store Credit - $25","times_used":2,"units":1.0,"revenue":27.1875,"discounts":22.8125,"cost":18.75,"profit":8.4375,"pre_discount_revenue":50.0,"margin":31.0,"avg_discount":91.2},{"deal_name":"Store Credit - $50","times_used":2,"units":2.0,"revenue":52.150001525878906,"discounts":47.849998474121094,"cost":37.5,"profit":14.65000033378601,"pre_discount_revenue":100.0,"margin":28.1,"avg_discount":95.6}],"top_products":[{"product":"BOLO RUNTS EIGHTH - SUNDAE","units":44,"revenue":1763.3999633789062,"cost":825.0,"profit":938.3999633789062,"transactions":40,"margin":53.20000076293945},{"product":"TAHOE GELATO FUEL EIGHTH - SUNDAE","units":28,"revenue":1078.125,"cost":525.0,"profit":553.125,"transactions":28,"margin":51.29999923706055},{"product":"WATERMELON GELATO EIGHTH - SUNDAE","units":14,"revenue":500.0,"cost":262.5,"profit":237.5,"transactions":14,"margin":47.5},{"product":"PEACH PRESERVES 2 PK PRE ROLL - SUNDAE","units":38,"revenue":397.5,"cost":142.5,"profit":255.0,"transactions":32,"margin":64.19999694824219},{"product":"SUNDAE BRUNCH EIGHTH - SUNDAE","units":8,"revenue":260.0,"cost":150.0,"profit":110.0,"transactions":8,"margin":42.29999923706055},{"product":"PAPAYA SCOUT 2 PK PRE ROLL - SUNDAE","units":10,"revenue":102.5,"cost":37.5,"profit":65.0,"transactions":10,"margin":63.400001525878906},{"product":"SUNDAE BRUNCH 2 PK PRE ROLL - SUNDAE","units":10,"revenue":85.0,"cost":37.5,"profit":47.5,"transactions":6,"margin":55.900001525878906}],"products_by_store":{"Elevation Mesa":[{"product":"TAHOE GELATO FUEL EIGHTH - SUNDAE","units":18,"revenue":661.25,"cost":337.5,"profit":323.75,"transactions":18,"margin":49.0},{"product":"BOLO RUNTS EIGHTH - SUNDAE","units":18,"revenue":653.3999633789062,"cost":337.5,"profit":315.9000015258789,"transactions":18,"margin":48.29999923706055},{"product":"WATERMELON GELATO EIGHTH - SUNDAE","units":14,"revenue":500.0,"cost":262.5,"profit":237.5,"transactions":14,"margin":47.5},{"product":"SUNDAE BRUNCH EIGHTH - SUNDAE","units":2,"revenue":70.0,"cost":37.5,"profit":32.5,"transactions":2,"margin":46.400001525878906},{"product":"SUNDAE BRUNCH 2 PK PRE ROLL - SUNDAE","units":6,"revenue":52.5,"cost":22.5,"profit":30.0,"transactions":2,"margin":57.099998474121094},{"product":"PEACH PRESERVES 2 PK PRE ROLL - SUNDAE","units":4,"revenue":42.5,"cost":15.0,"profit":27.5,"transactions":4,"margin":64.69999694824219},{"product":"PAPAYA SCOUT 2 PK PRE ROLL - SUNDAE","units":2,"revenue":20.0,"cost":7.5,"profit":12.5,"transactions":2,"margin":62.5}],"Elevation Midtown":[{"product":"BOLO RUNTS EIGHTH - SUNDAE","units":26,"revenue":1110.0,"cost":487.5,"profit":622.5,"transactions":22,"margin":56.099998474121094},{"product":"TAHOE GELATO FUEL EIGHTH - SUNDAE","units":10,"revenue":416.875,"cost":187.5,"profit":229.375,"transactions":10,"margin":55.0},{"product":"PEACH PRESERVES 2 PK PRE ROLL - SUNDAE","units":34,"revenue":355.0,"cost":127.5,"profit":227.5,"transactions":28,"margin":64.0999984741211},{"product":"SUNDAE BRUNCH EIGHTH - SUNDAE","units":6,"revenue":190.0,"cost":112.5,"profit":77.5,"transactions":6,"margin":40.79999923706055},{"product":"PAPAYA SCOUT 2 PK PRE ROLL - SUNDAE","units":8,"revenue":82.5,"cost":30.0,"profit":52.5,"transactions":8,"margin":63.599998474121094},{"product":"SUNDAE BRUNCH 2 PK PRE ROLL - SUNDAE","units":4,"revenue":32.5,"cost":15.0,"profit":17.5,"transactions":4,"margin":53.79999923706055}]},"store_summary":[{"store_clean":"Elevation Midtown","units":88,"revenue":2186.875,"cost":960.0,"profit":1226.875,"discounts":488.125,"margin":56.099998474121094,"discount_rate":18.200000762939453},{"store_clean":"Elevation Mesa","units":64,"revenue":1999.6499633789062,"cost":1020.0,"profit":979.6499633789062,"discounts":750.3500366210938,"margin":49.0,"discount_rate":27.299999237060547}],"recommendations":[],"comparison":null}