{"brand":"KARMA","date_range":"2024-01-01 00:00:00 to 2026-01-31 00:00:00","period_label":"All Time","summary":{"total_units":34520,"total_revenue":694070.15625,"total_cost":315469.8046875,"total_discounts":173032.34375,"total_profit":378600.3515625,"overall_margin":54.5,"fp_margin":63.29999923706055,"disc_margin":49.599998474121094,"pct_full_price":35.900001525878906,"avg_discount_rate":20.0,"fp_revenue":249332.5,"disc_revenue":444737.65625,"brand":"KARMA","date_range":"2024-01-01 00:00:00 to 2026-01-31 00:00:00","primary_category":"INFUSED PRE ROLL","store_coverage":"7/7","stores_present":["Elevation Springs","Elevation Mesa","Elevation Oasis","Elevation Downtown","Elevation Midtown","Elevation Boulevard","Elevation Parkway"],"stores_missing":[],"velocity_rank":5,"velocity_total":25},"distribution":[{"store":"Elevation Springs","carries_brand":true,"sku_count":98,"revenue":151948.8671875,"units":7458,"store_total_revenue":51138750.0,"brand_share_pct":0.30000001192092896},{"store":"Elevation Mesa","carries_brand":true,"sku_count":114,"revenue":153860.5078125,"units":7840,"store_total_revenue":47532240.0,"brand_share_pct":0.30000001192092896},{"store":"Elevation Oasis","carries_brand":true,"sku_count":72,"revenue":130914.0234375,"units":6112,"store_total_revenue":56050145.0,"brand_share_pct":0.20000000298023224},{"store":"Elevation Downtown","carries_brand":true,"sku_count":24,"revenue":9908.050537109375,"units":498,"store_total_revenue":1945237.1875,"brand_share_pct":0.5},{"store":"Elevation Midtown","carries_brand":true,"sku_count":60,"revenue":64743.37890625,"units":3066,"store_total_revenue":30850185.0,"brand_share_pct":0.20000000298023224},{"store":"Elevation Boulevard","carries_brand":true,"sku_count":106,"revenue":124135.01953125,"units":6700,"store_total_revenue":28757865.0,"brand_share_pct":0.4000000059604645},{"store":"Elevation Parkway","carries_brand":true,"sku_count":60,"revenue":58560.302734375,"units":2846,"store_total_revenue":21987007.5,"brand_share_pct":0.30000001192092896}],"share_of_category":[{"category":"INFUSED PRE ROLL","brand_revenue":451527.5,"category_revenue":10308101.25,"revenue_share_pct":4.400000095367432,"brand_units":23394,"category_units":488074,"units_share_pct":4.8},{"category":"SYRINGE","brand_revenue":242230.15625,"category_revenue":467399.2578125,"revenue_share_pct":51.79999923706055,"brand_units":11106,"category_units":19216,"units_share_pct":57.8},{"category":"INFUSED FLOWER","brand_revenue":295.0,"category_revenue":515348.203125,"revenue_share_pct":0.10000000149011612,"brand_units":16,"category_units":15824,"units_share_pct":0.1},{"category":"ACCESSORY","brand_revenue":17.5,"category_revenue":4128754.0625,"revenue_share_pct":0.0,"brand_units":4,"category_units":2130096,"units_share_pct":0.0}],"share_of_category_trend":{"INFUSED PRE ROLL":[{"period":"2024-01","brand_revenue":0.0,"category_revenue":410907.8515625,"share_pct":0.0},{"period":"2024-02","brand_revenue":0.0,"category_revenue":458711.484375,"share_pct":0.0},{"period":"2024-03","brand_revenue":0.0,"category_revenue":427464.375,"share_pct":0.0},{"period":"2024-04","brand_revenue":0.0,"category_revenue":428699.9609375,"share_pct":0.0},{"period":"2024-05","brand_revenue":0.0,"category_revenue":501098.3203125,"share_pct":0.0},{"period":"2024-06","brand_revenue":0.0,"category_revenue":477320.78125,"share_pct":0.0},{"period":"2024-07","brand_revenue":0.0,"category_revenue":479382.109375,"share_pct":0.0},{"period":"2024-08","brand_revenue":0.0,"category_revenue":474359.1015625,"share_pct":0.0},{"period":"2024-09","brand_revenue":0.0,"category_revenue":424280.1171875,"share_pct":0.0},{"period":"2024-10","brand_revenue":0.0,"category_revenue":470840.6640625,"share_pct":0.0},{"period":"2024-11","brand_revenue":0.0,"category_revenue":424285.1171875,"share_pct":0.0},{"period":"2024-12","brand_revenue":0.0,"category_revenue":432093.1640625,"share_pct":0.0},{"period":"2025-01","brand_revenue":0.0,"category_revenue":358002.890625,"share_pct":0.0},{"period":"2025-02","brand_revenue":0.0,"category_revenue":325080.17578125,"share_pct":0.0},{"period":"2025-03","brand_revenue":0.0,"category_revenue":347380.078125,"share_pct":0.0},{"period":"2025-04","brand_revenue":8485.325317382812,"category_revenue":401341.40625,"share_pct":2.0999999046325684},{"period":"2025-05","brand_revenue":16829.324951171875,"category_revenue":378076.09375,"share_pct":4.5},{"period":"2025-06","brand_revenue":25849.951171875,"category_revenue":354019.6484375,"share_pct":7.300000190734863},{"period":"2025-07","brand_revenue":29895.47607421875,"category_revenue":416008.203125,"share_pct":7.199999809265137},{"period":"2025-08","brand_revenue":58972.0751953125,"category_revenue":425283.28125,"share_pct":13.899999618530273},{"period":"2025-09","brand_revenue":60725.7763671875,"category_revenue":378313.75,"share_pct":16.100000381469727},{"period":"2025-10","brand_revenue":55620.2734375,"category_revenue":389168.3203125,"share_pct":14.300000190734863},{"period":"2025-11","brand_revenue":66314.1015625,"category_revenue":390541.3671875,"share_pct":17.0},{"period":"2025-12","brand_revenue":69124.6484375,"category_revenue":392812.34375,"share_pct":17.600000381469727},{"period":"2026-01","brand_revenue":59710.5517578125,"category_revenue":342630.7421875,"share_pct":17.399999618530273}],"SYRINGE":[{"period":"2024-01","brand_revenue":0.0,"category_revenue":14333.75,"share_pct":0.0},{"period":"2024-02","brand_revenue":0.0,"category_revenue":19846.624755859375,"share_pct":0.0},{"period":"2024-03","brand_revenue":0.0,"category_revenue":12633.7744140625,"share_pct":0.0},{"period":"2024-04","brand_revenue":0.0,"category_revenue":12415.625,"share_pct":0.0},{"period":"2024-05","brand_revenue":0.0,"category_revenue":19492.249755859375,"share_pct":0.0},{"period":"2024-06","brand_revenue":0.0,"category_revenue":12967.62451171875,"share_pct":0.0},{"period":"2024-07","brand_revenue":0.0,"category_revenue":20005.999755859375,"share_pct":0.0},{"period":"2024-08","brand_revenue":2343.75,"category_revenue":20173.074951171875,"share_pct":11.600000381469727},{"period":"2024-09","brand_revenue":5459.375,"category_revenue":21770.12451171875,"share_pct":25.100000381469727},{"period":"2024-10","brand_revenue":7783.75,"category_revenue":17178.75,"share_pct":45.29999923706055},{"period":"2024-11","brand_revenue":13498.125,"category_revenue":21491.0009765625,"share_pct":62.79999923706055},{"period":"2024-12","brand_revenue":12958.75,"category_revenue":21944.7509765625,"share_pct":59.099998474121094},{"period":"2025-01","brand_revenue":10628.3251953125,"category_revenue":22881.10107421875,"share_pct":46.5},{"period":"2025-02","brand_revenue":13296.99951171875,"category_revenue":17829.87548828125,"share_pct":74.5999984741211},{"period":"2025-03","brand_revenue":14169.124755859375,"category_revenue":18932.62451171875,"share_pct":74.80000305175781},{"period":"2025-04","brand_revenue":17651.77490234375,"category_revenue":21586.77490234375,"share_pct":81.80000305175781},{"period":"2025-05","brand_revenue":11876.875,"category_revenue":15132.874755859375,"share_pct":78.5},{"period":"2025-06","brand_revenue":16218.00048828125,"category_revenue":20116.99951171875,"share_pct":80.5999984741211},{"period":"2025-07","brand_revenue":14996.075439453125,"category_revenue":16304.07470703125,"share_pct":92.0},{"period":"2025-08","brand_revenue":15482.125244140625,"category_revenue":18957.750244140625,"share_pct":81.69999694824219},{"period":"2025-09","brand_revenue":15379.150390625,"category_revenue":19922.774658203125,"share_pct":77.19999694824219},{"period":"2025-10","brand_revenue":15020.72509765625,"category_revenue":21978.7255859375,"share_pct":68.30000305175781},{"period":"2025-11","brand_revenue":18062.275390625,"category_revenue":21050.10009765625,"share_pct":85.80000305175781},{"period":"2025-12","brand_revenue":19406.824951171875,"category_revenue":19579.324951171875,"share_pct":99.0999984741211},{"period":"2026-01","brand_revenue":17998.125,"category_revenue":18872.900390625,"share_pct":95.4000015258789}],"INFUSED FLOWER":[{"period":"2024-01","brand_revenue":0.0,"category_revenue":6570.250244140625,"share_pct":0.0},{"period":"2024-02","brand_revenue":0.0,"category_revenue":18343.62548828125,"share_pct":0.0},{"period":"2024-03","brand_revenue":0.0,"category_revenue":31018.3251953125,"share_pct":0.0},{"period":"2024-04","brand_revenue":0.0,"category_revenue":31596.826171875,"share_pct":0.0},{"period":"2024-05","brand_revenue":0.0,"category_revenue":21558.80126953125,"share_pct":0.0},{"period":"2024-06","brand_revenue":0.0,"category_revenue":24545.30029296875,"share_pct":0.0},{"period":"2024-07","brand_revenue":0.0,"category_revenue":16913.00048828125,"share_pct":0.0},{"period":"2024-08","brand_revenue":0.0,"category_revenue":16608.499755859375,"share_pct":0.0},{"period":"2024-09","brand_revenue":0.0,"category_revenue":19893.62548828125,"share_pct":0.0},{"period":"2024-10","brand_revenue":0.0,"category_revenue":17213.175048828125,"share_pct":0.0},{"period":"2024-11","brand_revenue":0.0,"category_revenue":15249.375,"share_pct":0.0},{"period":"2024-12","brand_revenue":0.0,"category_revenue":9560.999755859375,"share_pct":0.0},{"period":"2025-01","brand_revenue":0.0,"category_revenue":10154.500122070312,"share_pct":0.0},{"period":"2025-02","brand_revenue":0.0,"category_revenue":14429.625244140625,"share_pct":0.0},{"period":"2025-03","brand_revenue":0.0,"category_revenue":16804.69970703125,"share_pct":0.0},{"period":"2025-04","brand_revenue":0.0,"category_revenue":27190.70068359375,"share_pct":0.0},{"period":"2025-05","brand_revenue":0.0,"category_revenue":24856.12548828125,"share_pct":0.0},{"period":"2025-06","brand_revenue":0.0,"category_revenue":28754.82421875,"share_pct":0.0},{"period":"2025-07","brand_revenue":0.0,"category_revenue":26952.2998046875,"share_pct":0.0},{"period":"2025-08","brand_revenue":65.0,"category_revenue":33438.67431640625,"share_pct":0.20000000298023224},{"period":"2025-09","brand_revenue":0.0,"category_revenue":38734.65087890625,"share_pct":0.0},{"period":"2025-10","brand_revenue":0.0,"category_revenue":22947.39990234375,"share_pct":0.0},{"period":"2025-11","brand_revenue":0.0,"category_revenue":15945.4248046875,"share_pct":0.0},{"period":"2025-12","brand_revenue":0.0,"category_revenue":9305.8251953125,"share_pct":0.0},{"period":"2026-01","brand_revenue":230.0,"category_revenue":16761.624755859375,"share_pct":1.399999976158142}],"ACCESSORY":[{"period":"2024-01","brand_revenue":0.0,"category_revenue":153543.9453125,"share_pct":0.0},{"period":"2024-02","brand_revenue":0.0,"category_revenue":152399.47265625,"share_pct":0.0},{"period":"2024-03","brand_revenue":0.0,"category_revenue":154678.876953125,"share_pct":0.0},{"period":"2024-04","brand_revenue":0.0,"category_revenue":163353.65234375,"share_pct":0.0},{"period":"2024-05","brand_revenue":0.0,"category_revenue":179676.4453125,"share_pct":0.0},{"period":"2024-06","brand_revenue":0.0,"category_revenue":185008.828125,"share_pct":0.0},{"period":"2024-07","brand_revenue":0.0,"category_revenue":186675.46875,"share_pct":0.0},{"period":"2024-08","brand_revenue":0.0,"category_revenue":180226.328125,"share_pct":0.0},{"period":"2024-09","brand_revenue":0.0,"category_revenue":162386.298828125,"share_pct":0.0},{"period":"2024-10","brand_revenue":0.0,"category_revenue":166088.73046875,"share_pct":0.0},{"period":"2024-11","brand_revenue":0.0,"category_revenue":171706.09375,"share_pct":0.0},{"period":"2024-12","brand_revenue":0.0,"category_revenue":176502.03125,"share_pct":0.0},{"period":"2025-01","brand_revenue":0.0,"category_revenue":167261.34765625,"share_pct":0.0},{"period":"2025-02","brand_revenue":0.0,"category_revenue":155260.927734375,"share_pct":0.0},{"period":"2025-03","brand_revenue":0.0,"category_revenue":176420.390625,"share_pct":0.0},{"period":"2025-04","brand_revenue":0.0,"category_revenue":182694.82421875,"share_pct":0.0},{"period":"2025-05","brand_revenue":0.0,"category_revenue":179904.4921875,"share_pct":0.0},{"period":"2025-06","brand_revenue":0.0,"category_revenue":161148.75,"share_pct":0.0},{"period":"2025-07","brand_revenue":0.0,"category_revenue":165549.8046875,"share_pct":0.0},{"period":"2025-08","brand_revenue":0.0,"category_revenue":171752.05078125,"share_pct":0.0},{"period":"2025-09","brand_revenue":17.5,"category_revenue":168198.9453125,"share_pct":0.0},{"period":"2025-10","brand_revenue":0.0,"category_revenue":171844.55078125,"share_pct":0.0},{"period":"2025-11","brand_revenue":0.0,"category_revenue":172839.74609375,"share_pct":0.0},{"period":"2025-12","brand_revenue":0.0,"category_revenue":141954.873046875,"share_pct":0.0},{"period":"2026-01","brand_revenue":0.0,"category_revenue":81677.1484375,"share_pct":0.0}]},"velocity_by_category":[{"category":"SYRINGE","brand_units_per_day":14.58,"category_avg_units_per_day":6.3,"velocity_index":231.2,"brand_rev_per_unit":17.45,"category_rev_per_unit":19.46,"brands_in_category":4},{"category":"INFUSED PRE ROLL","brand_units_per_day":30.7,"category_avg_units_per_day":25.62,"velocity_index":119.8,"brand_rev_per_unit":15.44,"category_rev_per_unit":16.9,"brands_in_category":25},{"category":"INFUSED FLOWER","brand_units_per_day":0.02,"category_avg_units_per_day":2.6,"velocity_index":0.8,"brand_rev_per_unit":14.75,"category_rev_per_unit":26.05,"brands_in_category":8},{"category":"ACCESSORY","brand_units_per_day":0.0,"category_avg_units_per_day":20.56,"velocity_index":0.0,"brand_rev_per_unit":3.5,"category_rev_per_unit":1.55,"brands_in_category":136}],"store_gaps":[{"store":"Elevation Springs","category":"ACCESSORY","category_revenue_at_store":898382.421875,"opportunity":"Category not carried at this store"},{"store":"Elevation Midtown","category":"ACCESSORY","category_revenue_at_store":796566.25,"opportunity":"Category not carried at this store"},{"store":"Elevation Mesa","category":"ACCESSORY","category_revenue_at_store":552719.140625,"opportunity":"Category not carried at this store"},{"store":"Elevation Boulevard","category":"ACCESSORY","category_revenue_at_store":466482.890625,"opportunity":"Category not carried at this store"},{"store":"Elevation Parkway","category":"ACCESSORY","category_revenue_at_store":435759.453125,"opportunity":"Category not carried at this store"},{"store":"Elevation Oasis","category":"INFUSED FLOWER","category_revenue_at_store":116775.8203125,"opportunity":"Category not carried at this store"},{"store":"Elevation Springs","category":"INFUSED FLOWER","category_revenue_at_store":97596.23046875,"opportunity":"Category not carried at this store"},{"store":"Elevation Midtown","category":"INFUSED FLOWER","category_revenue_at_store":85385.15625,"opportunity":"Category not carried at this store"},{"store":"Elevation Downtown","category":"ACCESSORY","category_revenue_at_store":61539.7021484375,"opportunity":"Category not carried at this store"},{"store":"Elevation Parkway","category":"INFUSED FLOWER","category_revenue_at_store":36575.751953125,"opportunity":"Category not carried at this store"}],"product_mix":{"top":[{"product":"REST INDICA RSO - KARMA","units":3660,"revenue":75741.6259765625,"cost":35393.75,"profit":40347.8759765625,"stores":6,"transactions":2456,"margin":53.29999923706055},{"product":"1:1:4 CBN/CBG/THC CALM RSO - KARMA","units":2370,"revenue":57316.0498046875,"cost":25127.5,"profit":32188.5498046875,"stores":6,"transactions":1724,"margin":56.20000076293945},{"product":"ENERGY SATIVA RSO - KARMA","units":2544,"revenue":51361.298828125,"cost":24721.25,"profit":26640.048828125,"stores":6,"transactions":1658,"margin":51.900001525878906},{"product":"1:1 CBD/THC RECOVERY RSO - KARMA","units":1830,"revenue":40818.04931640625,"cost":17913.75,"profit":22904.29931640625,"stores":6,"transactions":1382,"margin":56.099998474121094},{"product":"TWISTED CITRUS HONEY ROLL - KARMA","units":1418,"revenue":26181.826171875,"cost":12407.5,"profit":13774.324951171875,"stores":6,"transactions":1192,"margin":52.599998474121094},{"product":"PINEAPPLE UPSIDE DOWN CAKE HONEY ROLL - KARMA","units":1232,"revenue":23228.5009765625,"cost":10780.0,"profit":12448.499755859375,"stores":6,"transactions":1046,"margin":53.599998474121094},{"product":"GUAVA COOLER HONEY ROLL - KARMA","units":896,"revenue":18249.05029296875,"cost":7840.0,"profit":10409.05029296875,"stores":5,"transactions":744,"margin":57.0},{"product":"WHITE PINEAPPLE HONEY ROLL - KARMA","units":892,"revenue":17839.7998046875,"cost":7805.0,"profit":10034.7998046875,"stores":5,"transactions":752,"margin":56.20000076293945},{"product":"WATERMELON Z HONEY ROLL - KARMA","units":890,"revenue":17188.00048828125,"cost":7787.5,"profit":9400.499877929688,"stores":6,"transactions":724,"margin":54.70000076293945},{"product":"SOUR MANGO HONEY ROLL - KARMA","units":802,"revenue":16516.949462890625,"cost":7017.5,"profit":9499.450073242188,"stores":6,"transactions":706,"margin":57.5},{"product":"LEMON CHERRY GELATO HONEY ROLL - KARMA","units":708,"revenue":14047.275390625,"cost":6195.0,"profit":7852.2747802734375,"stores":6,"transactions":624,"margin":55.900001525878906},{"product":"LEMON CHERRY SHERB HONEY ROLL - KARMA","units":694,"revenue":12441.55029296875,"cost":6072.5,"profit":6369.0496826171875,"stores":4,"transactions":604,"margin":51.20000076293945},{"product":"GARLIC ICING HONEY ROLL - KARMA","units":642,"revenue":12390.32470703125,"cost":5617.5,"profit":6772.82470703125,"stores":4,"transactions":552,"margin":54.70000076293945},{"product":"BERRY GELATO HONEY ROLL - KARMA","units":650,"revenue":12377.249755859375,"cost":5687.5,"profit":6689.749755859375,"stores":4,"transactions":548,"margin":54.0},{"product":"SOUR PINEAPPLE HONEY ROLL - KARMA","units":554,"revenue":10900.374755859375,"cost":4847.5,"profit":6052.874755859375,"stores":6,"transactions":488,"margin":55.5},{"product":"SATIVA RSO - KARMA","units":414,"revenue":10780.625,"cost":4108.75,"profit":6671.875,"stores":4,"transactions":318,"margin":61.900001525878906},{"product":"PINK PINEAPPLE HONEY ROLL - KARMA","units":546,"revenue":10563.64990234375,"cost":4777.5,"profit":5786.14990234375,"stores":7,"transactions":490,"margin":54.79999923706055},{"product":"PANCAKE BREATH HONEY ROLL - KARMA","units":490,"revenue":10416.175537109375,"cost":4412.5,"profit":6003.6749267578125,"stores":5,"transactions":424,"margin":57.599998474121094},{"product":"HUCKLEBERRY HAZE HONEY ROLL - KARMA","units":548,"revenue":9940.050048828125,"cost":4795.0,"profit":5145.050048828125,"stores":3,"transactions":462,"margin":51.79999923706055},{"product":"SOUR APPLE HONEY ROLL - KARMA","units":496,"revenue":9881.549682617188,"cost":4340.0,"profit":5541.5496826171875,"stores":5,"transactions":430,"margin":56.099998474121094}],"bottom":[{"product":"EGG NOG HONEY ROLL - KARMA","units":62,"revenue":1182.5749969482422,"cost":542.5,"profit":640.0749969482422,"stores":3,"transactions":54,"margin":54.099998474121094},{"product":"WATERMELON COOKIES HONEY ROLL - KARMA","units":50,"revenue":990.8999633789062,"cost":437.5,"profit":553.4000015258789,"stores":1,"transactions":44,"margin":55.79999923706055},{"product":"SWEET PINK GRAPEFRUIT HONEY ROLL - KARMA","units":50,"revenue":828.125,"cost":437.5,"profit":390.625,"stores":1,"transactions":40,"margin":47.20000076293945},{"product":"SOUR APPLE DIESEL HONEY ROLL - KARMA","units":46,"revenue":792.0000457763672,"cost":402.5,"profit":389.50000762939453,"stores":1,"transactions":44,"margin":49.20000076293945},{"product":"VEGAS CANDY HONEY ROLL - KARMA","units":30,"revenue":597.2249984741211,"cost":262.5,"profit":334.7249984741211,"stores":3,"transactions":30,"margin":56.0},{"product":"APPLE CAKE HONEY ROLL - KARMA","units":8,"revenue":174.94998931884766,"cost":70.0,"profit":104.94999885559082,"stores":1,"transactions":8,"margin":60.0},{"product":"PEPPERMINT BARK HONEY ROLL - KARMA","units":10,"revenue":162.90000915527344,"cost":87.5,"profit":75.39999961853027,"stores":1,"transactions":8,"margin":46.29999923706055},{"product":"APPLE TARTZ HONEY ROLL - KARMA 1200MG","units":4,"revenue":65.0,"cost":35.0,"profit":30.0,"stores":1,"transactions":4,"margin":46.20000076293945},{"product":"FRENCH TOAST HONEY ROLL - KARMA","units":2,"revenue":35.0,"cost":17.5,"profit":17.5,"stores":1,"transactions":2,"margin":50.0},{"product":"TROPIC TRIP 2 PK HEMP WRAPS","units":4,"revenue":17.5,"cost":4.950000047683716,"profit":12.549999952316284,"stores":1,"transactions":2,"margin":71.69999694824219}],"expansion":[{"product":"REST INDICA RSO - KARMA","current_stores":6,"total_stores":7,"missing_stores":["Elevation Downtown"],"revenue":75741.6259765625},{"product":"1:1:4 CBN/CBG/THC CALM RSO - KARMA","current_stores":6,"total_stores":7,"missing_stores":["Elevation Downtown"],"revenue":57316.0498046875},{"product":"ENERGY SATIVA RSO - KARMA","current_stores":6,"total_stores":7,"missing_stores":["Elevation Downtown"],"revenue":51361.298828125},{"product":"1:1 CBD/THC RECOVERY RSO - KARMA","current_stores":6,"total_stores":7,"missing_stores":["Elevation Downtown"],"revenue":40818.04931640625},{"product":"TWISTED CITRUS HONEY ROLL - KARMA","current_stores":6,"total_stores":7,"missing_stores":["Elevation Downtown"],"revenue":26181.826171875},{"product":"PINEAPPLE UPSIDE DOWN CAKE HONEY ROLL - KARMA","current_stores":6,"total_stores":7,"missing_stores":["Elevation Downtown"],"revenue":23228.5009765625},{"product":"GUAVA COOLER HONEY ROLL - KARMA","current_stores":5,"total_stores":7,"missing_stores":["Elevation Downtown","Elevation Parkway"],"revenue":18249.05029296875},{"product":"WHITE PINEAPPLE HONEY ROLL - KARMA","current_stores":5,"total_stores":7,"missing_stores":["Elevation Downtown","Elevation Parkway"],"revenue":17839.7998046875},{"product":"WATERMELON Z HONEY ROLL - KARMA","current_stores":6,"total_stores":7,"missing_stores":["Elevation Downtown"],"revenue":17188.00048828125},{"product":"SOUR MANGO HONEY ROLL - KARMA","current_stores":6,"total_stores":7,"missing_stores":["Elevation Downtown"],"revenue":16516.949462890625}]},"pricing_consistency":[{"product":"BAD APPLE HONEY ROLL INFUSED PRE ROLL - KARMA","min_price":23.33300018310547,"max_price":39.420004272460936,"avg_price":33.63310970172547,"std_dev":2.2420658037255796,"store_count":12,"price_range":16.08700408935547,"range_pct":47.8},{"product":"PINEAPPLE PARADISE HONEY ROLL - KARMA","min_price":27.03000183105469,"max_price":41.04000244140625,"avg_price":33.86408041307143,"std_dev":2.359727019279413,"store_count":12,"price_range":14.010000610351563,"range_pct":41.4},{"product":"LEMON CHERRY CAKE HONEY ROLL - KARMA","min_price":26.520001220703126,"max_price":40.65000305175781,"avg_price":35.197362666659885,"std_dev":2.1865460026026438,"store_count":12,"price_range":14.130001831054685,"range_pct":40.1},{"product":"BLUEBERRY BANANA PANCAKE HONEY ROLL - KARMA","min_price":25.73999938964844,"max_price":37.68750190734863,"avg_price":33.56603960099791,"std_dev":1.8852920113338603,"store_count":12,"price_range":11.947502517700194,"range_pct":35.6},{"product":"CEREAL MILK HONEY ROLL - KARMA","min_price":30.617630807976973,"max_price":41.773335774739586,"avg_price":36.34382317080135,"std_dev":2.233506748979731,"store_count":6,"price_range":11.15570496676261,"range_pct":30.7},{"product":"VEGAS CANDY HONEY ROLL - KARMA","min_price":37.65625,"max_price":50.0,"avg_price":42.055786980523,"std_dev":2.7572620385150466,"store_count":6,"price_range":12.34375,"range_pct":29.4},{"product":"1:1 CBD/THC RECOVERY RSO - KARMA","min_price":37.885568510226115,"max_price":50.09228187919463,"avg_price":43.011555218398215,"std_dev":1.829888369544595,"store_count":12,"price_range":12.206713368968515,"range_pct":28.4},{"product":"EGG NOG HONEY ROLL - KARMA","min_price":32.15277777777778,"max_price":41.89999989100865,"avg_price":38.01537070703254,"std_dev":2.0663529287860505,"store_count":6,"price_range":9.747222113230869,"range_pct":25.6},{"product":"SATIVA RSO - KARMA","min_price":45.49180327868853,"max_price":56.674311926605505,"avg_price":50.18736213465684,"std_dev":1.8755344630350577,"store_count":8,"price_range":11.182508647916976,"range_pct":22.3},{"product":"PANCAKE BREATH HONEY ROLL - KARMA","min_price":36.25,"max_price":45.166998291015624,"avg_price":41.79954282630928,"std_dev":1.4701034021445938,"store_count":10,"price_range":8.916998291015625,"range_pct":21.3},{"product":"SOUR MANGO HONEY ROLL - KARMA","min_price":37.677669270833334,"max_price":46.36650085449219,"avg_price":41.61487190464089,"std_dev":1.3247185737625526,"store_count":12,"price_range":8.688831583658857,"range_pct":20.9},{"product":"CAKE POP HONEY ROLL - KARMA","min_price":34.362254423253674,"max_price":42.23958969116211,"avg_price":38.16838553634344,"std_dev":1.217208492766387,"store_count":10,"price_range":7.877335267908432,"range_pct":20.6},{"product":"GARLIC ICING HONEY ROLL - KARMA","min_price":35.727084477742515,"max_price":43.77049865722657,"avg_price":39.41518888473511,"std_dev":1.5879094858864864,"store_count":8,"price_range":8.043414179484053,"range_pct":20.4},{"product":"ORANGE SHERBERT HONEY ROLL - KARMA","min_price":33.01530799087213,"max_price":40.297994995117186,"avg_price":36.96157760101111,"std_dev":1.4717783688857584,"store_count":6,"price_range":7.282687004245059,"range_pct":19.7},{"product":"WATERMELON DREAM HONEY ROLL - KARMA","min_price":38.28349914550781,"max_price":46.503430534811585,"avg_price":42.393464840159695,"std_dev":2.324947690505943,"store_count":4,"price_range":8.219931389303774,"range_pct":19.4},{"product":"LEMON CHERRY GELATO HONEY ROLL - KARMA","min_price":36.759500122070314,"max_price":44.3280029296875,"avg_price":40.70165492713336,"std_dev":1.018729083232888,"store_count":12,"price_range":7.568502807617188,"range_pct":18.6},{"product":"SOUR PINEAPPLE HONEY ROLL - KARMA","min_price":37.09550170898437,"max_price":44.52799987792969,"avg_price":40.14475026457586,"std_dev":1.018787605837431,"store_count":12,"price_range":7.432498168945316,"range_pct":18.5},{"product":"LEMON THAI HONEY ROLL - KARMA","min_price":35.708996582031254,"max_price":42.623999023437506,"avg_price":38.230023829142254,"std_dev":1.0213496268371665,"store_count":12,"price_range":6.9150024414062505,"range_pct":18.1},{"product":"GUAVA CAKE HONEY ROLL - KARMA","min_price":34.50000127156576,"max_price":41.129998779296876,"avg_price":36.99125065273709,"std_dev":1.4436013757362576,"store_count":6,"price_range":6.629997507731118,"range_pct":17.9},{"product":"INDICA RSO - KARMA","min_price":41.59090909090909,"max_price":49.400000000000006,"avg_price":44.118181818181824,"std_dev":1.3061988255624895,"store_count":10,"price_range":7.809090909090912,"range_pct":17.7},{"product":"LEMON CHEESECAKE HONEY ROLL - KARMA","min_price":34.72999877929687,"max_price":41.652669270833336,"avg_price":39.58335027058919,"std_dev":1.1260165347505942,"store_count":10,"price_range":6.922670491536462,"range_pct":17.5},{"product":"HUCKLEBERRY SODA HONEY ROLL - KARMA","min_price":38.02754927654655,"max_price":45.0,"avg_price":40.49991437377274,"std_dev":1.2643141239028681,"store_count":8,"price_range":6.972450723453445,"range_pct":17.2},{"product":"TWISTED CITRUS HONEY ROLL - KARMA","min_price":34.43333333333334,"max_price":40.42850036621093,"avg_price":36.733643337678885,"std_dev":0.9822214138870247,"store_count":12,"price_range":5.9951670328776,"range_pct":16.3},{"product":"ENERGY SATIVA RSO - KARMA","min_price":38.17286608387546,"max_price":44.69191472333176,"avg_price":40.35785294949128,"std_dev":0.9844223299330641,"store_count":12,"price_range":6.519048639456302,"range_pct":16.2},{"product":"GELONADE HONEY ROLL - KARMA","min_price":34.4387723961655,"max_price":40.19317973743785,"avg_price":37.48331815097976,"std_dev":1.156706433403635,"store_count":6,"price_range":5.754407341272354,"range_pct":15.4},{"product":"LEMON CHERRY SHERB HONEY ROLL - KARMA","min_price":34.3376298384233,"max_price":39.928570182955994,"avg_price":36.36897690803875,"std_dev":0.9824979857990964,"store_count":8,"price_range":5.5909403445327,"range_pct":15.4},{"product":"SOUR APPLE BISCOTTI HONEY ROLL - KARMA","min_price":36.25,"max_price":42.125997924804686,"avg_price":39.01437994728626,"std_dev":1.1477876634530697,"store_count":8,"price_range":5.875997924804688,"range_pct":15.1},{"product":"EKTO COOLER HONEY ROLL - KARMA","min_price":35.909803801891854,"max_price":41.65799865722656,"avg_price":38.634641301996055,"std_dev":0.8456418080445044,"store_count":12,"price_range":5.7481948553347095,"range_pct":14.9},{"product":"BERRY GELATO HONEY ROLL - KARMA","min_price":35.74024963378906,"max_price":41.408666992187506,"avg_price":38.55679092407226,"std_dev":1.073735085368875,"store_count":8,"price_range":5.668417358398443,"range_pct":14.7},{"product":"1:1:4 CBN/CBG/THC CALM RSO - KARMA","min_price":44.707517935559636,"max_price":51.63407192435316,"avg_price":47.52185628304708,"std_dev":1.026237002073716,"store_count":12,"price_range":6.92655398879352,"range_pct":14.6}],"promotional_effectiveness":{"lift":{"fp_units_per_day":20.48,"disc_units_per_day":48.1,"lift_pct":134.7,"fp_avg_revenue_per_unit":50.4,"disc_avg_revenue_per_unit":36.125},"by_deal":[{"deal_name":"Industry 30% Off","uses":1926,"revenue":122403.78802776337,"discounts":53346.21268391609,"units":7103.0,"cost":62998.60000014305,"margin":48.5,"discount_depth":60.8},{"deal_name":"Lit4Less - 1g IPR - 3 for $50","uses":740,"revenue":72820.474421978,"discounts":13329.524881243706,"units":3506.0,"cost":30677.5,"margin":57.9,"discount_depth":31.0},{"deal_name":"Industry - 30% Off","uses":432,"revenue":24772.50008583069,"discounts":10702.500023841858,"units":1356.0,"cost":13873.75,"margin":44.0,"discount_depth":60.4},{"deal_name":"50% Off - G2B","uses":341,"revenue":18172.541667620342,"discounts":18348.29166809718,"units":1439.3333333333333,"cost":12791.041666666668,"margin":29.6,"discount_depth":100.4},{"deal_name":"Veterans - 10% Off","uses":328,"revenue":19116.541804472607,"discounts":2265.124990940094,"units":850.6666666666666,"cost":7742.7333339055385,"margin":59.5,"discount_depth":21.2},{"deal_name":"Jackpot - Locals 30% Off","uses":316,"revenue":17154.250037670135,"discounts":7405.750025510788,"units":956.0,"cost":8768.75,"margin":48.9,"discount_depth":60.4},{"deal_name":"Employee 30% - NOT FRIDAYS","uses":298,"revenue":14235.275128185749,"discounts":6438.475030660629,"units":836.0,"cost":7585.625,"margin":46.7,"discount_depth":62.2},{"deal_name":"Senior - 10% Off","uses":298,"revenue":23260.76673666636,"discounts":2637.5666612386703,"units":996.6666666666666,"cost":9282.975000143051,"margin":60.1,"discount_depth":20.4},{"deal_name":"4/20 2025 - Flower / Infused","uses":157,"revenue":8179.387500286102,"discounts":8225.612502098083,"units":648.0,"cost":6266.25,"margin":23.4,"discount_depth":100.2},{"deal_name":"Senior / Veterans - 20% Off","uses":153,"revenue":12653.908313115437,"discounts":3189.424993594487,"units":627.3333333333334,"cost":5725.0,"margin":54.8,"discount_depth":40.2},{"deal_name":"Employee - 40% OFF","uses":143,"revenue":7139.000034332275,"discounts":4800.999970436096,"units":470.0,"cost":4332.5,"margin":39.3,"discount_depth":80.4},{"deal_name":"30% Off Special","uses":106,"revenue":5488.624973297119,"discounts":2401.374988555908,"units":282.0,"cost":2827.5,"margin":48.5,"discount_depth":60.8},{"deal_name":"LVAC - 25% Off","uses":102,"revenue":11731.875,"discounts":3910.625,"units":626.0,"cost":5867.5,"margin":50.0,"discount_depth":50.0},{"deal_name":"GW - 50% Off Topicals / Tinctures / RSO / Tablets","uses":44,"revenue":2662.5,"discounts":2662.5,"units":208.0,"cost":2130.0,"margin":20.0,"discount_depth":100.0},{"deal_name":"Store Credit - $25","uses":35,"revenue":1201.8541649977365,"discounts":1087.7291699250538,"units":89.66666666666667,"cost":793.3333333333333,"margin":34.0,"discount_depth":95.0},{"deal_name":"Store Credit - $15","uses":29,"revenue":646.5708359082539,"discounts":682.5958347320557,"units":53.0,"cost":469.375,"margin":27.4,"discount_depth":102.8},{"deal_name":"4/20 2025 - Vapes","uses":10,"revenue":435.7124996185303,"discounts":381.7875003814697,"units":32.0,"cost":303.75,"margin":30.3,"discount_depth":93.4},{"deal_name":"Reno - Early Bird - Senior / Veterans - 20%","uses":9,"revenue":620.0,"discounts":155.0,"units":30.0,"cost":270.0,"margin":56.5,"discount_depth":40.0},{"deal_name":"Store Credit - $50","uses":8,"revenue":148.01249891519547,"discounts":376.98749899864197,"units":21.0,"cost":183.75,"margin":-24.1,"discount_depth":143.6},{"deal_name":"Main St Happy Hour - 25% Off","uses":5,"revenue":225.0,"discounts":75.0,"units":12.0,"cost":105.0,"margin":53.3,"discount_depth":50.0}]},"growth_opportunities":[{"type":"sku_expansion","title":"Add '1:1 CBD/THC RECOVERY RSO - KARMA' to 1 more store(s)","detail":"Carried in 6 stores. Missing from: Elevation Downtown","priority":"medium"},{"type":"sku_expansion","title":"Add '1:1:4 CBN/CBG/THC CALM RSO - KARMA' to 1 more store(s)","detail":"Carried in 6 stores. Missing from: Elevation Downtown","priority":"medium"},{"type":"sku_expansion","title":"Add 'BAD APPLE HONEY ROLL INFUSED PRE ROLL - KARMA' to 1 more store(s)","detail":"Carried in 6 stores. Missing from: Elevation Downtown","priority":"medium"},{"type":"sku_expansion","title":"Add 'BERRY CINEX HONEY ROLL - KARMA' to 4 more store(s)","detail":"Carried in 3 stores. Missing from: Elevation Downtown, Elevation Midtown, Elevation Boulevard, Elevation Parkway","priority":"medium"},{"type":"sku_expansion","title":"Add 'BERRY GELATO HONEY ROLL - KARMA' to 3 more store(s)","detail":"Carried in 4 stores. Missing from: Elevation Springs, Elevation Downtown, Elevation Parkway","priority":"medium"},{"type":"velocity","title":"Improve velocity in INFUSED FLOWER","detail":"Velocity index 1 (below category average). 0.0 units/day vs 1.3 avg.","priority":"medium"},{"type":"velocity","title":"Improve velocity in ACCESSORY","detail":"Velocity index 0 (below category average). 0.0 units/day vs 10.3 avg.","priority":"medium"}],"trend":[{"period":"2024-08","revenue":2343.75,"cost":1090.0,"margin":53.5,"units":94,"transactions":82,"profit":1253.75,"revenue_change_pct":null,"units_change_pct":null,"margin_change_pts":null},{"period":"2024-09","revenue":5459.375,"cost":2595.0,"margin":52.5,"units":204,"transactions":148,"profit":2864.375,"revenue_change_pct":132.9,"units_change_pct":117.0,"margin_change_pts":-1.0},{"period":"2024-10","revenue":7783.75,"cost":3617.5,"margin":53.5,"units":338,"transactions":224,"profit":4166.25,"revenue_change_pct":42.6,"units_change_pct":65.7,"margin_change_pts":1.1},{"period":"2024-11","revenue":13498.125,"cost":7087.5,"margin":47.5,"units":680,"transactions":364,"profit":6410.625,"revenue_change_pct":73.4,"units_change_pct":101.2,"margin_change_pts":-6.0},{"period":"2024-12","revenue":12958.75,"cost":6267.5,"margin":51.6,"units":614,"transactions":372,"profit":6691.25,"revenue_change_pct":-4.0,"units_change_pct":-9.7,"margin_change_pts":4.1},{"period":"2025-01","revenue":10628.3251953125,"cost":4942.5,"margin":53.5,"units":482,"transactions":336,"profit":5685.8251953125,"revenue_change_pct":-18.0,"units_change_pct":-21.5,"margin_change_pts":1.9},{"period":"2025-02","revenue":13296.99951171875,"cost":6117.5,"margin":54.0,"units":596,"transactions":388,"profit":7179.5001220703125,"revenue_change_pct":25.1,"units_change_pct":23.7,"margin_change_pts":0.5},{"period":"2025-03","revenue":14169.124755859375,"cost":6657.5,"margin":53.0,"units":660,"transactions":366,"profit":7511.624755859375,"revenue_change_pct":6.6,"units_change_pct":10.7,"margin_change_pts":-1.0},{"period":"2025-04","revenue":26137.099609375,"cost":15126.25,"margin":42.1,"units":1570,"transactions":868,"profit":11010.849609375,"revenue_change_pct":84.5,"units_change_pct":137.9,"margin_change_pts":-10.9},{"period":"2025-05","revenue":28706.201171875,"cost":13527.5,"margin":52.9,"units":1464,"transactions":1038,"profit":15178.699951171875,"revenue_change_pct":9.8,"units_change_pct":-6.8,"margin_change_pts":10.7},{"period":"2025-06","revenue":42067.94921875,"cost":19483.75,"margin":53.7,"units":2120,"transactions":1344,"profit":22584.19921875,"revenue_change_pct":46.5,"units_change_pct":44.8,"margin_change_pts":0.8},{"period":"2025-07","revenue":44891.5478515625,"cost":20436.25,"margin":54.5,"units":2262,"transactions":1420,"profit":24455.30029296875,"revenue_change_pct":6.7,"units_change_pct":6.7,"margin_change_pts":0.8},{"period":"2025-08","revenue":74519.19921875,"cost":32787.5,"margin":56.0,"units":3666,"transactions":2314,"profit":41731.69921875,"revenue_change_pct":66.0,"units_change_pct":62.1,"margin_change_pts":1.5},{"period":"2025-09","revenue":76122.4267578125,"cost":32767.2998046875,"margin":57.0,"units":3660,"transactions":2388,"profit":43355.126953125,"revenue_change_pct":2.2,"units_change_pct":-0.2,"margin_change_pts":1.0},{"period":"2025-10","revenue":70641.0009765625,"cost":29830.0,"margin":57.8,"units":3362,"transactions":2106,"profit":40811.0009765625,"revenue_change_pct":-7.2,"units_change_pct":-8.1,"margin_change_pts":0.8},{"period":"2025-11","revenue":84376.376953125,"cost":41293.75,"margin":51.1,"units":4652,"transactions":2720,"profit":43082.626953125,"revenue_change_pct":19.4,"units_change_pct":38.4,"margin_change_pts":-6.7},{"period":"2025-12","revenue":88531.474609375,"cost":38643.75,"margin":56.4,"units":4356,"transactions":2510,"profit":49887.724609375,"revenue_change_pct":4.9,"units_change_pct":-6.4,"margin_change_pts":5.3},{"period":"2026-01","revenue":77938.6767578125,"cost":33198.75,"margin":57.4,"units":3740,"transactions":2270,"profit":44739.9267578125,"revenue_change_pct":-12.0,"units_change_pct":-14.1,"margin_change_pts":1.1}]}