{"brand":"KARMA","date_range":"2024-01-01 00:00:00 to 2026-01-31 00:00:00","period_label":"All Time","summary":{"total_units":34520,"total_revenue":694070.15625,"total_cost":315469.8046875,"total_discounts":173032.34375,"total_profit":378600.3515625,"overall_margin":54.5,"fp_margin":63.29999923706055,"disc_margin":49.599998474121094,"pct_full_price":35.900001525878906,"avg_discount_rate":20.0,"fp_revenue":249332.5,"disc_revenue":444737.65625,"unique_customers":11034,"brand":"KARMA","date_range":"2024-01-01 00:00:00 to 2026-01-31 00:00:00","months_count":36,"avg_monthly_cost":17526.1,"cost_per_unit":18.275,"primary_category":"INFUSED PRE ROLL","primary_cat_margin":47.29999923706055,"category_rank":6,"category_total":25,"margin_vs_category":7.199999809265137,"velocity_rank":5},"category_breakdown":[{"category_clean":"INFUSED PRE ROLL","units":23394,"revenue":451527.5,"cost":205179.84375,"profit":246347.65625,"discounts":117992.5,"margin":54.599998474121094,"category_avg_margin":47.29999923706055,"vs_category":7.3,"rank":6.0,"total_brands":25.0},{"category_clean":"SYRINGE","units":11106,"revenue":242230.15625,"cost":110145.0,"profit":132085.146484375,"discounts":54934.8486328125,"margin":54.5,"category_avg_margin":53.599998474121094,"vs_category":0.9,"rank":1.0,"total_brands":4.0},{"category_clean":"INFUSED FLOWER","units":16,"revenue":295.0,"cost":140.0,"profit":155.0,"discounts":105.0,"margin":52.5,"category_avg_margin":51.79999923706055,"vs_category":0.7,"rank":8.0,"total_brands":8.0},{"category_clean":"ACCESSORY","units":4,"revenue":17.5,"cost":4.950000047683716,"profit":12.549999952316284,"discounts":0.0,"margin":71.69999694824219,"category_avg_margin":61.099998474121094,"vs_category":10.6,"rank":133.0,"total_brands":136.0}],"trend":[{"period":"2024-08","revenue":2343.75,"cost":1090.0,"margin":53.5,"units":94,"transactions":82,"profit":1253.75,"revenue_change_pct":null,"units_change_pct":null,"margin_change_pts":null},{"period":"2024-09","revenue":5459.375,"cost":2595.0,"margin":52.5,"units":204,"transactions":148,"profit":2864.375,"revenue_change_pct":132.9,"units_change_pct":117.0,"margin_change_pts":-1.0},{"period":"2024-10","revenue":7783.75,"cost":3617.5,"margin":53.5,"units":338,"transactions":224,"profit":4166.25,"revenue_change_pct":42.6,"units_change_pct":65.7,"margin_change_pts":1.1},{"period":"2024-11","revenue":13498.125,"cost":7087.5,"margin":47.5,"units":680,"transactions":364,"profit":6410.625,"revenue_change_pct":73.4,"units_change_pct":101.2,"margin_change_pts":-6.0},{"period":"2024-12","revenue":12958.75,"cost":6267.5,"margin":51.6,"units":614,"transactions":372,"profit":6691.25,"revenue_change_pct":-4.0,"units_change_pct":-9.7,"margin_change_pts":4.1},{"period":"2025-01","revenue":10628.3251953125,"cost":4942.5,"margin":53.5,"units":482,"transactions":336,"profit":5685.8251953125,"revenue_change_pct":-18.0,"units_change_pct":-21.5,"margin_change_pts":1.9},{"period":"2025-02","revenue":13296.99951171875,"cost":6117.5,"margin":54.0,"units":596,"transactions":388,"profit":7179.5001220703125,"revenue_change_pct":25.1,"units_change_pct":23.7,"margin_change_pts":0.5},{"period":"2025-03","revenue":14169.124755859375,"cost":6657.5,"margin":53.0,"units":660,"transactions":366,"profit":7511.624755859375,"revenue_change_pct":6.6,"units_change_pct":10.7,"margin_change_pts":-1.0},{"period":"2025-04","revenue":26137.099609375,"cost":15126.25,"margin":42.1,"units":1570,"transactions":868,"profit":11010.849609375,"revenue_change_pct":84.5,"units_change_pct":137.9,"margin_change_pts":-10.9},{"period":"2025-05","revenue":28706.201171875,"cost":13527.5,"margin":52.9,"units":1464,"transactions":1038,"profit":15178.699951171875,"revenue_change_pct":9.8,"units_change_pct":-6.8,"margin_change_pts":10.7},{"period":"2025-06","revenue":42067.94921875,"cost":19483.75,"margin":53.7,"units":2120,"transactions":1344,"profit":22584.19921875,"revenue_change_pct":46.5,"units_change_pct":44.8,"margin_change_pts":0.8},{"period":"2025-07","revenue":44891.5478515625,"cost":20436.25,"margin":54.5,"units":2262,"transactions":1420,"profit":24455.30029296875,"revenue_change_pct":6.7,"units_change_pct":6.7,"margin_change_pts":0.8},{"period":"2025-08","revenue":74519.19921875,"cost":32787.5,"margin":56.0,"units":3666,"transactions":2314,"profit":41731.69921875,"revenue_change_pct":66.0,"units_change_pct":62.1,"margin_change_pts":1.5},{"period":"2025-09","revenue":76122.4267578125,"cost":32767.2998046875,"margin":57.0,"units":3660,"transactions":2388,"profit":43355.126953125,"revenue_change_pct":2.2,"units_change_pct":-0.2,"margin_change_pts":1.0},{"period":"2025-10","revenue":70641.0009765625,"cost":29830.0,"margin":57.8,"units":3362,"transactions":2106,"profit":40811.0009765625,"revenue_change_pct":-7.2,"units_change_pct":-8.1,"margin_change_pts":0.8},{"period":"2025-11","revenue":84376.376953125,"cost":41293.75,"margin":51.1,"units":4652,"transactions":2720,"profit":43082.626953125,"revenue_change_pct":19.4,"units_change_pct":38.4,"margin_change_pts":-6.7},{"period":"2025-12","revenue":88531.474609375,"cost":38643.75,"margin":56.4,"units":4356,"transactions":2510,"profit":49887.724609375,"revenue_change_pct":4.9,"units_change_pct":-6.4,"margin_change_pts":5.3},{"period":"2026-01","revenue":77938.6767578125,"cost":33198.75,"margin":57.4,"units":3740,"transactions":2270,"profit":44739.9267578125,"revenue_change_pct":-12.0,"units_change_pct":-14.1,"margin_change_pts":1.1}],"share_of_category":[{"category":"INFUSED PRE ROLL","brand_revenue":451527.5,"category_revenue":10308101.25,"revenue_share_pct":4.400000095367432,"brand_units":23394,"category_units":488074,"units_share_pct":4.8},{"category":"SYRINGE","brand_revenue":242230.15625,"category_revenue":467399.2578125,"revenue_share_pct":51.79999923706055,"brand_units":11106,"category_units":19216,"units_share_pct":57.8},{"category":"INFUSED FLOWER","brand_revenue":295.0,"category_revenue":515348.203125,"revenue_share_pct":0.10000000149011612,"brand_units":16,"category_units":15824,"units_share_pct":0.1},{"category":"ACCESSORY","brand_revenue":17.5,"category_revenue":4128754.0625,"revenue_share_pct":0.0,"brand_units":4,"category_units":2130096,"units_share_pct":0.0}],"share_of_category_trend":{"INFUSED PRE ROLL":[{"period":"2024-01","brand_revenue":0.0,"category_revenue":410907.8515625,"share_pct":0.0},{"period":"2024-02","brand_revenue":0.0,"category_revenue":458711.484375,"share_pct":0.0},{"period":"2024-03","brand_revenue":0.0,"category_revenue":427464.375,"share_pct":0.0},{"period":"2024-04","brand_revenue":0.0,"category_revenue":428699.9609375,"share_pct":0.0},{"period":"2024-05","brand_revenue":0.0,"category_revenue":501098.3203125,"share_pct":0.0},{"period":"2024-06","brand_revenue":0.0,"category_revenue":477320.78125,"share_pct":0.0},{"period":"2024-07","brand_revenue":0.0,"category_revenue":479382.109375,"share_pct":0.0},{"period":"2024-08","brand_revenue":0.0,"category_revenue":474359.1015625,"share_pct":0.0},{"period":"2024-09","brand_revenue":0.0,"category_revenue":424280.1171875,"share_pct":0.0},{"period":"2024-10","brand_revenue":0.0,"category_revenue":470840.6640625,"share_pct":0.0},{"period":"2024-11","brand_revenue":0.0,"category_revenue":424285.1171875,"share_pct":0.0},{"period":"2024-12","brand_revenue":0.0,"category_revenue":432093.1640625,"share_pct":0.0},{"period":"2025-01","brand_revenue":0.0,"category_revenue":358002.890625,"share_pct":0.0},{"period":"2025-02","brand_revenue":0.0,"category_revenue":325080.17578125,"share_pct":0.0},{"period":"2025-03","brand_revenue":0.0,"category_revenue":347380.078125,"share_pct":0.0},{"period":"2025-04","brand_revenue":8485.325317382812,"category_revenue":401341.40625,"share_pct":2.0999999046325684},{"period":"2025-05","brand_revenue":16829.324951171875,"category_revenue":378076.09375,"share_pct":4.5},{"period":"2025-06","brand_revenue":25849.951171875,"category_revenue":354019.6484375,"share_pct":7.300000190734863},{"period":"2025-07","brand_revenue":29895.47607421875,"category_revenue":416008.203125,"share_pct":7.199999809265137},{"period":"2025-08","brand_revenue":58972.0751953125,"category_revenue":425283.28125,"share_pct":13.899999618530273},{"period":"2025-09","brand_revenue":60725.7763671875,"category_revenue":378313.75,"share_pct":16.100000381469727},{"period":"2025-10","brand_revenue":55620.2734375,"category_revenue":389168.3203125,"share_pct":14.300000190734863},{"period":"2025-11","brand_revenue":66314.1015625,"category_revenue":390541.3671875,"share_pct":17.0},{"period":"2025-12","brand_revenue":69124.6484375,"category_revenue":392812.34375,"share_pct":17.600000381469727},{"period":"2026-01","brand_revenue":59710.5517578125,"category_revenue":342630.7421875,"share_pct":17.399999618530273}],"SYRINGE":[{"period":"2024-01","brand_revenue":0.0,"category_revenue":14333.75,"share_pct":0.0},{"period":"2024-02","brand_revenue":0.0,"category_revenue":19846.624755859375,"share_pct":0.0},{"period":"2024-03","brand_revenue":0.0,"category_revenue":12633.7744140625,"share_pct":0.0},{"period":"2024-04","brand_revenue":0.0,"category_revenue":12415.625,"share_pct":0.0},{"period":"2024-05","brand_revenue":0.0,"category_revenue":19492.249755859375,"share_pct":0.0},{"period":"2024-06","brand_revenue":0.0,"category_revenue":12967.62451171875,"share_pct":0.0},{"period":"2024-07","brand_revenue":0.0,"category_revenue":20005.999755859375,"share_pct":0.0},{"period":"2024-08","brand_revenue":2343.75,"category_revenue":20173.074951171875,"share_pct":11.600000381469727},{"period":"2024-09","brand_revenue":5459.375,"category_revenue":21770.12451171875,"share_pct":25.100000381469727},{"period":"2024-10","brand_revenue":7783.75,"category_revenue":17178.75,"share_pct":45.29999923706055},{"period":"2024-11","brand_revenue":13498.125,"category_revenue":21491.0009765625,"share_pct":62.79999923706055},{"period":"2024-12","brand_revenue":12958.75,"category_revenue":21944.7509765625,"share_pct":59.099998474121094},{"period":"2025-01","brand_revenue":10628.3251953125,"category_revenue":22881.10107421875,"share_pct":46.5},{"period":"2025-02","brand_revenue":13296.99951171875,"category_revenue":17829.87548828125,"share_pct":74.5999984741211},{"period":"2025-03","brand_revenue":14169.124755859375,"category_revenue":18932.62451171875,"share_pct":74.80000305175781},{"period":"2025-04","brand_revenue":17651.77490234375,"category_revenue":21586.77490234375,"share_pct":81.80000305175781},{"period":"2025-05","brand_revenue":11876.875,"category_revenue":15132.874755859375,"share_pct":78.5},{"period":"2025-06","brand_revenue":16218.00048828125,"category_revenue":20116.99951171875,"share_pct":80.5999984741211},{"period":"2025-07","brand_revenue":14996.075439453125,"category_revenue":16304.07470703125,"share_pct":92.0},{"period":"2025-08","brand_revenue":15482.125244140625,"category_revenue":18957.750244140625,"share_pct":81.69999694824219},{"period":"2025-09","brand_revenue":15379.150390625,"category_revenue":19922.774658203125,"share_pct":77.19999694824219},{"period":"2025-10","brand_revenue":15020.72509765625,"category_revenue":21978.7255859375,"share_pct":68.30000305175781},{"period":"2025-11","brand_revenue":18062.275390625,"category_revenue":21050.10009765625,"share_pct":85.80000305175781},{"period":"2025-12","brand_revenue":19406.824951171875,"category_revenue":19579.324951171875,"share_pct":99.0999984741211},{"period":"2026-01","brand_revenue":17998.125,"category_revenue":18872.900390625,"share_pct":95.4000015258789}],"INFUSED FLOWER":[{"period":"2024-01","brand_revenue":0.0,"category_revenue":6570.250244140625,"share_pct":0.0},{"period":"2024-02","brand_revenue":0.0,"category_revenue":18343.62548828125,"share_pct":0.0},{"period":"2024-03","brand_revenue":0.0,"category_revenue":31018.3251953125,"share_pct":0.0},{"period":"2024-04","brand_revenue":0.0,"category_revenue":31596.826171875,"share_pct":0.0},{"period":"2024-05","brand_revenue":0.0,"category_revenue":21558.80126953125,"share_pct":0.0},{"period":"2024-06","brand_revenue":0.0,"category_revenue":24545.30029296875,"share_pct":0.0},{"period":"2024-07","brand_revenue":0.0,"category_revenue":16913.00048828125,"share_pct":0.0},{"period":"2024-08","brand_revenue":0.0,"category_revenue":16608.499755859375,"share_pct":0.0},{"period":"2024-09","brand_revenue":0.0,"category_revenue":19893.62548828125,"share_pct":0.0},{"period":"2024-10","brand_revenue":0.0,"category_revenue":17213.175048828125,"share_pct":0.0},{"period":"2024-11","brand_revenue":0.0,"category_revenue":15249.375,"share_pct":0.0},{"period":"2024-12","brand_revenue":0.0,"category_revenue":9560.999755859375,"share_pct":0.0},{"period":"2025-01","brand_revenue":0.0,"category_revenue":10154.500122070312,"share_pct":0.0},{"period":"2025-02","brand_revenue":0.0,"category_revenue":14429.625244140625,"share_pct":0.0},{"period":"2025-03","brand_revenue":0.0,"category_revenue":16804.69970703125,"share_pct":0.0},{"period":"2025-04","brand_revenue":0.0,"category_revenue":27190.70068359375,"share_pct":0.0},{"period":"2025-05","brand_revenue":0.0,"category_revenue":24856.12548828125,"share_pct":0.0},{"period":"2025-06","brand_revenue":0.0,"category_revenue":28754.82421875,"share_pct":0.0},{"period":"2025-07","brand_revenue":0.0,"category_revenue":26952.2998046875,"share_pct":0.0},{"period":"2025-08","brand_revenue":65.0,"category_revenue":33438.67431640625,"share_pct":0.20000000298023224},{"period":"2025-09","brand_revenue":0.0,"category_revenue":38734.65087890625,"share_pct":0.0},{"period":"2025-10","brand_revenue":0.0,"category_revenue":22947.39990234375,"share_pct":0.0},{"period":"2025-11","brand_revenue":0.0,"category_revenue":15945.4248046875,"share_pct":0.0},{"period":"2025-12","brand_revenue":0.0,"category_revenue":9305.8251953125,"share_pct":0.0},{"period":"2026-01","brand_revenue":230.0,"category_revenue":16761.624755859375,"share_pct":1.399999976158142}],"ACCESSORY":[{"period":"2024-01","brand_revenue":0.0,"category_revenue":153543.9453125,"share_pct":0.0},{"period":"2024-02","brand_revenue":0.0,"category_revenue":152399.47265625,"share_pct":0.0},{"period":"2024-03","brand_revenue":0.0,"category_revenue":154678.876953125,"share_pct":0.0},{"period":"2024-04","brand_revenue":0.0,"category_revenue":163353.65234375,"share_pct":0.0},{"period":"2024-05","brand_revenue":0.0,"category_revenue":179676.4453125,"share_pct":0.0},{"period":"2024-06","brand_revenue":0.0,"category_revenue":185008.828125,"share_pct":0.0},{"period":"2024-07","brand_revenue":0.0,"category_revenue":186675.46875,"share_pct":0.0},{"period":"2024-08","brand_revenue":0.0,"category_revenue":180226.328125,"share_pct":0.0},{"period":"2024-09","brand_revenue":0.0,"category_revenue":162386.298828125,"share_pct":0.0},{"period":"2024-10","brand_revenue":0.0,"category_revenue":166088.73046875,"share_pct":0.0},{"period":"2024-11","brand_revenue":0.0,"category_revenue":171706.09375,"share_pct":0.0},{"period":"2024-12","brand_revenue":0.0,"category_revenue":176502.03125,"share_pct":0.0},{"period":"2025-01","brand_revenue":0.0,"category_revenue":167261.34765625,"share_pct":0.0},{"period":"2025-02","brand_revenue":0.0,"category_revenue":155260.927734375,"share_pct":0.0},{"period":"2025-03","brand_revenue":0.0,"category_revenue":176420.390625,"share_pct":0.0},{"period":"2025-04","brand_revenue":0.0,"category_revenue":182694.82421875,"share_pct":0.0},{"period":"2025-05","brand_revenue":0.0,"category_revenue":179904.4921875,"share_pct":0.0},{"period":"2025-06","brand_revenue":0.0,"category_revenue":161148.75,"share_pct":0.0},{"period":"2025-07","brand_revenue":0.0,"category_revenue":165549.8046875,"share_pct":0.0},{"period":"2025-08","brand_revenue":0.0,"category_revenue":171752.05078125,"share_pct":0.0},{"period":"2025-09","brand_revenue":17.5,"category_revenue":168198.9453125,"share_pct":0.0},{"period":"2025-10","brand_revenue":0.0,"category_revenue":171844.55078125,"share_pct":0.0},{"period":"2025-11","brand_revenue":0.0,"category_revenue":172839.74609375,"share_pct":0.0},{"period":"2025-12","brand_revenue":0.0,"category_revenue":141954.873046875,"share_pct":0.0},{"period":"2026-01","brand_revenue":0.0,"category_revenue":81677.1484375,"share_pct":0.0}]},"discount_depth":[{"tier":"0% (Full Price)","transactions":8620,"pct_of_transactions":30.9,"revenue":249332.5,"avg_discount":0.0},{"tier":"1-10%","transactions":2326,"pct_of_transactions":8.3,"revenue":68334.052734375,"avg_discount":18.799999237060547},{"tier":"11-20%","transactions":3118,"pct_of_transactions":11.2,"revenue":85728.37890625,"avg_discount":34.400001525878906},{"tier":"21-30%","transactions":890,"pct_of_transactions":3.2,"revenue":26577.75146484375,"avg_discount":50.20000076293945},{"tier":"31%+","transactions":2906,"pct_of_transactions":10.4,"revenue":51059.4775390625,"avg_discount":96.4000015258789}],"velocity":{"units_per_day":64.52,"revenue_per_day":1297.3249816894531,"avg_units_per_txn":3.24,"days_of_data":535,"total_units":34520,"total_transactions":21258},"velocity_by_category":[{"category":"SYRINGE","brand_units_per_day":14.58,"category_avg_units_per_day":6.3,"velocity_index":231.2,"brand_rev_per_unit":17.45,"category_rev_per_unit":19.46,"brands_in_category":4},{"category":"INFUSED PRE ROLL","brand_units_per_day":30.7,"category_avg_units_per_day":25.62,"velocity_index":119.8,"brand_rev_per_unit":15.44,"category_rev_per_unit":16.9,"brands_in_category":25},{"category":"INFUSED FLOWER","brand_units_per_day":0.02,"category_avg_units_per_day":2.6,"velocity_index":0.8,"brand_rev_per_unit":14.75,"category_rev_per_unit":26.05,"brands_in_category":8},{"category":"ACCESSORY","brand_units_per_day":0.0,"category_avg_units_per_day":20.56,"velocity_index":0.0,"brand_rev_per_unit":3.5,"category_rev_per_unit":1.55,"brands_in_category":136}],"deals":[{"deal_name":"Industry 30% Off","times_used":3852,"units":7103.0,"revenue":122403.78802776337,"discounts":53346.21268391609,"cost":62998.60000014305,"profit":59405.1873164624,"pre_discount_revenue":175750.0,"margin":48.5,"avg_discount":60.8},{"deal_name":"Lit4Less - 1g IPR - 3 for $50","times_used":1480,"units":3506.0,"revenue":72820.474421978,"discounts":13329.524881243706,"cost":30677.5,"profit":42142.9743668437,"pre_discount_revenue":86150.0,"margin":57.9,"avg_discount":31.0},{"deal_name":"Industry - 30% Off","times_used":864,"units":1356.0,"revenue":24772.50008583069,"discounts":10702.500023841858,"cost":13873.75,"profit":10898.749976158142,"pre_discount_revenue":35475.0,"margin":44.0,"avg_discount":60.4},{"deal_name":"50% Off - G2B","times_used":682,"units":1439.3333333333333,"revenue":18172.541667620342,"discounts":18348.29166809718,"cost":12791.041666666668,"profit":5381.500000059605,"pre_discount_revenue":36520.833333333336,"margin":29.6,"avg_discount":100.4},{"deal_name":"Veterans - 10% Off","times_used":656,"units":850.6666666666666,"revenue":19116.541804472607,"discounts":2265.124990940094,"cost":7742.7333339055385,"profit":11373.808303227026,"pre_discount_revenue":21381.666666666664,"margin":59.5,"avg_discount":21.2},{"deal_name":"Jackpot - Locals 30% Off","times_used":632,"units":956.0,"revenue":17154.250037670135,"discounts":7405.750025510788,"cost":8768.75,"profit":8385.499976873398,"pre_discount_revenue":24560.0,"margin":48.9,"avg_discount":60.4},{"deal_name":"Employee 30% - NOT FRIDAYS","times_used":596,"units":836.0,"revenue":14235.275128185749,"discounts":6438.475030660629,"cost":7585.625,"profit":6649.64996740222,"pre_discount_revenue":20673.75,"margin":46.7,"avg_discount":62.2},{"deal_name":"Senior - 10% Off","times_used":596,"units":996.6666666666666,"revenue":23260.76673666636,"discounts":2637.5666612386703,"cost":9282.975000143051,"profit":13977.7916487058,"pre_discount_revenue":25898.333333333336,"margin":60.1,"avg_discount":20.4},{"deal_name":"4/20 2025 - Flower / Infused","times_used":314,"units":648.0,"revenue":8179.387500286102,"discounts":8225.612502098083,"cost":6266.25,"profit":1913.137500360608,"pre_discount_revenue":16405.0,"margin":23.4,"avg_discount":100.2},{"deal_name":"Senior / Veterans - 20% Off","times_used":306,"units":627.3333333333334,"revenue":12653.908313115437,"discounts":3189.424993594487,"cost":5725.0,"profit":6928.908356428146,"pre_discount_revenue":15843.333333333332,"margin":54.8,"avg_discount":40.2},{"deal_name":"Employee - 40% OFF","times_used":286,"units":470.0,"revenue":7139.000034332275,"discounts":4800.999970436096,"cost":4332.5,"profit":2806.499989628792,"pre_discount_revenue":11940.0,"margin":39.3,"avg_discount":80.4},{"deal_name":"30% Off Special","times_used":212,"units":282.0,"revenue":5488.624973297119,"discounts":2401.374988555908,"cost":2827.5,"profit":2661.125011444092,"pre_discount_revenue":7890.0,"margin":48.5,"avg_discount":60.8},{"deal_name":"LVAC - 25% Off","times_used":204,"units":626.0,"revenue":11731.875,"discounts":3910.625,"cost":5867.5,"profit":5864.375,"pre_discount_revenue":15642.5,"margin":50.0,"avg_discount":50.0},{"deal_name":"GW - 50% Off Topicals / Tinctures / RSO / Tablets","times_used":88,"units":208.0,"revenue":2662.5,"discounts":2662.5,"cost":2130.0,"profit":532.5,"pre_discount_revenue":5325.0,"margin":20.0,"avg_discount":100.0},{"deal_name":"Store Credit - $25","times_used":70,"units":89.66666666666667,"revenue":1201.8541649977365,"discounts":1087.7291699250538,"cost":793.3333333333333,"profit":408.52083320419,"pre_discount_revenue":2289.5833333333335,"margin":34.0,"avg_discount":95.0},{"deal_name":"Store Credit - $15","times_used":58,"units":53.0,"revenue":646.5708359082539,"discounts":682.5958347320557,"cost":469.375,"profit":177.19583074251813,"pre_discount_revenue":1329.1666666666665,"margin":27.4,"avg_discount":102.8},{"deal_name":"4/20 2025 - Vapes","times_used":20,"units":32.0,"revenue":435.7124996185303,"discounts":381.7875003814697,"cost":303.75,"profit":131.9624999910593,"pre_discount_revenue":817.5,"margin":30.3,"avg_discount":93.4},{"deal_name":"Reno - Early Bird - Senior / Veterans - 20%","times_used":18,"units":30.0,"revenue":620.0,"discounts":155.0,"cost":270.0,"profit":350.0,"pre_discount_revenue":775.0,"margin":56.5,"avg_discount":40.0},{"deal_name":"Store Credit - $50","times_used":16,"units":21.0,"revenue":148.01249891519547,"discounts":376.98749899864197,"cost":183.75,"profit":-35.737501084804535,"pre_discount_revenue":525.0,"margin":-24.1,"avg_discount":143.6},{"deal_name":"Main St Happy Hour - 25% Off","times_used":10,"units":12.0,"revenue":225.0,"discounts":75.0,"cost":105.0,"profit":120.0,"pre_discount_revenue":300.0,"margin":53.3,"avg_discount":50.0},{"deal_name":"Presidential / Karma / ROVE / Dogwalkers - 1g IPR 3 for $50","times_used":10,"units":28.0,"revenue":583.0999946594238,"discounts":46.90000116825104,"cost":245.0,"profit":338.0999946594238,"pre_discount_revenue":630.0,"margin":58.0,"avg_discount":14.8},{"deal_name":"Sammy Davis Early Bird - 15% Off","times_used":10,"units":12.0,"revenue":265.625,"discounts":46.875,"cost":108.75,"profit":156.875,"pre_discount_revenue":312.5,"margin":59.1,"avg_discount":30.0},{"deal_name":"Store Credit - $75","times_used":8,"units":11.333333333333332,"revenue":84.14166847864786,"discounts":199.19166723887122,"cost":101.66666666666669,"profit":-17.52500057220459,"pre_discount_revenue":283.33333333333337,"margin":-20.8,"avg_discount":140.6},{"deal_name":"Store Credit - $100","times_used":4,"units":4.0,"revenue":43.424999713897705,"discounts":56.575000286102295,"cost":35.0,"profit":8.424999713897705,"pre_discount_revenue":100.0,"margin":19.4,"avg_discount":113.2},{"deal_name":"Medical - 10%","times_used":4,"units":8.0,"revenue":180.0,"discounts":20.0,"cost":72.5,"profit":107.5,"pre_discount_revenue":200.0,"margin":59.7,"avg_discount":20.0},{"deal_name":"Senior Sunday - RENO ONLY - 20% Off","times_used":2,"units":4.0,"revenue":80.0,"discounts":20.0,"cost":40.0,"profit":40.0,"pre_discount_revenue":100.0,"margin":50.0,"avg_discount":40.0}],"top_products":[{"product":"REST INDICA RSO - KARMA","units":3660,"revenue":75741.6259765625,"cost":35393.75,"profit":40347.8759765625,"transactions":2456,"margin":53.29999923706055},{"product":"1:1:4 CBN/CBG/THC CALM RSO - KARMA","units":2370,"revenue":57316.0498046875,"cost":25127.5,"profit":32188.5498046875,"transactions":1724,"margin":56.20000076293945},{"product":"ENERGY SATIVA RSO - KARMA","units":2544,"revenue":51361.298828125,"cost":24721.25,"profit":26640.048828125,"transactions":1658,"margin":51.900001525878906},{"product":"1:1 CBD/THC RECOVERY RSO - KARMA","units":1830,"revenue":40818.04931640625,"cost":17913.75,"profit":22904.29931640625,"transactions":1382,"margin":56.099998474121094},{"product":"TWISTED CITRUS HONEY ROLL - KARMA","units":1418,"revenue":26181.826171875,"cost":12407.5,"profit":13774.324951171875,"transactions":1192,"margin":52.599998474121094},{"product":"PINEAPPLE UPSIDE DOWN CAKE HONEY ROLL - KARMA","units":1232,"revenue":23228.5009765625,"cost":10780.0,"profit":12448.499755859375,"transactions":1046,"margin":53.599998474121094},{"product":"GUAVA COOLER HONEY ROLL - KARMA","units":896,"revenue":18249.05029296875,"cost":7840.0,"profit":10409.05029296875,"transactions":744,"margin":57.0},{"product":"WHITE PINEAPPLE HONEY ROLL - KARMA","units":892,"revenue":17839.7998046875,"cost":7805.0,"profit":10034.7998046875,"transactions":752,"margin":56.20000076293945},{"product":"WATERMELON Z HONEY ROLL - KARMA","units":890,"revenue":17188.00048828125,"cost":7787.5,"profit":9400.499877929688,"transactions":724,"margin":54.70000076293945},{"product":"SOUR MANGO HONEY ROLL - KARMA","units":802,"revenue":16516.949462890625,"cost":7017.5,"profit":9499.450073242188,"transactions":706,"margin":57.5},{"product":"LEMON CHERRY GELATO HONEY ROLL - KARMA","units":708,"revenue":14047.275390625,"cost":6195.0,"profit":7852.2747802734375,"transactions":624,"margin":55.900001525878906},{"product":"LEMON CHERRY SHERB HONEY ROLL - KARMA","units":694,"revenue":12441.55029296875,"cost":6072.5,"profit":6369.0496826171875,"transactions":604,"margin":51.20000076293945},{"product":"GARLIC ICING HONEY ROLL - KARMA","units":642,"revenue":12390.32470703125,"cost":5617.5,"profit":6772.82470703125,"transactions":552,"margin":54.70000076293945},{"product":"BERRY GELATO HONEY ROLL - KARMA","units":650,"revenue":12377.249755859375,"cost":5687.5,"profit":6689.749755859375,"transactions":548,"margin":54.0},{"product":"SOUR PINEAPPLE HONEY ROLL - KARMA","units":554,"revenue":10900.374755859375,"cost":4847.5,"profit":6052.874755859375,"transactions":488,"margin":55.5},{"product":"SATIVA RSO - KARMA","units":414,"revenue":10780.625,"cost":4108.75,"profit":6671.875,"transactions":318,"margin":61.900001525878906},{"product":"PINK PINEAPPLE HONEY ROLL - KARMA","units":546,"revenue":10563.64990234375,"cost":4777.5,"profit":5786.14990234375,"transactions":490,"margin":54.79999923706055},{"product":"PANCAKE BREATH HONEY ROLL - KARMA","units":490,"revenue":10416.175537109375,"cost":4412.5,"profit":6003.6749267578125,"transactions":424,"margin":57.599998474121094},{"product":"HUCKLEBERRY HAZE HONEY ROLL - KARMA","units":548,"revenue":9940.050048828125,"cost":4795.0,"profit":5145.050048828125,"transactions":462,"margin":51.79999923706055},{"product":"SOUR APPLE HONEY ROLL - KARMA","units":496,"revenue":9881.549682617188,"cost":4340.0,"profit":5541.5496826171875,"transactions":430,"margin":56.099998474121094},{"product":"PINK RUNTZ HONEY ROLL - KARMA","units":494,"revenue":9805.0,"cost":4322.5,"profit":5482.5,"transactions":412,"margin":55.900001525878906},{"product":"SUPREME WARHEAD HONEY ROLL - KARMA","units":498,"revenue":9774.550170898438,"cost":4357.5,"profit":5417.0501708984375,"transactions":442,"margin":55.400001525878906},{"product":"WATERMELON PUNCH HONEY ROLL - KARMA","units":496,"revenue":9641.649780273438,"cost":4340.0,"profit":5301.6497802734375,"transactions":420,"margin":55.0},{"product":"CAPTAIN CRUNCH HONEY ROLL - KARMA","units":496,"revenue":9586.77490234375,"cost":4340.0,"profit":5246.77490234375,"transactions":422,"margin":54.70000076293945},{"product":"EKTO COOLER HONEY ROLL - KARMA","units":498,"revenue":9539.349975585938,"cost":4357.5,"profit":5181.8499755859375,"transactions":430,"margin":54.29999923706055}],"products_by_store":{"Elevation Springs":[{"product":"REST INDICA RSO - KARMA","units":782,"revenue":16800.625,"cost":7581.25,"profit":9219.375,"transactions":494,"margin":54.900001525878906},{"product":"1:1:4 CBN/CBG/THC CALM RSO - KARMA","units":448,"revenue":10887.750244140625,"cost":4788.75,"profit":6099.000244140625,"transactions":370,"margin":56.0},{"product":"ENERGY SATIVA RSO - KARMA","units":454,"revenue":8965.0,"cost":4426.25,"profit":4538.75,"transactions":250,"margin":50.599998474121094},{"product":"1:1 CBD/THC RECOVERY RSO - KARMA","units":364,"revenue":8415.0,"cost":3538.75,"profit":4876.25,"transactions":308,"margin":57.900001525878906},{"product":"TWISTED CITRUS HONEY ROLL - KARMA","units":334,"revenue":6522.025146484375,"cost":2922.5,"profit":3599.5248413085938,"transactions":284,"margin":55.20000076293945},{"product":"PINEAPPLE UPSIDE DOWN CAKE HONEY ROLL - KARMA","units":296,"revenue":5770.8502197265625,"cost":2590.0,"profit":3180.8499145507812,"transactions":242,"margin":55.099998474121094},{"product":"SOUR APPLE HONEY ROLL - KARMA","units":200,"revenue":4093.3499145507812,"cost":1750.0,"profit":2343.3499145507812,"transactions":160,"margin":57.20000076293945},{"product":"SUPREME WARHEAD HONEY ROLL - KARMA","units":198,"revenue":4026.7001342773438,"cost":1732.5,"profit":2294.199981689453,"transactions":172,"margin":57.0},{"product":"LEMON CHERRY COOKIES HONEY ROLL - KARMA","units":200,"revenue":3978.4500122070312,"cost":1750.0,"profit":2228.4500122070312,"transactions":166,"margin":56.0},{"product":"HUCKLEBERRY HAZE HONEY ROLL - KARMA","units":200,"revenue":3619.7500610351562,"cost":1750.0,"profit":1869.7500610351562,"transactions":164,"margin":51.70000076293945},{"product":"LEMON CHERRY SHERB HONEY ROLL - KARMA","units":198,"revenue":3499.2001342773438,"cost":1732.5,"profit":1766.6999816894531,"transactions":164,"margin":50.5},{"product":"LEMON CHERRY GELATO HONEY ROLL - KARMA","units":170,"revenue":3494.1000366210938,"cost":1487.5,"profit":2006.6000366210938,"transactions":140,"margin":57.400001525878906},{"product":"PANCAKE BREATH HONEY ROLL - KARMA","units":166,"revenue":3312.2000122070312,"cost":1452.5,"profit":1859.7000122070312,"transactions":142,"margin":56.099998474121094},{"product":"SOUR MANGO HONEY ROLL - KARMA","units":150,"revenue":3235.8499145507812,"cost":1312.5,"profit":1923.3500671386719,"transactions":138,"margin":59.400001525878906},{"product":"GUAVA COOLER HONEY ROLL - KARMA","units":150,"revenue":3150.2249145507812,"cost":1312.5,"profit":1837.7250671386719,"transactions":136,"margin":58.29999923706055}],"Elevation Mesa":[{"product":"REST INDICA RSO - KARMA","units":696,"revenue":13867.900390625,"cost":6713.75,"profit":7154.1497802734375,"transactions":508,"margin":51.599998474121094},{"product":"1:1:4 CBN/CBG/THC CALM RSO - KARMA","units":420,"revenue":9848.125,"cost":4405.0,"profit":5443.125,"transactions":288,"margin":55.29999923706055},{"product":"ENERGY SATIVA RSO - KARMA","units":412,"revenue":8017.249755859375,"cost":4018.75,"profit":3998.5000610351562,"transactions":322,"margin":49.900001525878906},{"product":"TWISTED CITRUS HONEY ROLL - KARMA","units":398,"revenue":7190.050048828125,"cost":3482.5,"profit":3707.550048828125,"transactions":330,"margin":51.599998474121094},{"product":"PINEAPPLE UPSIDE DOWN CAKE HONEY ROLL - KARMA","units":296,"revenue":5468.1500244140625,"cost":2590.0,"profit":2878.1500244140625,"transactions":246,"margin":52.599998474121094},{"product":"1:1 CBD/THC RECOVERY RSO - KARMA","units":260,"revenue":5108.75,"cost":2568.75,"profit":2540.0,"transactions":190,"margin":49.70000076293945},{"product":"GUAVA COOLER HONEY ROLL - KARMA","units":200,"revenue":4200.5499267578125,"cost":1750.0,"profit":2450.5499267578125,"transactions":172,"margin":58.29999923706055},{"product":"WHITE PINEAPPLE HONEY ROLL - KARMA","units":200,"revenue":4128.64990234375,"cost":1750.0,"profit":2378.6500549316406,"transactions":184,"margin":57.599998474121094},{"product":"HUCKLEBERRY HAZE HONEY ROLL - KARMA","units":200,"revenue":3777.2500610351562,"cost":1750.0,"profit":2027.2500610351562,"transactions":168,"margin":53.70000076293945},{"product":"WATERMELON Z HONEY ROLL - KARMA","units":198,"revenue":3769.2001342773438,"cost":1732.5,"profit":2036.6999816894531,"transactions":156,"margin":54.0},{"product":"CEREAL MILK HONEY ROLL - KARMA","units":200,"revenue":3664.0499877929688,"cost":1750.0,"profit":1914.0499877929688,"transactions":192,"margin":52.20000076293945},{"product":"LEMON CHERRY SHERB HONEY ROLL - KARMA","units":200,"revenue":3586.4248657226562,"cost":1750.0,"profit":1836.4250183105469,"transactions":190,"margin":51.20000076293945},{"product":"SOUR LEMON MOCHI HONEY ROLL - KARMA","units":152,"revenue":3237.8750610351562,"cost":1330.0,"profit":1907.8750610351562,"transactions":122,"margin":58.900001525878906},{"product":"GARLIC ICING HONEY ROLL - KARMA","units":150,"revenue":3132.9501342773438,"cost":1312.5,"profit":1820.4499816894531,"transactions":124,"margin":58.099998474121094},{"product":"BLUEBERRY BANANA MINTZ HONEY ROLL - KARMA","units":150,"revenue":3125.2999877929688,"cost":1312.5,"profit":1812.7999877929688,"transactions":120,"margin":58.0}],"Elevation Oasis":[{"product":"1:1:4 CBN/CBG/THC CALM RSO - KARMA","units":744,"revenue":19207.874755859375,"cost":7597.5,"profit":11610.374755859375,"transactions":510,"margin":60.400001525878906},{"product":"REST INDICA RSO - KARMA","units":872,"revenue":18427.5,"cost":8391.25,"profit":10036.25,"transactions":518,"margin":54.5},{"product":"1:1 CBD/THC RECOVERY RSO - KARMA","units":596,"revenue":14927.5,"cost":5776.25,"profit":9151.25,"transactions":410,"margin":61.29999923706055},{"product":"ENERGY SATIVA RSO - KARMA","units":532,"revenue":11888.050537109375,"cost":5070.0,"profit":6818.0499267578125,"transactions":380,"margin":57.400001525878906},{"product":"SATIVA RSO - KARMA","units":218,"revenue":6177.5,"cost":2148.75,"profit":4028.75,"transactions":160,"margin":65.19999694824219},{"product":"WHITE PINEAPPLE HONEY ROLL - KARMA","units":200,"revenue":3957.9000854492188,"cost":1750.0,"profit":2207.899932861328,"transactions":154,"margin":55.79999923706055},{"product":"GUAVA COOLER HONEY ROLL - KARMA","units":198,"revenue":3906.14990234375,"cost":1732.5,"profit":2173.6500549316406,"transactions":152,"margin":55.599998474121094},{"product":"SOUR PINEAPPLE HONEY ROLL - KARMA","units":200,"revenue":3709.5498657226562,"cost":1750.0,"profit":1959.5500183105469,"transactions":180,"margin":52.79999923706055},{"product":"BERRY GELATO HONEY ROLL - KARMA","units":200,"revenue":3687.3251342773438,"cost":1750.0,"profit":1937.3249816894531,"transactions":170,"margin":52.5},{"product":"LEMON CHERRY GELATO HONEY ROLL - KARMA","units":200,"revenue":3675.9500122070312,"cost":1750.0,"profit":1925.9500122070312,"transactions":178,"margin":52.400001525878906},{"product":"GARLIC ICING HONEY ROLL - KARMA","units":192,"revenue":3429.8001098632812,"cost":1680.0,"profit":1749.7999572753906,"transactions":180,"margin":51.0},{"product":"SOUR MANGO HONEY ROLL - KARMA","units":150,"revenue":2825.8248901367188,"cost":1312.5,"profit":1513.3250427246094,"transactions":126,"margin":53.599998474121094},{"product":"WATERMELON Z HONEY ROLL - KARMA","units":148,"revenue":2792.2000122070312,"cost":1295.0,"profit":1497.2000122070312,"transactions":126,"margin":53.599998474121094},{"product":"TWISTED CITRUS HONEY ROLL - KARMA","units":150,"revenue":2582.5,"cost":1312.5,"profit":1270.0,"transactions":140,"margin":49.20000076293945},{"product":"PANCAKE BREATH HONEY ROLL - KARMA","units":116,"revenue":2544.499969482422,"cost":1015.0,"profit":1529.4999694824219,"transactions":104,"margin":60.099998474121094}],"Elevation Downtown":[{"product":"PINK RUNTZ HONEY ROLL - KARMA","units":50,"revenue":1068.0500030517578,"cost":437.5,"profit":630.5500030517578,"transactions":44,"margin":59.0},{"product":"LEMON THAI HONEY ROLL - KARMA","units":50,"revenue":1065.5999755859375,"cost":437.5,"profit":628.1000137329102,"transactions":50,"margin":58.900001525878906},{"product":"EKTO COOLER HONEY ROLL - KARMA","units":50,"revenue":1041.449966430664,"cost":437.5,"profit":603.9500045776367,"transactions":50,"margin":58.0},{"product":"CAPTAIN CRUNCH HONEY ROLL - KARMA","units":50,"revenue":1025.0499725341797,"cost":437.5,"profit":587.5500106811523,"transactions":50,"margin":57.29999923706055},{"product":"PINK PINEAPPLE HONEY ROLL - KARMA","units":50,"revenue":1022.9000091552734,"cost":437.5,"profit":585.4000091552734,"transactions":48,"margin":57.20000076293945},{"product":"WATERMELON PUNCH HONEY ROLL - KARMA","units":50,"revenue":970.5500030517578,"cost":437.5,"profit":533.0500030517578,"transactions":50,"margin":54.900001525878906},{"product":"BLUEBERRY BANANA MINTZ HONEY ROLL - KARMA","units":50,"revenue":959.0000152587891,"cost":437.5,"profit":521.5000152587891,"transactions":42,"margin":54.400001525878906},{"product":"SOUR APPLE BISCOTTI HONEY ROLL - KARMA","units":50,"revenue":923.1999969482422,"cost":437.5,"profit":485.6999969482422,"transactions":40,"margin":52.599998474121094},{"product":"LEMON CHEESECAKE HONEY ROLL - KARMA","units":50,"revenue":868.2499694824219,"cost":437.5,"profit":430.75000762939453,"transactions":44,"margin":49.599998474121094},{"product":"SOUR GRAPE HONEY ROLL - KARMA","units":32,"revenue":637.3500061035156,"cost":280.0,"profit":357.3500061035156,"transactions":28,"margin":56.099998474121094},{"product":"LEMON CHERRY GELATO HONEY ROLL - KARMA","units":10,"revenue":210.0,"cost":87.5,"profit":122.5,"transactions":10,"margin":58.29999923706055},{"product":"SOUR PINEAPPLE HONEY ROLL - KARMA","units":6,"revenue":116.64999961853027,"cost":52.5,"profit":64.14999961853027,"transactions":6,"margin":55.0}],"Elevation Midtown":[{"product":"REST INDICA RSO - KARMA","units":358,"revenue":7633.7750244140625,"cost":3480.0,"profit":4153.7750244140625,"transactions":270,"margin":54.400001525878906},{"product":"ENERGY SATIVA RSO - KARMA","units":254,"revenue":5312.5,"cost":2471.25,"profit":2841.25,"transactions":184,"margin":53.5},{"product":"1:1:4 CBN/CBG/THC CALM RSO - KARMA","units":232,"revenue":5227.80029296875,"cost":2581.25,"profit":2646.5499877929688,"transactions":180,"margin":50.599998474121094},{"product":"1:1 CBD/THC RECOVERY RSO - KARMA","units":172,"revenue":3531.25,"cost":1706.25,"profit":1825.0,"transactions":114,"margin":51.70000076293945},{"product":"PANCAKE BREATH HONEY ROLL - KARMA","units":150,"revenue":3285.2999877929688,"cost":1437.5,"profit":1847.7999877929688,"transactions":130,"margin":56.20000076293945},{"product":"GUAVA COOLER HONEY ROLL - KARMA","units":148,"revenue":3072.1749877929688,"cost":1295.0,"profit":1777.1749877929688,"transactions":128,"margin":57.79999923706055},{"product":"WHITE PINEAPPLE HONEY ROLL - KARMA","units":150,"revenue":3046.4248657226562,"cost":1312.5,"profit":1733.9250183105469,"transactions":130,"margin":56.900001525878906},{"product":"WATERMELON DREAM HONEY ROLL - KARMA","units":102,"revenue":2371.6749572753906,"cost":999.8500061035156,"profit":1371.824951171875,"transactions":94,"margin":57.79999923706055},{"product":"SOUR MANGO HONEY ROLL - KARMA","units":100,"revenue":2318.3250427246094,"cost":875.0,"profit":1443.3250427246094,"transactions":86,"margin":62.29999923706055},{"product":"HUCKLEBERRY SODA HONEY ROLL - KARMA","units":100,"revenue":2250.0,"cost":1000.0,"profit":1250.0,"transactions":92,"margin":55.599998474121094},{"product":"SOUR LEMON MOCHI HONEY ROLL - KARMA","units":100,"revenue":2230.850067138672,"cost":1000.0,"profit":1230.8499908447266,"transactions":88,"margin":55.20000076293945},{"product":"GARLIC ICING HONEY ROLL - KARMA","units":100,"revenue":2188.524932861328,"cost":875.0,"profit":1313.5249328613281,"transactions":86,"margin":60.0},{"product":"WATERMELON Z HONEY ROLL - KARMA","units":100,"revenue":2070.449981689453,"cost":875.0,"profit":1195.4499816894531,"transactions":70,"margin":57.70000076293945},{"product":"PINK PINEAPPLE HONEY ROLL - KARMA","units":100,"revenue":2065.9500122070312,"cost":875.0,"profit":1190.9500122070312,"transactions":94,"margin":57.599998474121094},{"product":"BERRY GELATO HONEY ROLL - KARMA","units":100,"revenue":2010.2499389648438,"cost":875.0,"profit":1135.250015258789,"transactions":82,"margin":56.5}],"Elevation Boulevard":[{"product":"ENERGY SATIVA RSO - KARMA","units":538,"revenue":10268.499755859375,"cost":5275.0,"profit":4993.500061035156,"transactions":308,"margin":48.599998474121094},{"product":"REST INDICA RSO - KARMA","units":506,"revenue":9903.074951171875,"cost":4902.5,"profit":5000.574951171875,"transactions":410,"margin":50.5},{"product":"1:1:4 CBN/CBG/THC CALM RSO - KARMA","units":306,"revenue":6840.250244140625,"cost":3317.5,"profit":3522.7499389648438,"transactions":256,"margin":51.5},{"product":"PINEAPPLE UPSIDE DOWN CAKE HONEY ROLL - KARMA","units":346,"revenue":6225.5999755859375,"cost":3027.5,"profit":3198.0999755859375,"transactions":284,"margin":51.400001525878906},{"product":"TWISTED CITRUS HONEY ROLL - KARMA","units":286,"revenue":4951.099853515625,"cost":2502.5,"profit":2448.6000061035156,"transactions":234,"margin":49.5},{"product":"1:1 CBD/THC RECOVERY RSO - KARMA","units":246,"revenue":4659.9249267578125,"cost":2430.0,"profit":2229.9249267578125,"transactions":206,"margin":47.900001525878906},{"product":"GUAVA COOLER HONEY ROLL - KARMA","units":200,"revenue":3919.949951171875,"cost":1750.0,"profit":2169.949951171875,"transactions":156,"margin":55.400001525878906},{"product":"WHITE PINEAPPLE HONEY ROLL - KARMA","units":196,"revenue":3699.1751098632812,"cost":1715.0,"profit":1984.1749572753906,"transactions":154,"margin":53.599998474121094},{"product":"WATERMELON Z HONEY ROLL - KARMA","units":200,"revenue":3652.650146484375,"cost":1750.0,"profit":1902.6499938964844,"transactions":150,"margin":52.099998474121094},{"product":"GARLIC ICING HONEY ROLL - KARMA","units":200,"revenue":3639.0499877929688,"cost":1750.0,"profit":1889.0499877929688,"transactions":162,"margin":51.900001525878906},{"product":"BERRY GELATO HONEY ROLL - KARMA","units":200,"revenue":3574.0249633789062,"cost":1750.0,"profit":1824.0249633789062,"transactions":164,"margin":51.0},{"product":"LEMON CHERRY SHERB HONEY ROLL - KARMA","units":198,"revenue":3399.425048828125,"cost":1732.5,"profit":1666.925048828125,"transactions":158,"margin":49.0},{"product":"SOUR LEMON MOCHI HONEY ROLL - KARMA","units":150,"revenue":2951.6751098632812,"cost":1312.5,"profit":1639.1749572753906,"transactions":124,"margin":55.5},{"product":"CEREAL MILK HONEY ROLL - KARMA","units":190,"revenue":2908.6749267578125,"cost":1662.5,"profit":1246.1750030517578,"transactions":168,"margin":42.79999923706055},{"product":"SOUR MANGO HONEY ROLL - KARMA","units":148,"revenue":2877.4249267578125,"cost":1295.0,"profit":1582.4249267578125,"transactions":128,"margin":55.0}],"Elevation Parkway":[{"product":"REST INDICA RSO - KARMA","units":446,"revenue":9108.75,"cost":4325.0,"profit":4783.75,"transactions":256,"margin":52.5},{"product":"ENERGY SATIVA RSO - KARMA","units":354,"revenue":6910.0,"cost":3460.0,"profit":3450.0,"transactions":214,"margin":49.900001525878906},{"product":"1:1:4 CBN/CBG/THC CALM RSO - KARMA","units":220,"revenue":5304.2498779296875,"cost":2437.5,"profit":2866.7498779296875,"transactions":120,"margin":54.0},{"product":"1:1 CBD/THC RECOVERY RSO - KARMA","units":192,"revenue":4175.625,"cost":1893.75,"profit":2281.875,"transactions":154,"margin":54.599998474121094},{"product":"TWISTED CITRUS HONEY ROLL - KARMA","units":200,"revenue":4042.8500366210938,"cost":1750.0,"profit":2292.8500366210938,"transactions":162,"margin":56.70000076293945},{"product":"PINEAPPLE UPSIDE DOWN CAKE HONEY ROLL - KARMA","units":148,"revenue":3035.6500244140625,"cost":1295.0,"profit":1740.6500244140625,"transactions":144,"margin":57.29999923706055},{"product":"SOUR MANGO HONEY ROLL - KARMA","units":100,"revenue":2183.2000732421875,"cost":875.0,"profit":1308.2000732421875,"transactions":96,"margin":59.900001525878906},{"product":"LEMON CHERRY SHERB HONEY ROLL - KARMA","units":98,"revenue":1956.4999389648438,"cost":857.5,"profit":1099.000015258789,"transactions":92,"margin":56.20000076293945},{"product":"WATERMELON Z HONEY ROLL - KARMA","units":96,"revenue":1948.800048828125,"cost":840.0,"profit":1108.7999725341797,"transactions":82,"margin":56.900001525878906},{"product":"CEREAL MILK HONEY ROLL - KARMA","units":60,"revenue":1253.1999969482422,"cost":525.0,"profit":728.1999969482422,"transactions":60,"margin":58.099998474121094},{"product":"PANCAKE BREATH HONEY ROLL - KARMA","units":50,"revenue":1129.1749572753906,"cost":437.5,"profit":691.6750335693359,"transactions":40,"margin":61.29999923706055},{"product":"WATERMELON PUNCH HONEY ROLL - KARMA","units":50,"revenue":1057.750015258789,"cost":437.5,"profit":620.2500152587891,"transactions":44,"margin":58.599998474121094},{"product":"SOUR APPLE BISCOTTI HONEY ROLL - KARMA","units":50,"revenue":1053.1500244140625,"cost":437.5,"profit":615.6499862670898,"transactions":42,"margin":58.5},{"product":"PINEAPPLE PARADISE HONEY ROLL - KARMA","units":50,"revenue":1025.999984741211,"cost":437.5,"profit":588.4999847412109,"transactions":50,"margin":57.400001525878906},{"product":"PINK PINEAPPLE HONEY ROLL - KARMA","units":52,"revenue":1019.4499969482422,"cost":455.0,"profit":564.4499969482422,"transactions":48,"margin":55.400001525878906}]},"store_summary":[{"store_clean":"Elevation Mesa","units":7840,"revenue":153860.498046875,"cost":70851.25,"profit":83009.248046875,"discounts":41319.501953125,"margin":54.0,"discount_rate":21.200000762939453},{"store_clean":"Elevation Springs","units":7458,"revenue":151948.876953125,"cost":67887.5,"profit":84061.376953125,"discounts":35518.62548828125,"margin":55.29999923706055,"discount_rate":18.899999618530273},{"store_clean":"Elevation Oasis","units":6112,"revenue":130914.0234375,"cost":56516.201171875,"profit":74397.8271484375,"discounts":27435.97412109375,"margin":56.79999923706055,"discount_rate":17.299999237060547},{"store_clean":"Elevation Boulevard","units":6700,"revenue":124135.029296875,"cost":60670.0,"profit":63465.0244140625,"discounts":41854.9755859375,"margin":51.099998474121094,"discount_rate":25.200000762939453},{"store_clean":"Elevation Midtown","units":3066,"revenue":64743.3740234375,"cost":28721.10107421875,"profit":36022.275390625,"discounts":11404.124755859375,"margin":55.599998474121094,"discount_rate":15.0},{"store_clean":"Elevation Parkway","units":2846,"revenue":58560.2978515625,"cost":26466.25,"profit":32094.05029296875,"discounts":13347.19970703125,"margin":54.79999923706055,"discount_rate":18.600000381469727},{"store_clean":"Elevation Downtown","units":498,"revenue":9908.049926757812,"cost":4357.5,"profit":5550.5499267578125,"discounts":2151.949920654297,"margin":56.0,"discount_rate":17.799999237060547}],"recommendations":[{"severity":"info","title":"VOLUME LEVERAGE","detail":"$277,628 revenue provides negotiating leverage.","action":"Use volume as leverage in next vendor meeting."}],"comparison":null}