{"brand":"MATRIX","date_range":"2024-01-01 00:00:00 to 2026-01-31 00:00:00","period_label":"All Time","summary":{"total_units":75964,"total_revenue":2982905.0,"total_cost":1479366.5625,"total_discounts":783165.15625,"total_profit":1503538.125,"overall_margin":50.400001525878906,"fp_margin":59.900001525878906,"disc_margin":46.0,"pct_full_price":31.5,"avg_discount_rate":20.799999237060547,"fp_revenue":940028.75,"disc_revenue":2042876.09375,"brand":"MATRIX","date_range":"2024-01-01 00:00:00 to 2026-01-31 00:00:00","primary_category":"DISPOSABLE VAPE","store_coverage":"7/7","stores_present":["Elevation Springs","Elevation Mesa","Elevation Oasis","Elevation Downtown","Elevation Midtown","Elevation Boulevard","Elevation Parkway"],"stores_missing":[],"velocity_rank":7,"velocity_total":35},"distribution":[{"store":"Elevation Springs","carries_brand":true,"sku_count":152,"revenue":701970.0,"units":17616,"store_total_revenue":51138750.0,"brand_share_pct":1.399999976158142},{"store":"Elevation Mesa","carries_brand":true,"sku_count":146,"revenue":540953.828125,"units":14744,"store_total_revenue":47532240.0,"brand_share_pct":1.100000023841858},{"store":"Elevation Oasis","carries_brand":true,"sku_count":122,"revenue":463667.734375,"units":11982,"store_total_revenue":56050145.0,"brand_share_pct":0.800000011920929},{"store":"Elevation Downtown","carries_brand":true,"sku_count":38,"revenue":50729.375,"units":1172,"store_total_revenue":1945237.1875,"brand_share_pct":2.5999999046325684},{"store":"Elevation Midtown","carries_brand":true,"sku_count":122,"revenue":294866.5625,"units":7416,"store_total_revenue":30850185.0,"brand_share_pct":1.0},{"store":"Elevation Boulevard","carries_brand":true,"sku_count":138,"revenue":438260.15625,"units":11752,"store_total_revenue":28757865.0,"brand_share_pct":1.5},{"store":"Elevation Parkway","carries_brand":true,"sku_count":126,"revenue":492457.2265625,"units":11282,"store_total_revenue":21987007.5,"brand_share_pct":2.200000047683716}],"share_of_category":[{"category":"DISPOSABLE VAPE","brand_revenue":1941927.8125,"category_revenue":30552405.0,"revenue_share_pct":6.400000095367432,"brand_units":43302,"category_units":756548,"units_share_pct":5.7},{"category":"INFUSED PACK","brand_revenue":518517.34375,"category_revenue":8259010.0,"revenue_share_pct":6.300000190734863,"brand_units":15584,"category_units":240090,"units_share_pct":6.5},{"category":"FLOWER","brand_revenue":496998.984375,"category_revenue":77755450.0,"revenue_share_pct":0.6000000238418579,"brand_units":16398,"category_units":2708446,"units_share_pct":0.6},{"category":"INFUSED PRE ROLL","brand_revenue":25443.125,"category_revenue":10308101.25,"revenue_share_pct":0.20000000298023224,"brand_units":678,"category_units":488074,"units_share_pct":0.1},{"category":"PRE ROLL","brand_revenue":17.5,"category_revenue":14009791.25,"revenue_share_pct":0.0,"brand_units":2,"category_units":1485736,"units_share_pct":0.0}],"share_of_category_trend":{"DISPOSABLE VAPE":[{"period":"2024-01","brand_revenue":0.0,"category_revenue":933474.921875,"share_pct":0.0},{"period":"2024-02","brand_revenue":0.0,"category_revenue":877782.109375,"share_pct":0.0},{"period":"2024-03","brand_revenue":0.0,"category_revenue":990692.03125,"share_pct":0.0},{"period":"2024-04","brand_revenue":0.0,"category_revenue":971952.1875,"share_pct":0.0},{"period":"2024-05","brand_revenue":0.0,"category_revenue":1035100.46875,"share_pct":0.0},{"period":"2024-06","brand_revenue":0.0,"category_revenue":1039794.21875,"share_pct":0.0},{"period":"2024-07","brand_revenue":0.0,"category_revenue":1081636.5625,"share_pct":0.0},{"period":"2024-08","brand_revenue":45139.375,"category_revenue":1098658.125,"share_pct":4.099999904632568},{"period":"2024-09","brand_revenue":61652.2509765625,"category_revenue":1056394.53125,"share_pct":5.800000190734863},{"period":"2024-10","brand_revenue":86825.625,"category_revenue":1197041.171875,"share_pct":7.300000190734863},{"period":"2024-11","brand_revenue":117815.625,"category_revenue":1193980.234375,"share_pct":9.899999618530273},{"period":"2024-12","brand_revenue":77622.5244140625,"category_revenue":1222008.984375,"share_pct":6.400000095367432},{"period":"2025-01","brand_revenue":20019.150390625,"category_revenue":1100552.421875,"share_pct":1.7999999523162842},{"period":"2025-02","brand_revenue":69247.40234375,"category_revenue":1167271.25,"share_pct":5.900000095367432},{"period":"2025-03","brand_revenue":23975.0,"category_revenue":1348856.71875,"share_pct":1.7999999523162842},{"period":"2025-04","brand_revenue":40933.5498046875,"category_revenue":1414639.84375,"share_pct":2.9000000953674316},{"period":"2025-05","brand_revenue":76162.2021484375,"category_revenue":1460588.4375,"share_pct":5.199999809265137},{"period":"2025-06","brand_revenue":87000.498046875,"category_revenue":1320852.96875,"share_pct":6.599999904632568},{"period":"2025-07","brand_revenue":126445.478515625,"category_revenue":1451194.84375,"share_pct":8.699999809265137},{"period":"2025-08","brand_revenue":150095.1953125,"category_revenue":1403520.625,"share_pct":10.699999809265137},{"period":"2025-09","brand_revenue":148222.9296875,"category_revenue":1317518.125,"share_pct":11.300000190734863},{"period":"2025-10","brand_revenue":246276.4453125,"category_revenue":1511693.75,"share_pct":16.299999237060547},{"period":"2025-11","brand_revenue":191543.203125,"category_revenue":1481709.21875,"share_pct":12.899999618530273},{"period":"2025-12","brand_revenue":154258.154296875,"category_revenue":1476896.875,"share_pct":10.399999618530273},{"period":"2026-01","brand_revenue":218693.30078125,"category_revenue":1398594.84375,"share_pct":15.600000381469727}],"INFUSED PACK":[{"period":"2024-01","brand_revenue":0.0,"category_revenue":204601.875,"share_pct":0.0},{"period":"2024-02","brand_revenue":0.0,"category_revenue":221156.7578125,"share_pct":0.0},{"period":"2024-03","brand_revenue":0.0,"category_revenue":257436.93359375,"share_pct":0.0},{"period":"2024-04","brand_revenue":0.0,"category_revenue":301537.3046875,"share_pct":0.0},{"period":"2024-05","brand_revenue":0.0,"category_revenue":301873.0078125,"share_pct":0.0},{"period":"2024-06","brand_revenue":0.0,"category_revenue":300488.6328125,"share_pct":0.0},{"period":"2024-07","brand_revenue":0.0,"category_revenue":303570.80078125,"share_pct":0.0},{"period":"2024-08","brand_revenue":0.0,"category_revenue":283995.625,"share_pct":0.0},{"period":"2024-09","brand_revenue":2393.125,"category_revenue":331664.1796875,"share_pct":0.699999988079071},{"period":"2024-10","brand_revenue":17189.375,"category_revenue":311486.1328125,"share_pct":5.5},{"period":"2024-11","brand_revenue":31539.375,"category_revenue":306613.92578125,"share_pct":10.300000190734863},{"period":"2024-12","brand_revenue":19585.0,"category_revenue":298008.41796875,"share_pct":6.599999904632568},{"period":"2025-01","brand_revenue":13362.19970703125,"category_revenue":269244.765625,"share_pct":5.0},{"period":"2025-02","brand_revenue":14886.25,"category_revenue":309579.8046875,"share_pct":4.800000190734863},{"period":"2025-03","brand_revenue":11790.625,"category_revenue":312908.80859375,"share_pct":3.799999952316284},{"period":"2025-04","brand_revenue":11192.5,"category_revenue":389974.3359375,"share_pct":2.9000000953674316},{"period":"2025-05","brand_revenue":17291.400146484375,"category_revenue":404824.9609375,"share_pct":4.300000190734863},{"period":"2025-06","brand_revenue":31102.60009765625,"category_revenue":383193.4765625,"share_pct":8.100000381469727},{"period":"2025-07","brand_revenue":39611.25,"category_revenue":437456.640625,"share_pct":9.100000381469727},{"period":"2025-08","brand_revenue":38369.375,"category_revenue":391817.578125,"share_pct":9.800000190734863},{"period":"2025-09","brand_revenue":40690.0,"category_revenue":367221.40625,"share_pct":11.100000381469727},{"period":"2025-10","brand_revenue":59704.6484375,"category_revenue":423332.109375,"share_pct":14.100000381469727},{"period":"2025-11","brand_revenue":41713.65234375,"category_revenue":395184.53125,"share_pct":10.600000381469727},{"period":"2025-12","brand_revenue":60102.7490234375,"category_revenue":387500.234375,"share_pct":15.5},{"period":"2026-01","brand_revenue":67993.1982421875,"category_revenue":364337.6171875,"share_pct":18.700000762939453}],"FLOWER":[{"period":"2024-01","brand_revenue":35561.875,"category_revenue":3552357.8125,"share_pct":1.0},{"period":"2024-02","brand_revenue":21629.775390625,"category_revenue":3535245.625,"share_pct":0.6000000238418579},{"period":"2024-03","brand_revenue":4230.0,"category_revenue":3693805.625,"share_pct":0.10000000149011612},{"period":"2024-04","brand_revenue":1920.0,"category_revenue":3541899.6875,"share_pct":0.10000000149011612},{"period":"2024-05","brand_revenue":697.5,"category_revenue":3537479.375,"share_pct":0.0},{"period":"2024-06","brand_revenue":0.0,"category_revenue":3403269.6875,"share_pct":0.0},{"period":"2024-07","brand_revenue":0.0,"category_revenue":3457705.9375,"share_pct":0.0},{"period":"2024-08","brand_revenue":25920.0,"category_revenue":3453819.375,"share_pct":0.800000011920929},{"period":"2024-09","brand_revenue":24530.0,"category_revenue":3316441.5625,"share_pct":0.699999988079071},{"period":"2024-10","brand_revenue":28688.00048828125,"category_revenue":3585775.0,"share_pct":0.800000011920929},{"period":"2024-11","brand_revenue":38313.5498046875,"category_revenue":3454855.3125,"share_pct":1.100000023841858},{"period":"2024-12","brand_revenue":22936.875,"category_revenue":3226567.8125,"share_pct":0.699999988079071},{"period":"2025-01","brand_revenue":7966.25,"category_revenue":2984938.125,"share_pct":0.30000001192092896},{"period":"2025-02","brand_revenue":23744.375,"category_revenue":2816220.0,"share_pct":0.800000011920929},{"period":"2025-03","brand_revenue":4635.4998779296875,"category_revenue":2911379.6875,"share_pct":0.20000000298023224},{"period":"2025-04","brand_revenue":15801.25,"category_revenue":3118895.3125,"share_pct":0.5},{"period":"2025-05","brand_revenue":10586.25,"category_revenue":2887345.0,"share_pct":0.4000000059604645},{"period":"2025-06","brand_revenue":17987.5,"category_revenue":2773698.125,"share_pct":0.6000000238418579},{"period":"2025-07","brand_revenue":25336.55029296875,"category_revenue":2782763.125,"share_pct":0.8999999761581421},{"period":"2025-08","brand_revenue":26643.24951171875,"category_revenue":2733122.8125,"share_pct":1.0},{"period":"2025-09","brand_revenue":37311.474609375,"category_revenue":2603501.5625,"share_pct":1.399999976158142},{"period":"2025-10","brand_revenue":54898.84765625,"category_revenue":2663705.0,"share_pct":2.0999999046325684},{"period":"2025-11","brand_revenue":17011.25,"category_revenue":2700189.0625,"share_pct":0.6000000238418579},{"period":"2025-12","brand_revenue":17313.275146484375,"category_revenue":2515209.53125,"share_pct":0.699999988079071},{"period":"2026-01","brand_revenue":33335.6494140625,"category_revenue":2505261.875,"share_pct":1.2999999523162842}],"INFUSED PRE ROLL":[{"period":"2024-01","brand_revenue":0.0,"category_revenue":410907.8515625,"share_pct":0.0},{"period":"2024-02","brand_revenue":0.0,"category_revenue":458711.484375,"share_pct":0.0},{"period":"2024-03","brand_revenue":0.0,"category_revenue":427464.375,"share_pct":0.0},{"period":"2024-04","brand_revenue":0.0,"category_revenue":428699.9609375,"share_pct":0.0},{"period":"2024-05","brand_revenue":0.0,"category_revenue":501098.3203125,"share_pct":0.0},{"period":"2024-06","brand_revenue":0.0,"category_revenue":477320.78125,"share_pct":0.0},{"period":"2024-07","brand_revenue":0.0,"category_revenue":479382.109375,"share_pct":0.0},{"period":"2024-08","brand_revenue":11744.375,"category_revenue":474359.1015625,"share_pct":2.5},{"period":"2024-09","brand_revenue":12150.0,"category_revenue":424280.1171875,"share_pct":2.9000000953674316},{"period":"2024-10","brand_revenue":1548.75,"category_revenue":470840.6640625,"share_pct":0.30000001192092896},{"period":"2024-11","brand_revenue":0.0,"category_revenue":424285.1171875,"share_pct":0.0},{"period":"2024-12","brand_revenue":0.0,"category_revenue":432093.1640625,"share_pct":0.0},{"period":"2025-01","brand_revenue":0.0,"category_revenue":358002.890625,"share_pct":0.0},{"period":"2025-02","brand_revenue":0.0,"category_revenue":325080.17578125,"share_pct":0.0},{"period":"2025-03","brand_revenue":0.0,"category_revenue":347380.078125,"share_pct":0.0},{"period":"2025-04","brand_revenue":0.0,"category_revenue":401341.40625,"share_pct":0.0},{"period":"2025-05","brand_revenue":0.0,"category_revenue":378076.09375,"share_pct":0.0},{"period":"2025-06","brand_revenue":0.0,"category_revenue":354019.6484375,"share_pct":0.0},{"period":"2025-07","brand_revenue":0.0,"category_revenue":416008.203125,"share_pct":0.0},{"period":"2025-08","brand_revenue":0.0,"category_revenue":425283.28125,"share_pct":0.0},{"period":"2025-09","brand_revenue":0.0,"category_revenue":378313.75,"share_pct":0.0},{"period":"2025-10","brand_revenue":0.0,"category_revenue":389168.3203125,"share_pct":0.0},{"period":"2025-11","brand_revenue":0.0,"category_revenue":390541.3671875,"share_pct":0.0},{"period":"2025-12","brand_revenue":0.0,"category_revenue":392812.34375,"share_pct":0.0},{"period":"2026-01","brand_revenue":0.0,"category_revenue":342630.7421875,"share_pct":0.0}],"PRE ROLL":[{"period":"2024-01","brand_revenue":0.0,"category_revenue":508338.515625,"share_pct":0.0},{"period":"2024-02","brand_revenue":0.0,"category_revenue":489393.671875,"share_pct":0.0},{"period":"2024-03","brand_revenue":0.0,"category_revenue":520052.3828125,"share_pct":0.0},{"period":"2024-04","brand_revenue":0.0,"category_revenue":491300.6640625,"share_pct":0.0},{"period":"2024-05","brand_revenue":0.0,"category_revenue":542202.890625,"share_pct":0.0},{"period":"2024-06","brand_revenue":17.5,"category_revenue":507288.8671875,"share_pct":0.0},{"period":"2024-07","brand_revenue":0.0,"category_revenue":524250.9765625,"share_pct":0.0},{"period":"2024-08","brand_revenue":0.0,"category_revenue":612518.7109375,"share_pct":0.0},{"period":"2024-09","brand_revenue":0.0,"category_revenue":586543.0078125,"share_pct":0.0},{"period":"2024-10","brand_revenue":0.0,"category_revenue":641449.1796875,"share_pct":0.0},{"period":"2024-11","brand_revenue":0.0,"category_revenue":579866.71875,"share_pct":0.0},{"period":"2024-12","brand_revenue":0.0,"category_revenue":582999.5703125,"share_pct":0.0},{"period":"2025-01","brand_revenue":0.0,"category_revenue":544095.3125,"share_pct":0.0},{"period":"2025-02","brand_revenue":0.0,"category_revenue":500875.5859375,"share_pct":0.0},{"period":"2025-03","brand_revenue":0.0,"category_revenue":551422.0703125,"share_pct":0.0},{"period":"2025-04","brand_revenue":0.0,"category_revenue":568189.375,"share_pct":0.0},{"period":"2025-05","brand_revenue":0.0,"category_revenue":565516.875,"share_pct":0.0},{"period":"2025-06","brand_revenue":0.0,"category_revenue":560506.71875,"share_pct":0.0},{"period":"2025-07","brand_revenue":0.0,"category_revenue":600916.09375,"share_pct":0.0},{"period":"2025-08","brand_revenue":0.0,"category_revenue":620247.5,"share_pct":0.0},{"period":"2025-09","brand_revenue":0.0,"category_revenue":608971.09375,"share_pct":0.0},{"period":"2025-10","brand_revenue":0.0,"category_revenue":645293.1640625,"share_pct":0.0},{"period":"2025-11","brand_revenue":0.0,"category_revenue":581113.4765625,"share_pct":0.0},{"period":"2025-12","brand_revenue":0.0,"category_revenue":553088.5546875,"share_pct":0.0},{"period":"2026-01","brand_revenue":0.0,"category_revenue":523350.9375,"share_pct":0.0}]},"velocity_by_category":[{"category":"DISPOSABLE VAPE","brand_units_per_day":56.82,"category_avg_units_per_day":28.36,"velocity_index":200.3,"brand_rev_per_unit":35.88,"category_rev_per_unit":32.31,"brands_in_category":35},{"category":"INFUSED PACK","brand_units_per_day":20.46,"category_avg_units_per_day":26.26,"velocity_index":77.9,"brand_rev_per_unit":26.62,"category_rev_per_unit":27.52,"brands_in_category":12},{"category":"FLOWER","brand_units_per_day":21.52,"category_avg_units_per_day":55.54,"velocity_index":38.7,"brand_rev_per_unit":24.25,"category_rev_per_unit":22.97,"brands_in_category":64},{"category":"INFUSED PRE ROLL","brand_units_per_day":0.88,"category_avg_units_per_day":25.62,"velocity_index":3.5,"brand_rev_per_unit":30.02,"category_rev_per_unit":16.9,"brands_in_category":25},{"category":"PRE ROLL","brand_units_per_day":0.0,"category_avg_units_per_day":42.38,"velocity_index":0.0,"brand_rev_per_unit":7.0,"category_rev_per_unit":7.54,"brands_in_category":46}],"store_gaps":[{"store":"Elevation Mesa","category":"PRE ROLL","category_revenue_at_store":3458612.5,"opportunity":"Category not carried at this store"},{"store":"Elevation Boulevard","category":"PRE ROLL","category_revenue_at_store":2504075.3125,"opportunity":"Category not carried at this store"},{"store":"Elevation Parkway","category":"PRE ROLL","category_revenue_at_store":1555803.125,"opportunity":"Category not carried at this store"},{"store":"Elevation Oasis","category":"PRE ROLL","category_revenue_at_store":1460871.25,"opportunity":"Category not carried at this store"},{"store":"Elevation Midtown","category":"PRE ROLL","category_revenue_at_store":1326764.21875,"opportunity":"Category not carried at this store"},{"store":"Elevation Downtown","category":"PRE ROLL","category_revenue_at_store":196139.1015625,"opportunity":"Category not carried at this store"},{"store":"Elevation Downtown","category":"INFUSED PACK","category_revenue_at_store":135628.349609375,"opportunity":"Category not carried at this store"},{"store":"Elevation Downtown","category":"INFUSED PRE ROLL","category_revenue_at_store":134242.0703125,"opportunity":"Category not carried at this store"}],"product_mix":{"top":[{"product":"BLUEBERRY KUSH LR INFUSED DOINKS 4 PK - MATRIX","units":4084,"revenue":136981.396484375,"cost":66555.0,"profit":70426.4013671875,"stores":6,"transactions":3566,"margin":51.400001525878906},{"product":"GODS BREATH LIVE RESIN RIPPER - MATRIX","units":2340,"revenue":103312.9296875,"cost":52820.0,"profit":50492.9248046875,"stores":7,"transactions":2170,"margin":48.900001525878906},{"product":"DIAMONDS LR INFUSED DOINKS 4 PK - MATRIX","units":3046,"revenue":103255.751953125,"cost":48157.5,"profit":55098.251953125,"stores":6,"transactions":2700,"margin":53.400001525878906},{"product":"WATERMELON OG LR INFUSED DOINKS 4 PK - MATRIX","units":2884,"revenue":95042.548828125,"cost":46305.0,"profit":48737.548828125,"stores":6,"transactions":2558,"margin":51.29999923706055},{"product":"JOKERZ CANDY LIVE RESIN RIPPER - MATRIX","units":1952,"revenue":88975.0,"cost":43920.0,"profit":45055.0,"stores":7,"transactions":1862,"margin":50.599998474121094},{"product":"GG4 LIVE RESIN RIPPER - MATRIX","units":1954,"revenue":86123.154296875,"cost":46162.5,"profit":39960.6494140625,"stores":6,"transactions":1850,"margin":46.400001525878906},{"product":"SUGAR TITS LIVE RESIN RIPPER - MATRIX","units":1990,"revenue":85754.12109375,"cost":45402.5,"profit":40351.6259765625,"stores":7,"transactions":1832,"margin":47.099998474121094},{"product":"ORIGINAL GLUE LIVE RESIN RIPPER - MATRIX","units":1852,"revenue":80501.9482421875,"cost":42035.0,"profit":38466.95068359375,"stores":6,"transactions":1726,"margin":47.79999923706055},{"product":"LARRY BURNZ LIVE RESIN RIPPER - MATRIX","units":1874,"revenue":79744.0478515625,"cost":42165.0,"profit":37579.05029296875,"stores":6,"transactions":1686,"margin":47.099998474121094},{"product":"GPxAB LIVE RESIN RIPPER - MATRIX","units":1694,"revenue":77169.873046875,"cost":38935.0,"profit":38234.87548828125,"stores":6,"transactions":1588,"margin":49.5},{"product":"CHILEAN SUNDAE LIVE RESIN RIPPER - MATRIX","units":1622,"revenue":74910.0732421875,"cost":36495.0,"profit":38415.07568359375,"stores":7,"transactions":1542,"margin":51.29999923706055},{"product":"DURBAN POISON LIVE RESIN RIPPER - MATRIX","units":1406,"revenue":69851.875,"cost":33392.5,"profit":36459.375,"stores":6,"transactions":1330,"margin":52.20000076293945},{"product":"GRAPE OG LR INFUSED DOINKS 4 PK - MATRIX","units":2096,"revenue":69377.0263671875,"cost":34275.0,"profit":35102.02392578125,"stores":6,"transactions":1900,"margin":50.599998474121094},{"product":"PEACHES LR INFUSED DOINKS 4 PK - MATRIX","units":1990,"revenue":69231.123046875,"cost":31432.5,"profit":37798.62548828125,"stores":6,"transactions":1720,"margin":54.599998474121094},{"product":"GPxAB EIGHTH - MATRIX","units":2126,"revenue":62303.9501953125,"cost":29232.5,"profit":33071.4501953125,"stores":6,"transactions":1740,"margin":53.099998474121094},{"product":"BLUE ANDEZE EIGHTH - MATRIX","units":1956,"revenue":59535.4248046875,"cost":26895.0,"profit":32640.4248046875,"stores":5,"transactions":1620,"margin":54.79999923706055},{"product":"BLUE ANDEZE LIVE RESIN RIPPER - MATRIX","units":1244,"revenue":56559.150390625,"cost":27990.0,"profit":28569.150390625,"stores":7,"transactions":1186,"margin":50.5},{"product":"LIMONCELLO LIVE RESIN RIPPER - MATRIX","units":1224,"revenue":52924.375,"cost":28820.0,"profit":24104.375,"stores":5,"transactions":1152,"margin":45.5},{"product":"SUGAR TITS EIGHTH - MATRIX","units":1658,"revenue":51965.9228515625,"cost":23113.40087890625,"profit":28852.5244140625,"stores":6,"transactions":1318,"margin":55.5},{"product":"EMERALD GHOST COOKIES LIVE RESIN RIPPER - MATRIX","units":1244,"revenue":51479.775390625,"cost":27990.0,"profit":23489.775390625,"stores":7,"transactions":1170,"margin":45.599998474121094}],"bottom":[{"product":"SO FRESA LIVE RESIN RIPPER - MATRIX","units":40,"revenue":1852.5,"cost":900.0,"profit":952.5,"stores":5,"transactions":40,"margin":51.400001525878906},{"product":"SHINING SILVER HAZE EIGHTH - MATRIX","units":50,"revenue":1590.0,"cost":687.5,"profit":902.5,"stores":1,"transactions":40,"margin":56.79999923706055},{"product":"LEMON ZTRAWZ EIGHTH - MATRIX","units":46,"revenue":1442.5,"cost":632.5,"profit":810.0,"stores":1,"transactions":44,"margin":56.20000076293945},{"product":"ORANGE PUSH POP LIVE ROSIN RIPPER - MATRIX","units":10,"revenue":812.5,"cost":287.5,"profit":525.0,"stores":2,"transactions":10,"margin":64.5999984741211},{"product":"MANDARIN PRESERVE LIVE ROSIN RIPPER - MATRIX","units":6,"revenue":357.5,"cost":172.5,"profit":185.0,"stores":2,"transactions":6,"margin":51.70000076293945},{"product":"BB7 EIGHTH - MATRIX","units":10,"revenue":349.375,"cost":165.625,"profit":183.75,"stores":1,"transactions":10,"margin":52.599998474121094},{"product":"KAKAROT LIVE RESIN RIPPER - MATRIX 850MG","units":2,"revenue":112.5,"cost":45.0,"profit":67.5,"stores":1,"transactions":2,"margin":60.0},{"product":"WHITE MISO EIGHTH - MATRIX","units":2,"revenue":75.0,"cost":38.75,"profit":36.25,"stores":1,"transactions":2,"margin":48.29999923706055},{"product":"PEACHES INFUSED DOINKS 4 PK - MATRIX","units":2,"revenue":61.25,"cost":30.0,"profit":31.25,"stores":1,"transactions":2,"margin":51.0},{"product":"DURBAN POISON PRE ROLL 1G - MATRIX","units":2,"revenue":17.5,"cost":8.75,"profit":8.75,"stores":1,"transactions":2,"margin":50.0}],"expansion":[{"product":"BLUEBERRY KUSH LR INFUSED DOINKS 4 PK - MATRIX","current_stores":6,"total_stores":7,"missing_stores":["Elevation Downtown"],"revenue":136981.396484375},{"product":"DIAMONDS LR INFUSED DOINKS 4 PK - MATRIX","current_stores":6,"total_stores":7,"missing_stores":["Elevation Downtown"],"revenue":103255.751953125},{"product":"WATERMELON OG LR INFUSED DOINKS 4 PK - MATRIX","current_stores":6,"total_stores":7,"missing_stores":["Elevation Downtown"],"revenue":95042.548828125},{"product":"GG4 LIVE RESIN RIPPER - MATRIX","current_stores":6,"total_stores":7,"missing_stores":["Elevation Downtown"],"revenue":86123.154296875},{"product":"ORIGINAL GLUE LIVE RESIN RIPPER - MATRIX","current_stores":6,"total_stores":7,"missing_stores":["Elevation Downtown"],"revenue":80501.9482421875},{"product":"LARRY BURNZ LIVE RESIN RIPPER - MATRIX","current_stores":6,"total_stores":7,"missing_stores":["Elevation Mesa"],"revenue":79744.0478515625},{"product":"GPxAB LIVE RESIN RIPPER - MATRIX","current_stores":6,"total_stores":7,"missing_stores":["Elevation Downtown"],"revenue":77169.873046875},{"product":"DURBAN POISON LIVE RESIN RIPPER - MATRIX","current_stores":6,"total_stores":7,"missing_stores":["Elevation Downtown"],"revenue":69851.875},{"product":"GRAPE OG LR INFUSED DOINKS 4 PK - MATRIX","current_stores":6,"total_stores":7,"missing_stores":["Elevation Downtown"],"revenue":69377.0263671875},{"product":"PEACHES LR INFUSED DOINKS 4 PK - MATRIX","current_stores":6,"total_stores":7,"missing_stores":["Elevation Downtown"],"revenue":69231.123046875}]},"pricing_consistency":[{"product":"NAKED CITY PUNCH EIGHTH - MATRIX","min_price":38.666666666666664,"max_price":60.1530612244898,"avg_price":51.47553898429301,"std_dev":3.0869410336488228,"store_count":14,"price_range":21.48639455782313,"range_pct":41.7},{"product":"MAC V2 LIVE RESIN RIPPER - MATRIX","min_price":67.5,"max_price":98.4375,"avg_price":85.1,"std_dev":5.090757556592142,"store_count":10,"price_range":30.9375,"range_pct":36.4},{"product":"SLURTY 3 EIGHTH - MATRIX","min_price":55.53030303030303,"max_price":74.42164179104478,"avg_price":62.87906819014707,"std_dev":2.703864407671684,"store_count":12,"price_range":18.891338760741753,"range_pct":30.0},{"product":"MANDARIN PRESERVE LIVE ROSIN RIPPER - MATRIX","min_price":97.5,"max_price":130.0,"avg_price":113.75,"std_dev":9.192388155425117,"store_count":4,"price_range":32.5,"range_pct":28.6},{"product":"GUSHY STUFF LIVE RESIN RIPPER - MATRIX","min_price":72.9,"max_price":96.30000000000001,"avg_price":84.1683095637584,"std_dev":3.67762557694653,"store_count":12,"price_range":23.400000000000006,"range_pct":27.8},{"product":"GPxAB LIVE RESIN RIPPER - MATRIX","min_price":80.83473154362416,"max_price":105.46875,"avg_price":92.96508499798578,"std_dev":3.384647494212598,"store_count":12,"price_range":24.63401845637584,"range_pct":26.5},{"product":"JET FUEL LIVE RESIN RIPPER - MATRIX","min_price":81.54166666666667,"max_price":105.64583460489908,"avg_price":95.30290064493815,"std_dev":3.6348350783786785,"store_count":10,"price_range":24.104167938232415,"range_pct":25.3},{"product":"SOUTH CENTRAL COOKIES LIVE RESIN RIPPER - MATRIX","min_price":83.25,"max_price":106.8699951171875,"avg_price":96.85124918619792,"std_dev":3.6591576037581732,"store_count":12,"price_range":23.6199951171875,"range_pct":24.4},{"product":"GRAPE FOG LIVE RESIN RIPPER - MATRIX","min_price":87.25,"max_price":109.2,"avg_price":93.42720053238688,"std_dev":3.681978392013242,"store_count":10,"price_range":21.950000000000003,"range_pct":23.5},{"product":"BLUE GUSH MINTS LIVE RESIN RIPPER - MATRIX","min_price":83.625,"max_price":105.3,"avg_price":95.08824900309244,"std_dev":3.20126523765182,"store_count":10,"price_range":21.674999999999986,"range_pct":22.8},{"product":"SO FRESA LIVE RESIN RIPPER - MATRIX","min_price":78.75,"max_price":97.5,"avg_price":85.875,"std_dev":3.911521443121589,"store_count":10,"price_range":18.75,"range_pct":21.8},{"product":"SLURTY 3 LIVE RESIN RIPPER - MATRIX","min_price":82.5,"max_price":102.71484375,"avg_price":92.54766925283805,"std_dev":2.5886934461754,"store_count":14,"price_range":20.21484375,"range_pct":21.8},{"product":"PINK DRINK EIGHTH - MATRIX","min_price":54.6,"max_price":67.0,"avg_price":60.233333333333334,"std_dev":2.5108829788210634,"store_count":6,"price_range":12.400000000000002,"range_pct":20.6},{"product":"LIMONCELLO LIVE RESIN RIPPER - MATRIX","min_price":80.9278350515464,"max_price":98.80434782608695,"avg_price":89.6037016761978,"std_dev":3.254946731353689,"store_count":10,"price_range":17.876512774540565,"range_pct":20.0},{"product":"SUB ZERO #12 EIGHTH - MATRIX","min_price":55.949999999999996,"max_price":67.98499755859375,"avg_price":60.43504247624121,"std_dev":2.6307583247775392,"store_count":6,"price_range":12.03499755859375,"range_pct":19.9},{"product":"9TH ISLAND GLUE LIVE RESIN RIPPER - MATRIX","min_price":87.975,"max_price":106.98979591836734,"avg_price":96.54349322939098,"std_dev":2.915949567875009,"store_count":12,"price_range":19.014795918367344,"range_pct":19.7},{"product":"DIAMOND DUST LIVE RESIN RIPPER - MATRIX","min_price":86.41990379050925,"max_price":104.60597826086956,"avg_price":95.16613579481636,"std_dev":2.9476708689881823,"store_count":12,"price_range":18.186074470360314,"range_pct":19.1},{"product":"DUPREES DIAMONDS EIGHTH - MATRIX","min_price":58.18359375,"max_price":70.33163265306122,"avg_price":64.04502530827295,"std_dev":2.0496248641133543,"store_count":10,"price_range":12.14803890306122,"range_pct":19.0},{"product":"LIMONCELLO EIGHTH - MATRIX","min_price":57.5,"max_price":69.39655172413792,"avg_price":62.79913793103448,"std_dev":2.2339739380941817,"store_count":8,"price_range":11.896551724137927,"range_pct":18.9},{"product":"GG4 LIVE RESIN RIPPER - MATRIX","min_price":81.67500000000001,"max_price":97.95,"avg_price":87.49541749321592,"std_dev":2.9963899702553807,"store_count":12,"price_range":16.274999999999995,"range_pct":18.6},{"product":"DUPREES DIAMONDS LIVE RESIN RIPPER - MATRIX","min_price":87.75,"max_price":105.69375000000001,"avg_price":96.23875000000001,"std_dev":3.017896825605542,"store_count":10,"price_range":17.943750000000005,"range_pct":18.6},{"product":"JEALOUSY X GELATO 41 LIVE RESIN RIPPER - MATRIX","min_price":80.51767676767676,"max_price":96.66881443298969,"avg_price":86.60712156100595,"std_dev":2.4697795438173085,"store_count":12,"price_range":16.151137665312927,"range_pct":18.6},{"product":"TOKYO DRIFT LIVE RESIN RIPPER - MATRIX","min_price":91.2375,"max_price":108.4,"avg_price":98.9533539815666,"std_dev":2.7587400708938006,"store_count":12,"price_range":17.162500000000005,"range_pct":17.3},{"product":"SPRITZER EIGHTH - MATRIX","min_price":58.26704545454546,"max_price":68.88888888888889,"avg_price":62.49914842102342,"std_dev":1.9030368587256383,"store_count":8,"price_range":10.621843434343434,"range_pct":17.0},{"product":"DURBAN POISON LIVE RESIN RIPPER - MATRIX","min_price":90.39375,"max_price":106.95101351351352,"avg_price":98.73151104032272,"std_dev":2.5715926305333188,"store_count":12,"price_range":16.55726351351351,"range_pct":16.8},{"product":"PEACHES LR INFUSED DOINKS 4 PK - MATRIX","min_price":65.71240234375,"max_price":77.36111111111111,"avg_price":69.72580490606705,"std_dev":1.5974261764760715,"store_count":12,"price_range":11.648708767361109,"range_pct":16.7},{"product":"BLUE DIAMOND LIVE RESIN RIPPER - MATRIX","min_price":84.43773057725694,"max_price":99.9,"avg_price":93.395910192419,"std_dev":3.2071759917566984,"store_count":6,"price_range":15.462269422743056,"range_pct":16.6},{"product":"GUSH MINTS LIVE RESIN RIPPER - MATRIX","min_price":86.6625,"max_price":102.15,"avg_price":94.67109188269903,"std_dev":2.418383666915734,"store_count":12,"price_range":15.4875,"range_pct":16.4},{"product":"SUGAR TITS LIVE RESIN RIPPER - MATRIX","min_price":81.79705740391523,"max_price":96.10294117647058,"avg_price":88.52281874839436,"std_dev":2.069594842649531,"store_count":14,"price_range":14.305883772555354,"range_pct":16.2},{"product":"GELATO #33 EIGHTH - MATRIX","min_price":57.282802734375,"max_price":67.1,"avg_price":61.86297056542787,"std_dev":1.4261362503304518,"store_count":10,"price_range":9.817197265625,"range_pct":15.9}],"promotional_effectiveness":{"lift":{"fp_units_per_day":30.48,"disc_units_per_day":91.12,"lift_pct":199.0,"fp_avg_revenue_per_unit":99.825,"disc_avg_revenue_per_unit":71.525},"by_deal":[{"deal_name":"Industry 30% Off","uses":4755,"revenue":438697.5916619102,"discounts":189760.32500505447,"units":12112.333333333334,"cost":244902.5,"margin":44.2,"discount_depth":60.4},{"deal_name":"Industry - 30% Off","uses":2790,"revenue":219516.875,"discounts":94251.875,"units":6540.0,"cost":127688.27506303787,"margin":41.8,"discount_depth":60.0},{"deal_name":"Lit4Less - Disposables - 2 for $75 LR / HTE","uses":1685,"revenue":274881.9958265622,"discounts":55886.754163901016,"units":5880.333333333333,"cost":132312.5,"margin":51.9,"discount_depth":33.8},{"deal_name":"Lit4Less - IPR Packs - 2 for $50","uses":942,"revenue":115318.62500190735,"discounts":46425.12500166893,"units":3697.0,"cost":55492.5,"margin":51.9,"discount_depth":57.4},{"deal_name":"MATRIX RIPPERS - 2 FOR $60","uses":789,"revenue":125542.72500038147,"discounts":63232.2750043869,"units":3356.0,"cost":75512.5,"margin":39.9,"discount_depth":67.0},{"deal_name":"Doinks IPR 4pks - 2 for $50","uses":735,"revenue":98174.13749933243,"discounts":39419.61250066757,"units":3145.0,"cost":47925.0,"margin":51.2,"discount_depth":57.2},{"deal_name":"Lit4Less - 1/4 for $50","uses":554,"revenue":58581.875,"discounts":11805.625,"units":1877.0,"cost":25808.75,"margin":55.9,"discount_depth":33.6},{"deal_name":"LVAC - 25% Off","uses":462,"revenue":40660.0,"discounts":13627.5,"units":1004.0,"cost":21922.5,"margin":46.1,"discount_depth":50.2},{"deal_name":"GW - 50% Off Vapes","uses":445,"revenue":35150.0,"discounts":35275.0,"units":1252.0,"cost":29735.0,"margin":15.4,"discount_depth":100.2},{"deal_name":"Employee 30% - NOT FRIDAYS","uses":393,"revenue":27405.78750014305,"discounts":12006.71249628067,"units":887.0,"cost":15007.5,"margin":45.2,"discount_depth":61.0},{"deal_name":"Matrix Rippers / Bad Batch Disposables 2 for $72","uses":390,"revenue":67249.88749980927,"discounts":17012.612500190735,"units":1498.0,"cost":33717.5,"margin":49.9,"discount_depth":40.4},{"deal_name":"30% Off Special","uses":381,"revenue":23506.875,"discounts":10118.125,"units":869.0,"cost":12342.5,"margin":47.5,"discount_depth":60.2},{"deal_name":"Jackpot - Locals 30% Off","uses":363,"revenue":30992.5,"discounts":13282.5,"units":978.0,"cost":16839.749999046326,"margin":45.7,"discount_depth":60.0},{"deal_name":"Senior - 10% Off","uses":333,"revenue":35666.4999961853,"discounts":4130.999999046326,"units":858.0,"cost":15799.574999809265,"margin":55.7,"discount_depth":20.8},{"deal_name":"Matrix 30% Off","uses":287,"revenue":27686.875,"discounts":11919.375,"units":760.0,"cost":15386.25,"margin":44.4,"discount_depth":60.2},{"deal_name":"Veterans - 10% Off","uses":277,"revenue":26882.925000190735,"discounts":3072.074999809265,"units":621.0,"cost":11858.900001049042,"margin":55.9,"discount_depth":20.6},{"deal_name":"Employee - 40% OFF","uses":215,"revenue":15807.987499833107,"discounts":10598.26250076294,"units":565.0,"cost":10243.75,"margin":35.2,"discount_depth":80.2},{"deal_name":"GW - 50% Off Flower","uses":209,"revenue":11428.75,"discounts":11533.75,"units":604.0,"cost":8305.0,"margin":27.3,"discount_depth":100.4},{"deal_name":"Matrix Rippers 2 for $72","uses":170,"revenue":31860.0,"discounts":7965.0,"units":708.0,"cost":15960.0,"margin":49.9,"discount_depth":40.0},{"deal_name":"Stock & Save - 1/4 for $50","uses":166,"revenue":16131.25,"discounts":3437.5,"units":516.0,"cost":7145.0,"margin":55.7,"discount_depth":35.2}]},"growth_opportunities":[{"type":"sku_expansion","title":"Add '9TH ISLAND GLUE LIVE RESIN RIPPER - MATRIX' to 1 more store(s)","detail":"Carried in 6 stores. Missing from: Elevation Downtown","priority":"medium"},{"type":"sku_expansion","title":"Add 'BANANA CREAM SUNDAE EIGHTH - MATRIX' to 1 more store(s)","detail":"Carried in 6 stores. Missing from: Elevation Downtown","priority":"medium"},{"type":"sku_expansion","title":"Add 'BANANA CREAM SUNDAE LIVE RESIN RIPPER - MATRIX' to 2 more store(s)","detail":"Carried in 5 stores. Missing from: Elevation Midtown, Elevation Boulevard","priority":"medium"},{"type":"sku_expansion","title":"Add 'BLUE ANDEZE EIGHTH - MATRIX' to 2 more store(s)","detail":"Carried in 5 stores. Missing from: Elevation Downtown, Elevation Parkway","priority":"medium"},{"type":"sku_expansion","title":"Add 'BLUE DIAMOND LIVE RESIN RIPPER - MATRIX' to 4 more store(s)","detail":"Carried in 3 stores. Missing from: Elevation Mesa, Elevation Oasis, Elevation Downtown, Elevation Boulevard","priority":"medium"},{"type":"velocity","title":"Improve velocity in INFUSED PACK","detail":"Velocity index 78 (below category average). 10.2 units/day vs 13.1 avg.","priority":"medium"},{"type":"velocity","title":"Improve velocity in FLOWER","detail":"Velocity index 39 (below category average). 10.8 units/day vs 27.8 avg.","priority":"medium"},{"type":"velocity","title":"Improve velocity in INFUSED PRE ROLL","detail":"Velocity index 4 (below category average). 0.4 units/day vs 12.8 avg.","priority":"medium"},{"type":"velocity","title":"Improve velocity in PRE ROLL","detail":"Velocity index 0 (below category average). 0.0 units/day vs 21.2 avg.","priority":"medium"}],"trend":[{"period":"2024-01","revenue":35561.875,"cost":18063.3251953125,"margin":49.2,"units":1108,"transactions":900,"profit":17498.5498046875,"revenue_change_pct":null,"units_change_pct":null,"margin_change_pts":null},{"period":"2024-02","revenue":21629.775390625,"cost":10804.3994140625,"margin":50.0,"units":686,"transactions":576,"profit":10825.374755859375,"revenue_change_pct":-39.2,"units_change_pct":-38.1,"margin_change_pts":0.8},{"period":"2024-03","revenue":4230.0,"cost":1968.75,"margin":53.5,"units":126,"transactions":116,"profit":2261.25,"revenue_change_pct":-80.4,"units_change_pct":-81.6,"margin_change_pts":3.4},{"period":"2024-04","revenue":1920.0,"cost":906.25,"margin":52.8,"units":58,"transactions":46,"profit":1013.75,"revenue_change_pct":-54.6,"units_change_pct":-54.0,"margin_change_pts":-0.7},{"period":"2024-05","revenue":697.5,"cost":312.5,"margin":55.2,"units":20,"transactions":18,"profit":385.0,"revenue_change_pct":-63.7,"units_change_pct":-65.5,"margin_change_pts":2.4},{"period":"2024-06","revenue":17.5,"cost":8.75,"margin":50.0,"units":2,"transactions":2,"profit":8.75,"revenue_change_pct":-97.5,"units_change_pct":-90.0,"margin_change_pts":-5.2},{"period":"2024-08","revenue":82803.75,"cost":38232.5,"margin":53.8,"units":2070,"transactions":1842,"profit":44571.25,"revenue_change_pct":473064.3,"units_change_pct":103400.0,"margin_change_pts":3.8},{"period":"2024-09","revenue":100725.37109375,"cost":47552.5,"margin":52.8,"units":2458,"transactions":2068,"profit":53172.8759765625,"revenue_change_pct":21.6,"units_change_pct":18.7,"margin_change_pts":-1.0},{"period":"2024-10","revenue":134251.748046875,"cost":63592.5,"margin":52.6,"units":3194,"transactions":2694,"profit":70659.248046875,"revenue_change_pct":33.3,"units_change_pct":29.9,"margin_change_pts":-0.2},{"period":"2024-11","revenue":187668.5546875,"cost":109287.5,"margin":41.8,"units":5420,"transactions":4226,"profit":78381.0498046875,"revenue_change_pct":39.8,"units_change_pct":69.7,"margin_change_pts":-10.9},{"period":"2024-12","revenue":120144.404296875,"cost":57342.6513671875,"margin":52.3,"units":2828,"transactions":2378,"profit":62801.748046875,"revenue_change_pct":-36.0,"units_change_pct":-47.8,"margin_change_pts":10.5},{"period":"2025-01","revenue":41347.59765625,"cost":19827.5,"margin":52.0,"units":1018,"transactions":854,"profit":21520.10009765625,"revenue_change_pct":-65.6,"units_change_pct":-64.0,"margin_change_pts":-0.2},{"period":"2025-02","revenue":107878.02734375,"cost":53967.5,"margin":50.0,"units":2682,"transactions":2264,"profit":53910.52734375,"revenue_change_pct":160.9,"units_change_pct":163.5,"margin_change_pts":-2.1},{"period":"2025-03","revenue":40401.12548828125,"cost":19435.0,"margin":51.9,"units":948,"transactions":818,"profit":20966.12548828125,"revenue_change_pct":-62.5,"units_change_pct":-64.7,"margin_change_pts":1.9},{"period":"2025-04","revenue":67927.2998046875,"cost":34057.5,"margin":49.9,"units":1714,"transactions":1344,"profit":33869.7998046875,"revenue_change_pct":68.1,"units_change_pct":80.8,"margin_change_pts":-2.0},{"period":"2025-05","revenue":104039.853515625,"cost":52347.5,"margin":49.7,"units":2550,"transactions":2024,"profit":51692.3486328125,"revenue_change_pct":53.2,"units_change_pct":48.8,"margin_change_pts":-0.2},{"period":"2025-06","revenue":136090.595703125,"cost":65910.0,"margin":51.6,"units":3442,"transactions":2428,"profit":70180.6005859375,"revenue_change_pct":30.8,"units_change_pct":35.0,"margin_change_pts":1.9},{"period":"2025-07","revenue":191393.28125,"cost":92470.0,"margin":51.7,"units":4834,"transactions":3584,"profit":98923.271484375,"revenue_change_pct":40.6,"units_change_pct":40.4,"margin_change_pts":0.1},{"period":"2025-08","revenue":215107.83203125,"cost":103632.5,"margin":51.8,"units":5340,"transactions":3918,"profit":111475.322265625,"revenue_change_pct":12.4,"units_change_pct":10.5,"margin_change_pts":0.1},{"period":"2025-09","revenue":226224.39453125,"cost":109347.5,"margin":51.7,"units":5752,"transactions":4264,"profit":116876.904296875,"revenue_change_pct":5.2,"units_change_pct":7.7,"margin_change_pts":-0.2},{"period":"2025-10","revenue":360879.9609375,"cost":174295.0,"margin":51.7,"units":9058,"transactions":6214,"profit":186584.94140625,"revenue_change_pct":59.5,"units_change_pct":57.5,"margin_change_pts":0.0},{"period":"2025-11","revenue":250268.10546875,"cost":137435.0,"margin":45.1,"units":6766,"transactions":4320,"profit":112833.095703125,"revenue_change_pct":-30.7,"units_change_pct":-25.3,"margin_change_pts":-6.6},{"period":"2025-12","revenue":231674.1796875,"cost":113297.5,"margin":51.1,"units":5876,"transactions":4154,"profit":118376.6796875,"revenue_change_pct":-7.4,"units_change_pct":-13.2,"margin_change_pts":6.0},{"period":"2026-01","revenue":320022.1484375,"cost":155272.5,"margin":51.5,"units":8014,"transactions":5556,"profit":164749.6484375,"revenue_change_pct":38.1,"units_change_pct":36.4,"margin_change_pts":0.4}]}