{"brand":"MATRIX","date_range":"2024-01-01 00:00:00 to 2026-01-31 00:00:00","period_label":"All Time","summary":{"total_units":75964,"total_revenue":2982905.0,"total_cost":1479366.5625,"total_discounts":783165.15625,"total_profit":1503538.125,"overall_margin":50.400001525878906,"fp_margin":59.900001525878906,"disc_margin":46.0,"pct_full_price":31.5,"avg_discount_rate":20.799999237060547,"fp_revenue":940028.75,"disc_revenue":2042876.09375,"unique_customers":32900,"brand":"MATRIX","date_range":"2024-01-01 00:00:00 to 2026-01-31 00:00:00","months_count":48,"avg_monthly_cost":61640.275,"cost_per_unit":38.95,"primary_category":"DISPOSABLE VAPE","primary_cat_margin":52.79999923706055,"category_rank":7,"category_total":35,"margin_vs_category":-2.4000000953674316,"velocity_rank":7},"category_breakdown":[{"category_clean":"DISPOSABLE VAPE","units":43302,"revenue":1941927.96875,"cost":989870.0,"profit":952057.890625,"discounts":493887.109375,"margin":49.0,"category_avg_margin":52.79999923706055,"vs_category":-3.8,"rank":7.0,"total_brands":35.0},{"category_clean":"INFUSED PACK","units":15584,"revenue":518517.34375,"cost":248452.5,"profit":270064.82421875,"discounts":163225.17578125,"margin":52.099998474121094,"category_avg_margin":47.70000076293945,"vs_category":4.4,"rank":4.0,"total_brands":12.0},{"category_clean":"FLOWER","units":16398,"revenue":496998.984375,"cost":230332.87109375,"profit":266666.1328125,"discounts":121825.99609375,"margin":53.70000076293945,"category_avg_margin":54.099998474121094,"vs_category":-0.4,"rank":30.0,"total_brands":64.0},{"category_clean":"INFUSED PRE ROLL","units":678,"revenue":25443.125,"cost":10702.5,"profit":14740.625,"discounts":4219.375,"margin":57.900001525878906,"category_avg_margin":47.29999923706055,"vs_category":10.6,"rank":20.0,"total_brands":25.0},{"category_clean":"PRE ROLL","units":2,"revenue":17.5,"cost":8.75,"profit":8.75,"discounts":7.5,"margin":50.0,"category_avg_margin":48.29999923706055,"vs_category":1.7,"rank":45.0,"total_brands":46.0}],"trend":[{"period":"2024-01","revenue":35561.875,"cost":18063.3251953125,"margin":49.2,"units":1108,"transactions":900,"profit":17498.5498046875,"revenue_change_pct":null,"units_change_pct":null,"margin_change_pts":null},{"period":"2024-02","revenue":21629.775390625,"cost":10804.3994140625,"margin":50.0,"units":686,"transactions":576,"profit":10825.374755859375,"revenue_change_pct":-39.2,"units_change_pct":-38.1,"margin_change_pts":0.8},{"period":"2024-03","revenue":4230.0,"cost":1968.75,"margin":53.5,"units":126,"transactions":116,"profit":2261.25,"revenue_change_pct":-80.4,"units_change_pct":-81.6,"margin_change_pts":3.4},{"period":"2024-04","revenue":1920.0,"cost":906.25,"margin":52.8,"units":58,"transactions":46,"profit":1013.75,"revenue_change_pct":-54.6,"units_change_pct":-54.0,"margin_change_pts":-0.7},{"period":"2024-05","revenue":697.5,"cost":312.5,"margin":55.2,"units":20,"transactions":18,"profit":385.0,"revenue_change_pct":-63.7,"units_change_pct":-65.5,"margin_change_pts":2.4},{"period":"2024-06","revenue":17.5,"cost":8.75,"margin":50.0,"units":2,"transactions":2,"profit":8.75,"revenue_change_pct":-97.5,"units_change_pct":-90.0,"margin_change_pts":-5.2},{"period":"2024-08","revenue":82803.75,"cost":38232.5,"margin":53.8,"units":2070,"transactions":1842,"profit":44571.25,"revenue_change_pct":473064.3,"units_change_pct":103400.0,"margin_change_pts":3.8},{"period":"2024-09","revenue":100725.37109375,"cost":47552.5,"margin":52.8,"units":2458,"transactions":2068,"profit":53172.8759765625,"revenue_change_pct":21.6,"units_change_pct":18.7,"margin_change_pts":-1.0},{"period":"2024-10","revenue":134251.748046875,"cost":63592.5,"margin":52.6,"units":3194,"transactions":2694,"profit":70659.248046875,"revenue_change_pct":33.3,"units_change_pct":29.9,"margin_change_pts":-0.2},{"period":"2024-11","revenue":187668.5546875,"cost":109287.5,"margin":41.8,"units":5420,"transactions":4226,"profit":78381.0498046875,"revenue_change_pct":39.8,"units_change_pct":69.7,"margin_change_pts":-10.9},{"period":"2024-12","revenue":120144.404296875,"cost":57342.6513671875,"margin":52.3,"units":2828,"transactions":2378,"profit":62801.748046875,"revenue_change_pct":-36.0,"units_change_pct":-47.8,"margin_change_pts":10.5},{"period":"2025-01","revenue":41347.59765625,"cost":19827.5,"margin":52.0,"units":1018,"transactions":854,"profit":21520.10009765625,"revenue_change_pct":-65.6,"units_change_pct":-64.0,"margin_change_pts":-0.2},{"period":"2025-02","revenue":107878.02734375,"cost":53967.5,"margin":50.0,"units":2682,"transactions":2264,"profit":53910.52734375,"revenue_change_pct":160.9,"units_change_pct":163.5,"margin_change_pts":-2.1},{"period":"2025-03","revenue":40401.12548828125,"cost":19435.0,"margin":51.9,"units":948,"transactions":818,"profit":20966.12548828125,"revenue_change_pct":-62.5,"units_change_pct":-64.7,"margin_change_pts":1.9},{"period":"2025-04","revenue":67927.2998046875,"cost":34057.5,"margin":49.9,"units":1714,"transactions":1344,"profit":33869.7998046875,"revenue_change_pct":68.1,"units_change_pct":80.8,"margin_change_pts":-2.0},{"period":"2025-05","revenue":104039.853515625,"cost":52347.5,"margin":49.7,"units":2550,"transactions":2024,"profit":51692.3486328125,"revenue_change_pct":53.2,"units_change_pct":48.8,"margin_change_pts":-0.2},{"period":"2025-06","revenue":136090.595703125,"cost":65910.0,"margin":51.6,"units":3442,"transactions":2428,"profit":70180.6005859375,"revenue_change_pct":30.8,"units_change_pct":35.0,"margin_change_pts":1.9},{"period":"2025-07","revenue":191393.28125,"cost":92470.0,"margin":51.7,"units":4834,"transactions":3584,"profit":98923.271484375,"revenue_change_pct":40.6,"units_change_pct":40.4,"margin_change_pts":0.1},{"period":"2025-08","revenue":215107.83203125,"cost":103632.5,"margin":51.8,"units":5340,"transactions":3918,"profit":111475.322265625,"revenue_change_pct":12.4,"units_change_pct":10.5,"margin_change_pts":0.1},{"period":"2025-09","revenue":226224.39453125,"cost":109347.5,"margin":51.7,"units":5752,"transactions":4264,"profit":116876.904296875,"revenue_change_pct":5.2,"units_change_pct":7.7,"margin_change_pts":-0.2},{"period":"2025-10","revenue":360879.9609375,"cost":174295.0,"margin":51.7,"units":9058,"transactions":6214,"profit":186584.94140625,"revenue_change_pct":59.5,"units_change_pct":57.5,"margin_change_pts":0.0},{"period":"2025-11","revenue":250268.10546875,"cost":137435.0,"margin":45.1,"units":6766,"transactions":4320,"profit":112833.095703125,"revenue_change_pct":-30.7,"units_change_pct":-25.3,"margin_change_pts":-6.6},{"period":"2025-12","revenue":231674.1796875,"cost":113297.5,"margin":51.1,"units":5876,"transactions":4154,"profit":118376.6796875,"revenue_change_pct":-7.4,"units_change_pct":-13.2,"margin_change_pts":6.0},{"period":"2026-01","revenue":320022.1484375,"cost":155272.5,"margin":51.5,"units":8014,"transactions":5556,"profit":164749.6484375,"revenue_change_pct":38.1,"units_change_pct":36.4,"margin_change_pts":0.4}],"share_of_category":[{"category":"DISPOSABLE VAPE","brand_revenue":1941927.8125,"category_revenue":30552405.0,"revenue_share_pct":6.400000095367432,"brand_units":43302,"category_units":756548,"units_share_pct":5.7},{"category":"INFUSED PACK","brand_revenue":518517.34375,"category_revenue":8259010.0,"revenue_share_pct":6.300000190734863,"brand_units":15584,"category_units":240090,"units_share_pct":6.5},{"category":"FLOWER","brand_revenue":496998.984375,"category_revenue":77755450.0,"revenue_share_pct":0.6000000238418579,"brand_units":16398,"category_units":2708446,"units_share_pct":0.6},{"category":"INFUSED PRE ROLL","brand_revenue":25443.125,"category_revenue":10308101.25,"revenue_share_pct":0.20000000298023224,"brand_units":678,"category_units":488074,"units_share_pct":0.1},{"category":"PRE ROLL","brand_revenue":17.5,"category_revenue":14009791.25,"revenue_share_pct":0.0,"brand_units":2,"category_units":1485736,"units_share_pct":0.0}],"share_of_category_trend":{"DISPOSABLE VAPE":[{"period":"2024-01","brand_revenue":0.0,"category_revenue":933474.921875,"share_pct":0.0},{"period":"2024-02","brand_revenue":0.0,"category_revenue":877782.109375,"share_pct":0.0},{"period":"2024-03","brand_revenue":0.0,"category_revenue":990692.03125,"share_pct":0.0},{"period":"2024-04","brand_revenue":0.0,"category_revenue":971952.1875,"share_pct":0.0},{"period":"2024-05","brand_revenue":0.0,"category_revenue":1035100.46875,"share_pct":0.0},{"period":"2024-06","brand_revenue":0.0,"category_revenue":1039794.21875,"share_pct":0.0},{"period":"2024-07","brand_revenue":0.0,"category_revenue":1081636.5625,"share_pct":0.0},{"period":"2024-08","brand_revenue":45139.375,"category_revenue":1098658.125,"share_pct":4.099999904632568},{"period":"2024-09","brand_revenue":61652.2509765625,"category_revenue":1056394.53125,"share_pct":5.800000190734863},{"period":"2024-10","brand_revenue":86825.625,"category_revenue":1197041.171875,"share_pct":7.300000190734863},{"period":"2024-11","brand_revenue":117815.625,"category_revenue":1193980.234375,"share_pct":9.899999618530273},{"period":"2024-12","brand_revenue":77622.5244140625,"category_revenue":1222008.984375,"share_pct":6.400000095367432},{"period":"2025-01","brand_revenue":20019.150390625,"category_revenue":1100552.421875,"share_pct":1.7999999523162842},{"period":"2025-02","brand_revenue":69247.40234375,"category_revenue":1167271.25,"share_pct":5.900000095367432},{"period":"2025-03","brand_revenue":23975.0,"category_revenue":1348856.71875,"share_pct":1.7999999523162842},{"period":"2025-04","brand_revenue":40933.5498046875,"category_revenue":1414639.84375,"share_pct":2.9000000953674316},{"period":"2025-05","brand_revenue":76162.2021484375,"category_revenue":1460588.4375,"share_pct":5.199999809265137},{"period":"2025-06","brand_revenue":87000.498046875,"category_revenue":1320852.96875,"share_pct":6.599999904632568},{"period":"2025-07","brand_revenue":126445.478515625,"category_revenue":1451194.84375,"share_pct":8.699999809265137},{"period":"2025-08","brand_revenue":150095.1953125,"category_revenue":1403520.625,"share_pct":10.699999809265137},{"period":"2025-09","brand_revenue":148222.9296875,"category_revenue":1317518.125,"share_pct":11.300000190734863},{"period":"2025-10","brand_revenue":246276.4453125,"category_revenue":1511693.75,"share_pct":16.299999237060547},{"period":"2025-11","brand_revenue":191543.203125,"category_revenue":1481709.21875,"share_pct":12.899999618530273},{"period":"2025-12","brand_revenue":154258.154296875,"category_revenue":1476896.875,"share_pct":10.399999618530273},{"period":"2026-01","brand_revenue":218693.30078125,"category_revenue":1398594.84375,"share_pct":15.600000381469727}],"INFUSED PACK":[{"period":"2024-01","brand_revenue":0.0,"category_revenue":204601.875,"share_pct":0.0},{"period":"2024-02","brand_revenue":0.0,"category_revenue":221156.7578125,"share_pct":0.0},{"period":"2024-03","brand_revenue":0.0,"category_revenue":257436.93359375,"share_pct":0.0},{"period":"2024-04","brand_revenue":0.0,"category_revenue":301537.3046875,"share_pct":0.0},{"period":"2024-05","brand_revenue":0.0,"category_revenue":301873.0078125,"share_pct":0.0},{"period":"2024-06","brand_revenue":0.0,"category_revenue":300488.6328125,"share_pct":0.0},{"period":"2024-07","brand_revenue":0.0,"category_revenue":303570.80078125,"share_pct":0.0},{"period":"2024-08","brand_revenue":0.0,"category_revenue":283995.625,"share_pct":0.0},{"period":"2024-09","brand_revenue":2393.125,"category_revenue":331664.1796875,"share_pct":0.699999988079071},{"period":"2024-10","brand_revenue":17189.375,"category_revenue":311486.1328125,"share_pct":5.5},{"period":"2024-11","brand_revenue":31539.375,"category_revenue":306613.92578125,"share_pct":10.300000190734863},{"period":"2024-12","brand_revenue":19585.0,"category_revenue":298008.41796875,"share_pct":6.599999904632568},{"period":"2025-01","brand_revenue":13362.19970703125,"category_revenue":269244.765625,"share_pct":5.0},{"period":"2025-02","brand_revenue":14886.25,"category_revenue":309579.8046875,"share_pct":4.800000190734863},{"period":"2025-03","brand_revenue":11790.625,"category_revenue":312908.80859375,"share_pct":3.799999952316284},{"period":"2025-04","brand_revenue":11192.5,"category_revenue":389974.3359375,"share_pct":2.9000000953674316},{"period":"2025-05","brand_revenue":17291.400146484375,"category_revenue":404824.9609375,"share_pct":4.300000190734863},{"period":"2025-06","brand_revenue":31102.60009765625,"category_revenue":383193.4765625,"share_pct":8.100000381469727},{"period":"2025-07","brand_revenue":39611.25,"category_revenue":437456.640625,"share_pct":9.100000381469727},{"period":"2025-08","brand_revenue":38369.375,"category_revenue":391817.578125,"share_pct":9.800000190734863},{"period":"2025-09","brand_revenue":40690.0,"category_revenue":367221.40625,"share_pct":11.100000381469727},{"period":"2025-10","brand_revenue":59704.6484375,"category_revenue":423332.109375,"share_pct":14.100000381469727},{"period":"2025-11","brand_revenue":41713.65234375,"category_revenue":395184.53125,"share_pct":10.600000381469727},{"period":"2025-12","brand_revenue":60102.7490234375,"category_revenue":387500.234375,"share_pct":15.5},{"period":"2026-01","brand_revenue":67993.1982421875,"category_revenue":364337.6171875,"share_pct":18.700000762939453}],"FLOWER":[{"period":"2024-01","brand_revenue":35561.875,"category_revenue":3552357.8125,"share_pct":1.0},{"period":"2024-02","brand_revenue":21629.775390625,"category_revenue":3535245.625,"share_pct":0.6000000238418579},{"period":"2024-03","brand_revenue":4230.0,"category_revenue":3693805.625,"share_pct":0.10000000149011612},{"period":"2024-04","brand_revenue":1920.0,"category_revenue":3541899.6875,"share_pct":0.10000000149011612},{"period":"2024-05","brand_revenue":697.5,"category_revenue":3537479.375,"share_pct":0.0},{"period":"2024-06","brand_revenue":0.0,"category_revenue":3403269.6875,"share_pct":0.0},{"period":"2024-07","brand_revenue":0.0,"category_revenue":3457705.9375,"share_pct":0.0},{"period":"2024-08","brand_revenue":25920.0,"category_revenue":3453819.375,"share_pct":0.800000011920929},{"period":"2024-09","brand_revenue":24530.0,"category_revenue":3316441.5625,"share_pct":0.699999988079071},{"period":"2024-10","brand_revenue":28688.00048828125,"category_revenue":3585775.0,"share_pct":0.800000011920929},{"period":"2024-11","brand_revenue":38313.5498046875,"category_revenue":3454855.3125,"share_pct":1.100000023841858},{"period":"2024-12","brand_revenue":22936.875,"category_revenue":3226567.8125,"share_pct":0.699999988079071},{"period":"2025-01","brand_revenue":7966.25,"category_revenue":2984938.125,"share_pct":0.30000001192092896},{"period":"2025-02","brand_revenue":23744.375,"category_revenue":2816220.0,"share_pct":0.800000011920929},{"period":"2025-03","brand_revenue":4635.4998779296875,"category_revenue":2911379.6875,"share_pct":0.20000000298023224},{"period":"2025-04","brand_revenue":15801.25,"category_revenue":3118895.3125,"share_pct":0.5},{"period":"2025-05","brand_revenue":10586.25,"category_revenue":2887345.0,"share_pct":0.4000000059604645},{"period":"2025-06","brand_revenue":17987.5,"category_revenue":2773698.125,"share_pct":0.6000000238418579},{"period":"2025-07","brand_revenue":25336.55029296875,"category_revenue":2782763.125,"share_pct":0.8999999761581421},{"period":"2025-08","brand_revenue":26643.24951171875,"category_revenue":2733122.8125,"share_pct":1.0},{"period":"2025-09","brand_revenue":37311.474609375,"category_revenue":2603501.5625,"share_pct":1.399999976158142},{"period":"2025-10","brand_revenue":54898.84765625,"category_revenue":2663705.0,"share_pct":2.0999999046325684},{"period":"2025-11","brand_revenue":17011.25,"category_revenue":2700189.0625,"share_pct":0.6000000238418579},{"period":"2025-12","brand_revenue":17313.275146484375,"category_revenue":2515209.53125,"share_pct":0.699999988079071},{"period":"2026-01","brand_revenue":33335.6494140625,"category_revenue":2505261.875,"share_pct":1.2999999523162842}],"INFUSED PRE ROLL":[{"period":"2024-01","brand_revenue":0.0,"category_revenue":410907.8515625,"share_pct":0.0},{"period":"2024-02","brand_revenue":0.0,"category_revenue":458711.484375,"share_pct":0.0},{"period":"2024-03","brand_revenue":0.0,"category_revenue":427464.375,"share_pct":0.0},{"period":"2024-04","brand_revenue":0.0,"category_revenue":428699.9609375,"share_pct":0.0},{"period":"2024-05","brand_revenue":0.0,"category_revenue":501098.3203125,"share_pct":0.0},{"period":"2024-06","brand_revenue":0.0,"category_revenue":477320.78125,"share_pct":0.0},{"period":"2024-07","brand_revenue":0.0,"category_revenue":479382.109375,"share_pct":0.0},{"period":"2024-08","brand_revenue":11744.375,"category_revenue":474359.1015625,"share_pct":2.5},{"period":"2024-09","brand_revenue":12150.0,"category_revenue":424280.1171875,"share_pct":2.9000000953674316},{"period":"2024-10","brand_revenue":1548.75,"category_revenue":470840.6640625,"share_pct":0.30000001192092896},{"period":"2024-11","brand_revenue":0.0,"category_revenue":424285.1171875,"share_pct":0.0},{"period":"2024-12","brand_revenue":0.0,"category_revenue":432093.1640625,"share_pct":0.0},{"period":"2025-01","brand_revenue":0.0,"category_revenue":358002.890625,"share_pct":0.0},{"period":"2025-02","brand_revenue":0.0,"category_revenue":325080.17578125,"share_pct":0.0},{"period":"2025-03","brand_revenue":0.0,"category_revenue":347380.078125,"share_pct":0.0},{"period":"2025-04","brand_revenue":0.0,"category_revenue":401341.40625,"share_pct":0.0},{"period":"2025-05","brand_revenue":0.0,"category_revenue":378076.09375,"share_pct":0.0},{"period":"2025-06","brand_revenue":0.0,"category_revenue":354019.6484375,"share_pct":0.0},{"period":"2025-07","brand_revenue":0.0,"category_revenue":416008.203125,"share_pct":0.0},{"period":"2025-08","brand_revenue":0.0,"category_revenue":425283.28125,"share_pct":0.0},{"period":"2025-09","brand_revenue":0.0,"category_revenue":378313.75,"share_pct":0.0},{"period":"2025-10","brand_revenue":0.0,"category_revenue":389168.3203125,"share_pct":0.0},{"period":"2025-11","brand_revenue":0.0,"category_revenue":390541.3671875,"share_pct":0.0},{"period":"2025-12","brand_revenue":0.0,"category_revenue":392812.34375,"share_pct":0.0},{"period":"2026-01","brand_revenue":0.0,"category_revenue":342630.7421875,"share_pct":0.0}],"PRE ROLL":[{"period":"2024-01","brand_revenue":0.0,"category_revenue":508338.515625,"share_pct":0.0},{"period":"2024-02","brand_revenue":0.0,"category_revenue":489393.671875,"share_pct":0.0},{"period":"2024-03","brand_revenue":0.0,"category_revenue":520052.3828125,"share_pct":0.0},{"period":"2024-04","brand_revenue":0.0,"category_revenue":491300.6640625,"share_pct":0.0},{"period":"2024-05","brand_revenue":0.0,"category_revenue":542202.890625,"share_pct":0.0},{"period":"2024-06","brand_revenue":17.5,"category_revenue":507288.8671875,"share_pct":0.0},{"period":"2024-07","brand_revenue":0.0,"category_revenue":524250.9765625,"share_pct":0.0},{"period":"2024-08","brand_revenue":0.0,"category_revenue":612518.7109375,"share_pct":0.0},{"period":"2024-09","brand_revenue":0.0,"category_revenue":586543.0078125,"share_pct":0.0},{"period":"2024-10","brand_revenue":0.0,"category_revenue":641449.1796875,"share_pct":0.0},{"period":"2024-11","brand_revenue":0.0,"category_revenue":579866.71875,"share_pct":0.0},{"period":"2024-12","brand_revenue":0.0,"category_revenue":582999.5703125,"share_pct":0.0},{"period":"2025-01","brand_revenue":0.0,"category_revenue":544095.3125,"share_pct":0.0},{"period":"2025-02","brand_revenue":0.0,"category_revenue":500875.5859375,"share_pct":0.0},{"period":"2025-03","brand_revenue":0.0,"category_revenue":551422.0703125,"share_pct":0.0},{"period":"2025-04","brand_revenue":0.0,"category_revenue":568189.375,"share_pct":0.0},{"period":"2025-05","brand_revenue":0.0,"category_revenue":565516.875,"share_pct":0.0},{"period":"2025-06","brand_revenue":0.0,"category_revenue":560506.71875,"share_pct":0.0},{"period":"2025-07","brand_revenue":0.0,"category_revenue":600916.09375,"share_pct":0.0},{"period":"2025-08","brand_revenue":0.0,"category_revenue":620247.5,"share_pct":0.0},{"period":"2025-09","brand_revenue":0.0,"category_revenue":608971.09375,"share_pct":0.0},{"period":"2025-10","brand_revenue":0.0,"category_revenue":645293.1640625,"share_pct":0.0},{"period":"2025-11","brand_revenue":0.0,"category_revenue":581113.4765625,"share_pct":0.0},{"period":"2025-12","brand_revenue":0.0,"category_revenue":553088.5546875,"share_pct":0.0},{"period":"2026-01","brand_revenue":0.0,"category_revenue":523350.9375,"share_pct":0.0}]},"discount_depth":[{"tier":"0% (Full Price)","transactions":17992,"pct_of_transactions":26.2,"revenue":940028.75,"avg_discount":0.0},{"tier":"1-10%","transactions":1968,"pct_of_transactions":2.9,"revenue":96735.400390625,"avg_discount":20.0},{"tier":"11-20%","transactions":10434,"pct_of_transactions":15.2,"revenue":522346.875,"avg_discount":35.0},{"tier":"21-30%","transactions":7582,"pct_of_transactions":11.0,"revenue":282789.43359375,"avg_discount":55.599998474121094},{"tier":"31%+","transactions":7184,"pct_of_transactions":10.5,"revenue":249928.02734375,"avg_discount":82.0}],"velocity":{"units_per_day":99.7,"revenue_per_day":3914.5748901367188,"avg_units_per_txn":2.68,"days_of_data":762,"total_units":75964,"total_transactions":56608},"velocity_by_category":[{"category":"DISPOSABLE VAPE","brand_units_per_day":56.82,"category_avg_units_per_day":28.36,"velocity_index":200.3,"brand_rev_per_unit":35.88,"category_rev_per_unit":32.31,"brands_in_category":35},{"category":"INFUSED PACK","brand_units_per_day":20.46,"category_avg_units_per_day":26.26,"velocity_index":77.9,"brand_rev_per_unit":26.62,"category_rev_per_unit":27.52,"brands_in_category":12},{"category":"FLOWER","brand_units_per_day":21.52,"category_avg_units_per_day":55.54,"velocity_index":38.7,"brand_rev_per_unit":24.25,"category_rev_per_unit":22.97,"brands_in_category":64},{"category":"INFUSED PRE ROLL","brand_units_per_day":0.88,"category_avg_units_per_day":25.62,"velocity_index":3.5,"brand_rev_per_unit":30.02,"category_rev_per_unit":16.9,"brands_in_category":25},{"category":"PRE ROLL","brand_units_per_day":0.0,"category_avg_units_per_day":42.38,"velocity_index":0.0,"brand_rev_per_unit":7.0,"category_rev_per_unit":7.54,"brands_in_category":46}],"deals":[{"deal_name":"Industry 30% Off","times_used":9510,"units":12112.333333333334,"revenue":438697.5916619102,"discounts":189760.32500505447,"cost":244902.5,"profit":193795.09166325134,"pre_discount_revenue":628457.9166666666,"margin":44.2,"avg_discount":60.4},{"deal_name":"Industry - 30% Off","times_used":5580,"units":6540.0,"revenue":219516.875,"discounts":94251.875,"cost":127688.27506303787,"profit":91828.59993696213,"pre_discount_revenue":313768.75,"margin":41.8,"avg_discount":60.0},{"deal_name":"Lit4Less - Disposables - 2 for $75 LR / HTE","times_used":3370,"units":5880.333333333333,"revenue":274881.9958265622,"discounts":55886.754163901016,"cost":132312.5,"profit":142569.49583252272,"pre_discount_revenue":330768.75,"margin":51.9,"avg_discount":33.8},{"deal_name":"Lit4Less - IPR Packs - 2 for $50","times_used":1884,"units":3697.0,"revenue":115318.62500190735,"discounts":46425.12500166893,"cost":55492.5,"profit":59826.12499833107,"pre_discount_revenue":161743.75,"margin":51.9,"avg_discount":57.4},{"deal_name":"MATRIX RIPPERS - 2 FOR $60","times_used":1578,"units":3356.0,"revenue":125542.72500038147,"discounts":63232.2750043869,"cost":75512.5,"profit":50030.22500038147,"pre_discount_revenue":188775.0,"margin":39.9,"avg_discount":67.0},{"deal_name":"Doinks IPR 4pks - 2 for $50","times_used":1470,"units":3145.0,"revenue":98174.13749933243,"discounts":39419.61250066757,"cost":47925.0,"profit":50249.13749933243,"pre_discount_revenue":137593.75,"margin":51.2,"avg_discount":57.2},{"deal_name":"Lit4Less - 1/4 for $50","times_used":1108,"units":1877.0,"revenue":58581.875,"discounts":11805.625,"cost":25808.75,"profit":32773.125,"pre_discount_revenue":70387.5,"margin":55.9,"avg_discount":33.6},{"deal_name":"LVAC - 25% Off","times_used":924,"units":1004.0,"revenue":40660.0,"discounts":13627.5,"cost":21922.5,"profit":18737.5,"pre_discount_revenue":54287.5,"margin":46.1,"avg_discount":50.2},{"deal_name":"GW - 50% Off Vapes","times_used":890,"units":1252.0,"revenue":35150.0,"discounts":35275.0,"cost":29735.0,"profit":5415.0,"pre_discount_revenue":70425.0,"margin":15.4,"avg_discount":100.2},{"deal_name":"Employee 30% - NOT FRIDAYS","times_used":786,"units":887.0,"revenue":27405.78750014305,"discounts":12006.71249628067,"cost":15007.5,"profit":12398.287503421307,"pre_discount_revenue":39412.5,"margin":45.2,"avg_discount":61.0},{"deal_name":"Matrix Rippers / Bad Batch Disposables 2 for $72","times_used":780,"units":1498.0,"revenue":67249.88749980927,"discounts":17012.612500190735,"cost":33717.5,"profit":33532.387499809265,"pre_discount_revenue":84262.5,"margin":49.9,"avg_discount":40.4},{"deal_name":"30% Off Special","times_used":762,"units":869.0,"revenue":23506.875,"discounts":10118.125,"cost":12342.5,"profit":11164.375,"pre_discount_revenue":33625.0,"margin":47.5,"avg_discount":60.2},{"deal_name":"Jackpot - Locals 30% Off","times_used":726,"units":978.0,"revenue":30992.5,"discounts":13282.5,"cost":16839.749999046326,"profit":14152.750000953674,"pre_discount_revenue":44275.0,"margin":45.7,"avg_discount":60.0},{"deal_name":"Senior - 10% Off","times_used":666,"units":858.0,"revenue":35666.4999961853,"discounts":4130.999999046326,"cost":15799.574999809265,"profit":19866.924996376038,"pre_discount_revenue":39797.5,"margin":55.7,"avg_discount":20.8},{"deal_name":"Matrix 30% Off","times_used":574,"units":760.0,"revenue":27686.875,"discounts":11919.375,"cost":15386.25,"profit":12300.625,"pre_discount_revenue":39606.25,"margin":44.4,"avg_discount":60.2},{"deal_name":"Veterans - 10% Off","times_used":554,"units":621.0,"revenue":26882.925000190735,"discounts":3072.074999809265,"cost":11858.900001049042,"profit":15024.024996757507,"pre_discount_revenue":29955.0,"margin":55.9,"avg_discount":20.6},{"deal_name":"Employee - 40% OFF","times_used":430,"units":565.0,"revenue":15807.987499833107,"discounts":10598.26250076294,"cost":10243.75,"profit":5564.237499833107,"pre_discount_revenue":26406.25,"margin":35.2,"avg_discount":80.2},{"deal_name":"GW - 50% Off Flower","times_used":418,"units":604.0,"revenue":11428.75,"discounts":11533.75,"cost":8305.0,"profit":3123.75,"pre_discount_revenue":22962.5,"margin":27.3,"avg_discount":100.4},{"deal_name":"Matrix Rippers 2 for $72","times_used":340,"units":708.0,"revenue":31860.0,"discounts":7965.0,"cost":15960.0,"profit":15900.0,"pre_discount_revenue":39825.0,"margin":49.9,"avg_discount":40.0},{"deal_name":"Stock & Save - 1/4 for $50","times_used":332,"units":516.0,"revenue":16131.25,"discounts":3437.5,"cost":7145.0,"profit":8986.25,"pre_discount_revenue":19568.75,"margin":55.7,"avg_discount":35.2},{"deal_name":"Senior / Veterans - 20% Off","times_used":322,"units":521.3333333333334,"revenue":18489.23333485921,"discounts":4642.016666730245,"cost":8885.150001049042,"profit":9604.083332220713,"pre_discount_revenue":23131.25,"margin":51.9,"avg_discount":40.2},{"deal_name":"40% Off G2B - GW","times_used":264,"units":396.0,"revenue":12330.0,"discounts":8220.0,"cost":7995.0,"profit":4335.0,"pre_discount_revenue":20550.0,"margin":35.2,"avg_discount":80.0},{"deal_name":"50% Off IPR  / PR Packs","times_used":236,"units":288.0,"revenue":6300.0,"discounts":6300.0,"cost":5400.0,"profit":900.0,"pre_discount_revenue":12600.0,"margin":14.3,"avg_discount":100.0},{"deal_name":"40% Off G2B - Black Friday","times_used":182,"units":255.0,"revenue":8053.47500026226,"discounts":5415.275001525879,"cost":5272.5,"profit":2780.974999666214,"pre_discount_revenue":13468.75,"margin":34.5,"avg_discount":80.4},{"deal_name":"Store Credit - $15","times_used":134,"units":112.0,"revenue":3336.0458358128863,"discounts":2330.62083363533,"cost":2165.0,"profit":1171.0458330313365,"pre_discount_revenue":5666.666666666666,"margin":35.1,"avg_discount":82.2},{"deal_name":"Store Credit - $25","times_used":100,"units":84.0,"revenue":2326.1458357175193,"discounts":2046.7708349227905,"cost":1691.25,"profit":634.8958312968413,"pre_discount_revenue":4372.916666666667,"margin":27.3,"avg_discount":93.6},{"deal_name":"$50 Quarter Special","times_used":68,"units":94.0,"revenue":2937.5,"discounts":937.5,"cost":1500.625,"profit":1436.875,"pre_discount_revenue":3875.0,"margin":48.9,"avg_discount":48.4},{"deal_name":"Matrix/ Bad Batch Dispos -  2 for $72","times_used":68,"units":107.0,"revenue":4662.5,"discounts":1356.25,"cost":2407.5,"profit":2255.0,"pre_discount_revenue":6018.75,"margin":48.4,"avg_discount":45.0},{"deal_name":"Matrix 1/4 for $50","times_used":54,"units":116.0,"revenue":3625.0,"discounts":818.75,"cost":1635.0,"profit":1990.0,"pre_discount_revenue":4443.75,"margin":54.9,"avg_discount":36.8},{"deal_name":"Reina","times_used":46,"units":22.0,"revenue":687.5,"discounts":137.5,"cost":343.75,"profit":343.75,"pre_discount_revenue":825.0,"margin":50.0,"avg_discount":33.4},{"deal_name":"$50 1/4 - Matrix","times_used":46,"units":22.0,"revenue":687.5,"discounts":137.5,"cost":343.75,"profit":343.75,"pre_discount_revenue":825.0,"margin":50.0,"avg_discount":33.4},{"deal_name":"Real McCoy","times_used":46,"units":22.0,"revenue":687.5,"discounts":137.5,"cost":343.75,"profit":343.75,"pre_discount_revenue":825.0,"margin":50.0,"avg_discount":33.4},{"deal_name":"Neighborhood / ShareDowntown - 15%","times_used":40,"units":40.0,"revenue":1912.5,"discounts":337.5,"cost":912.5,"profit":1000.0,"pre_discount_revenue":2250.0,"margin":52.3,"avg_discount":30.0},{"deal_name":"Cannavative / Dogwalkers/ Doinks IPR 3pk 2 for $55","times_used":36,"units":70.0,"revenue":2411.25,"discounts":651.25,"cost":1312.5,"profit":1098.75,"pre_discount_revenue":3062.5,"margin":45.6,"avg_discount":42.6},{"deal_name":"Store Credit - $50","times_used":30,"units":23.0,"revenue":459.75000098347664,"discounts":777.7500021457672,"cost":491.25,"profit":-31.49999976158142,"pre_discount_revenue":1237.5,"margin":-6.9,"avg_discount":125.6},{"deal_name":"2 for $50 Real McCoy / Homies / Matrix / Sauced","times_used":30,"units":40.0,"revenue":1250.0,"discounts":375.0,"cost":675.625011920929,"profit":574.374988079071,"pre_discount_revenue":1625.0,"margin":45.9,"avg_discount":46.2},{"deal_name":"Sammy Davis Early Bird - 15% Off","times_used":24,"units":24.0,"revenue":1083.75,"discounts":191.25,"cost":495.0,"profit":588.75,"pre_discount_revenue":1275.0,"margin":54.3,"avg_discount":30.0},{"deal_name":"Sammy - Blowout Flower","times_used":20,"units":20.0,"revenue":487.5,"discounts":262.5,"cost":275.0,"profit":212.5,"pre_discount_revenue":750.0,"margin":43.6,"avg_discount":70.0},{"deal_name":"Main St Happy Hour - 25% Off","times_used":20,"units":22.0,"revenue":928.125,"discounts":309.375,"cost":495.0,"profit":433.125,"pre_discount_revenue":1237.5,"margin":46.7,"avg_discount":50.0},{"deal_name":"Store Credit - $75","times_used":14,"units":19.0,"revenue":283.48749950528145,"discounts":547.7624988555908,"cost":300.0,"profit":-16.512500047683716,"pre_discount_revenue":831.25,"margin":-5.8,"avg_discount":131.8},{"deal_name":"Medical - 10%","times_used":12,"units":12.0,"revenue":540.0,"discounts":60.0,"cost":232.5,"profit":307.5,"pre_discount_revenue":600.0,"margin":56.9,"avg_discount":20.0},{"deal_name":"Store Credit - $100","times_used":8,"units":5.0,"revenue":110.72499990463257,"discounts":139.27500247955322,"cost":96.25,"profit":14.47499930858612,"pre_discount_revenue":250.0,"margin":13.1,"avg_discount":111.4},{"deal_name":"Reno - Early Bird - Senior / Veterans - 20%","times_used":2,"units":2.0,"revenue":70.0,"discounts":17.5,"cost":30.0,"profit":40.0,"pre_discount_revenue":87.5,"margin":57.1,"avg_discount":40.0},{"deal_name":"Senior Sunday - RENO ONLY - 20% Off","times_used":2,"units":2.0,"revenue":60.0,"discounts":15.0,"cost":27.5,"profit":32.5,"pre_discount_revenue":75.0,"margin":54.2,"avg_discount":40.0},{"deal_name":"Veterans Day - 30% Off For Veterans!","times_used":2,"units":2.0,"revenue":61.25,"discounts":26.25,"cost":37.5,"profit":23.75,"pre_discount_revenue":87.5,"margin":38.8,"avg_discount":60.0}],"top_products":[{"product":"BLUEBERRY KUSH LR INFUSED DOINKS 4 PK - MATRIX","units":4084,"revenue":136981.396484375,"cost":66555.0,"profit":70426.4013671875,"transactions":3566,"margin":51.400001525878906},{"product":"GODS BREATH LIVE RESIN RIPPER - MATRIX","units":2340,"revenue":103312.9296875,"cost":52820.0,"profit":50492.9248046875,"transactions":2170,"margin":48.900001525878906},{"product":"DIAMONDS LR INFUSED DOINKS 4 PK - MATRIX","units":3046,"revenue":103255.751953125,"cost":48157.5,"profit":55098.251953125,"transactions":2700,"margin":53.400001525878906},{"product":"WATERMELON OG LR INFUSED DOINKS 4 PK - MATRIX","units":2884,"revenue":95042.548828125,"cost":46305.0,"profit":48737.548828125,"transactions":2558,"margin":51.29999923706055},{"product":"JOKERZ CANDY LIVE RESIN RIPPER - MATRIX","units":1952,"revenue":88975.0,"cost":43920.0,"profit":45055.0,"transactions":1862,"margin":50.599998474121094},{"product":"GG4 LIVE RESIN RIPPER - MATRIX","units":1954,"revenue":86123.154296875,"cost":46162.5,"profit":39960.6494140625,"transactions":1850,"margin":46.400001525878906},{"product":"SUGAR TITS LIVE RESIN RIPPER - MATRIX","units":1990,"revenue":85754.12109375,"cost":45402.5,"profit":40351.6259765625,"transactions":1832,"margin":47.099998474121094},{"product":"ORIGINAL GLUE LIVE RESIN RIPPER - MATRIX","units":1852,"revenue":80501.9482421875,"cost":42035.0,"profit":38466.95068359375,"transactions":1726,"margin":47.79999923706055},{"product":"LARRY BURNZ LIVE RESIN RIPPER - MATRIX","units":1874,"revenue":79744.0478515625,"cost":42165.0,"profit":37579.05029296875,"transactions":1686,"margin":47.099998474121094},{"product":"GPxAB LIVE RESIN RIPPER - MATRIX","units":1694,"revenue":77169.873046875,"cost":38935.0,"profit":38234.87548828125,"transactions":1588,"margin":49.5},{"product":"CHILEAN SUNDAE LIVE RESIN RIPPER - MATRIX","units":1622,"revenue":74910.0732421875,"cost":36495.0,"profit":38415.07568359375,"transactions":1542,"margin":51.29999923706055},{"product":"DURBAN POISON LIVE RESIN RIPPER - MATRIX","units":1406,"revenue":69851.875,"cost":33392.5,"profit":36459.375,"transactions":1330,"margin":52.20000076293945},{"product":"GRAPE OG LR INFUSED DOINKS 4 PK - MATRIX","units":2096,"revenue":69377.0263671875,"cost":34275.0,"profit":35102.02392578125,"transactions":1900,"margin":50.599998474121094},{"product":"PEACHES LR INFUSED DOINKS 4 PK - MATRIX","units":1990,"revenue":69231.123046875,"cost":31432.5,"profit":37798.62548828125,"transactions":1720,"margin":54.599998474121094},{"product":"GPxAB EIGHTH - MATRIX","units":2126,"revenue":62303.9501953125,"cost":29232.5,"profit":33071.4501953125,"transactions":1740,"margin":53.099998474121094},{"product":"BLUE ANDEZE EIGHTH - MATRIX","units":1956,"revenue":59535.4248046875,"cost":26895.0,"profit":32640.4248046875,"transactions":1620,"margin":54.79999923706055},{"product":"BLUE ANDEZE LIVE RESIN RIPPER - MATRIX","units":1244,"revenue":56559.150390625,"cost":27990.0,"profit":28569.150390625,"transactions":1186,"margin":50.5},{"product":"LIMONCELLO LIVE RESIN RIPPER - MATRIX","units":1224,"revenue":52924.375,"cost":28820.0,"profit":24104.375,"transactions":1152,"margin":45.5},{"product":"SUGAR TITS EIGHTH - MATRIX","units":1658,"revenue":51965.9228515625,"cost":23113.40087890625,"profit":28852.5244140625,"transactions":1318,"margin":55.5},{"product":"EMERALD GHOST COOKIES LIVE RESIN RIPPER - MATRIX","units":1244,"revenue":51479.775390625,"cost":27990.0,"profit":23489.775390625,"transactions":1170,"margin":45.599998474121094},{"product":"PINEAPPLE GELATO LR INFUSED DOINKS 4 PK - MATRIX","units":1538,"revenue":49853.84765625,"cost":23070.0,"profit":26783.85009765625,"transactions":1418,"margin":53.70000076293945},{"product":"SUPERSONIC TITS LIVE RESIN RIPPER - MATRIX","units":1140,"revenue":49008.7744140625,"cost":25650.0,"profit":23358.7744140625,"transactions":1074,"margin":47.70000076293945},{"product":"VEGETA LIVE RESIN RIPPER - MATRIX","units":1086,"revenue":48641.34765625,"cost":24435.0,"profit":24206.35009765625,"transactions":1000,"margin":49.79999923706055},{"product":"CERTIFIED LOVERBOY LIVE RESIN RIPPER - MATRIX","units":932,"revenue":41826.875,"cost":20970.0,"profit":20856.875,"transactions":880,"margin":49.900001525878906},{"product":"GUSHY STUFF LIVE RESIN RIPPER - MATRIX","units":948,"revenue":39830.625,"cost":22515.0,"profit":17315.625,"transactions":878,"margin":43.5}],"products_by_store":{"Elevation Springs":[{"product":"GODS BREATH LIVE RESIN RIPPER - MATRIX","units":736,"revenue":32041.474609375,"cost":16560.0,"profit":15481.474609375,"transactions":688,"margin":48.29999923706055},{"product":"SUGAR TITS LIVE RESIN RIPPER - MATRIX","units":696,"revenue":28465.3759765625,"cost":15912.5,"profit":12552.874755859375,"transactions":612,"margin":44.099998474121094},{"product":"LARRY BURNZ LIVE RESIN RIPPER - MATRIX","units":644,"revenue":27175.0,"cost":14490.0,"profit":12685.0,"transactions":580,"margin":46.70000076293945},{"product":"BLUEBERRY KUSH LR INFUSED DOINKS 4 PK - MATRIX","units":750,"revenue":25161.4501953125,"cost":11812.5,"profit":13348.9501953125,"transactions":664,"margin":53.099998474121094},{"product":"JOKERZ CANDY LIVE RESIN RIPPER - MATRIX","units":554,"revenue":25015.0,"cost":12465.0,"profit":12550.0,"transactions":526,"margin":50.20000076293945},{"product":"CHILEAN SUNDAE LIVE RESIN RIPPER - MATRIX","units":532,"revenue":24854.65087890625,"cost":11970.0,"profit":12884.649658203125,"transactions":508,"margin":51.79999923706055},{"product":"ORIGINAL GLUE LIVE RESIN RIPPER - MATRIX","units":492,"revenue":21025.0,"cost":11130.0,"profit":9895.0,"transactions":454,"margin":47.099998474121094},{"product":"BLUE DIAMOND LIVE RESIN RIPPER - MATRIX","units":432,"revenue":18238.5498046875,"cost":9720.0,"profit":8518.5498046875,"transactions":406,"margin":46.70000076293945},{"product":"WATERMELON OG LR INFUSED DOINKS 4 PK - MATRIX","units":548,"revenue":17998.924560546875,"cost":8595.0,"profit":9403.925170898438,"transactions":498,"margin":52.20000076293945},{"product":"DIAMONDS LR INFUSED DOINKS 4 PK - MATRIX","units":544,"revenue":17845.625,"cost":8332.5,"profit":9513.125,"transactions":478,"margin":53.29999923706055},{"product":"BLUE ANDEZE LIVE RESIN RIPPER - MATRIX","units":392,"revenue":17732.9248046875,"cost":8820.0,"profit":8912.9248046875,"transactions":374,"margin":50.29999923706055},{"product":"GPxAB LIVE RESIN RIPPER - MATRIX","units":346,"revenue":15675.625,"cost":7785.0,"profit":7890.625,"transactions":316,"margin":50.29999923706055},{"product":"GG4 LIVE RESIN RIPPER - MATRIX","units":348,"revenue":14538.75,"cost":8265.0,"profit":6273.75,"transactions":324,"margin":43.20000076293945},{"product":"PINEAPPLE GELATO LR INFUSED DOINKS 4 PK - MATRIX","units":444,"revenue":14407.9248046875,"cost":6660.0,"profit":7747.9248046875,"transactions":412,"margin":53.79999923706055},{"product":"GPxAB EIGHTH - MATRIX","units":474,"revenue":13908.75,"cost":6517.5,"profit":7391.25,"transactions":440,"margin":53.099998474121094}],"Elevation Mesa":[{"product":"BLUEBERRY KUSH LR INFUSED DOINKS 4 PK - MATRIX","units":902,"revenue":28317.5,"cost":15067.5,"profit":13250.0,"transactions":696,"margin":46.79999923706055},{"product":"BLUE ANDEZE EIGHTH - MATRIX","units":820,"revenue":24790.0244140625,"cost":11275.0,"profit":13515.0244140625,"transactions":690,"margin":54.5},{"product":"GG4 LIVE RESIN RIPPER - MATRIX","units":544,"revenue":22372.5244140625,"cost":12675.0,"profit":9697.525024414062,"transactions":524,"margin":43.29999923706055},{"product":"WATERMELON OG LR INFUSED DOINKS 4 PK - MATRIX","units":642,"revenue":20106.0498046875,"cost":10552.5,"profit":9553.5498046875,"transactions":518,"margin":47.5},{"product":"SUGAR TITS LIVE RESIN RIPPER - MATRIX","units":452,"revenue":19383.125,"cost":10545.0,"profit":8838.125,"transactions":416,"margin":45.599998474121094},{"product":"ORIGINAL GLUE LIVE RESIN RIPPER - MATRIX","units":440,"revenue":19058.75,"cost":10025.0,"profit":9033.75,"transactions":412,"margin":47.400001525878906},{"product":"BANANA CREAM SUNDAE EIGHTH - MATRIX","units":582,"revenue":17586.175537109375,"cost":8002.5,"profit":9583.674926757812,"transactions":490,"margin":54.5},{"product":"DIAMONDS LR INFUSED DOINKS 4 PK - MATRIX","units":510,"revenue":16738.399658203125,"cost":8212.5,"profit":8525.900268554688,"transactions":446,"margin":50.900001525878906},{"product":"GRAPE OG LR INFUSED DOINKS 4 PK - MATRIX","units":446,"revenue":14470.0,"cost":7612.5,"profit":6857.5,"transactions":390,"margin":47.400001525878906},{"product":"LIMONCELLO LIVE RESIN RIPPER - MATRIX","units":300,"revenue":13078.125,"cost":7125.0,"profit":5953.125,"transactions":286,"margin":45.5},{"product":"SUGAR TITS EIGHTH - MATRIX","units":420,"revenue":12256.25,"cost":5855.0,"profit":6401.25,"transactions":312,"margin":52.20000076293945},{"product":"DURBAN POISON LIVE RESIN RIPPER - MATRIX","units":248,"revenue":12174.375,"cost":5890.0,"profit":6284.375,"transactions":232,"margin":51.599998474121094},{"product":"PEACHES LR INFUSED DOINKS 4 PK - MATRIX","units":350,"revenue":11917.5,"cost":5632.5,"profit":6285.0,"transactions":276,"margin":52.70000076293945},{"product":"GODS BREATH LIVE RESIN RIPPER - MATRIX","units":252,"revenue":11326.875,"cost":5670.0,"profit":5656.875,"transactions":240,"margin":49.900001525878906},{"product":"DUPREES DIAMONDS EIGHTH - MATRIX","units":358,"revenue":10947.5,"cost":5181.4752197265625,"profit":5766.0247802734375,"transactions":320,"margin":52.70000076293945}],"Elevation Oasis":[{"product":"BLUEBERRY KUSH LR INFUSED DOINKS 4 PK - MATRIX","units":948,"revenue":32780.2490234375,"cost":15345.0,"profit":17435.250244140625,"transactions":852,"margin":53.20000076293945},{"product":"DIAMONDS LR INFUSED DOINKS 4 PK - MATRIX","units":702,"revenue":23056.826171875,"cost":10717.5,"profit":12339.324951171875,"transactions":604,"margin":53.5},{"product":"WATERMELON OG LR INFUSED DOINKS 4 PK - MATRIX","units":616,"revenue":20661.52587890625,"cost":9802.5,"profit":10859.024658203125,"transactions":554,"margin":52.599998474121094},{"product":"GODS BREATH LIVE RESIN RIPPER - MATRIX","units":442,"revenue":19575.224609375,"cost":9945.0,"profit":9630.225219726562,"transactions":366,"margin":49.20000076293945},{"product":"JOKERZ CANDY LIVE RESIN RIPPER - MATRIX","units":354,"revenue":16602.5,"cost":7965.0,"profit":8637.5,"transactions":320,"margin":52.0},{"product":"GRAPE OG LR INFUSED DOINKS 4 PK - MATRIX","units":452,"revenue":15167.425537109375,"cost":7155.0,"profit":8012.4249267578125,"transactions":398,"margin":52.79999923706055},{"product":"PEACHES LR INFUSED DOINKS 4 PK - MATRIX","units":398,"revenue":13728.75,"cost":6157.5,"profit":7571.25,"transactions":352,"margin":55.099998474121094},{"product":"SUGAR TITS EIGHTH - MATRIX","units":400,"revenue":13267.7001953125,"cost":5500.0,"profit":7767.7001953125,"transactions":274,"margin":58.5},{"product":"BLUE ANDEZE EIGHTH - MATRIX","units":410,"revenue":12885.0,"cost":5637.5,"profit":7247.5,"transactions":290,"margin":56.20000076293945},{"product":"LARRY BURNZ LIVE RESIN RIPPER - MATRIX","units":298,"revenue":12457.5,"cost":6705.0,"profit":5752.5,"transactions":256,"margin":46.20000076293945},{"product":"CHILEAN SUNDAE LIVE RESIN RIPPER - MATRIX","units":250,"revenue":11857.5,"cost":5625.0,"profit":6232.5,"transactions":222,"margin":52.599998474121094},{"product":"GPxAB EIGHTH - MATRIX","units":364,"revenue":11188.75,"cost":5005.0,"profit":6183.75,"transactions":246,"margin":55.29999923706055},{"product":"EMERALD GHOST COOKIES LIVE RESIN RIPPER - MATRIX","units":250,"revenue":10206.25,"cost":5625.0,"profit":4581.25,"transactions":224,"margin":44.900001525878906},{"product":"GPxAB LIVE RESIN RIPPER - MATRIX","units":200,"revenue":9886.875,"cost":4625.0,"profit":5261.875,"transactions":168,"margin":53.20000076293945},{"product":"PINEAPPLE GELATO LR INFUSED DOINKS 4 PK - MATRIX","units":302,"revenue":9867.17529296875,"cost":4530.0,"profit":5337.17529296875,"transactions":266,"margin":54.099998474121094}],"Elevation Downtown":[{"product":"SUGAR TITS LIVE RESIN RIPPER - MATRIX","units":150,"revenue":6616.875,"cost":3375.0,"profit":3241.875,"transactions":140,"margin":49.0},{"product":"CHILEAN SUNDAE LIVE RESIN RIPPER - MATRIX","units":116,"revenue":5381.25,"cost":2610.0,"profit":2771.25,"transactions":112,"margin":51.5},{"product":"JESSICA RABBIT LIVE RESIN RIPPER - MATRIX","units":100,"revenue":4520.625,"cost":2255.0,"profit":2265.625,"transactions":94,"margin":50.099998474121094},{"product":"LARRY BURNZ LIVE RESIN RIPPER - MATRIX","units":96,"revenue":3950.625,"cost":2160.0,"profit":1790.625,"transactions":84,"margin":45.29999923706055},{"product":"BLUE ANDEZE LIVE RESIN RIPPER - MATRIX","units":76,"revenue":3480.0,"cost":1710.0,"profit":1770.0,"transactions":74,"margin":50.900001525878906},{"product":"JOKERZ CANDY LIVE RESIN RIPPER - MATRIX","units":70,"revenue":3241.875,"cost":1575.0,"profit":1666.875,"transactions":66,"margin":51.400001525878906},{"product":"GODS BREATH LIVE RESIN RIPPER - MATRIX","units":72,"revenue":3075.0,"cost":1620.0,"profit":1455.0,"transactions":70,"margin":47.29999923706055},{"product":"SLURTY 3 LIVE RESIN RIPPER - MATRIX","units":62,"revenue":2829.375,"cost":1452.5,"profit":1376.875,"transactions":60,"margin":48.70000076293945},{"product":"TRUFFALOHA LIVE RESIN RIPPER - MATRIX","units":50,"revenue":2405.625,"cost":1125.0,"profit":1280.625,"transactions":44,"margin":53.20000076293945},{"product":"VEGETA LIVE RESIN RIPPER - MATRIX","units":50,"revenue":2310.0,"cost":1125.0,"profit":1185.0,"transactions":44,"margin":51.29999923706055},{"product":"JEALOUSY X GELATO 41 LIVE RESIN RIPPER - MATRIX","units":50,"revenue":2240.625,"cost":1125.0,"profit":1115.625,"transactions":46,"margin":49.79999923706055},{"product":"SHINING SLIVER HAZE LIVE RESIN RIPPER - MATRIX","units":48,"revenue":2126.25,"cost":1080.0,"profit":1046.25,"transactions":48,"margin":49.20000076293945},{"product":"SUPERSONIC TITS LIVE RESIN RIPPER - MATRIX","units":50,"revenue":2122.5,"cost":1125.0,"profit":997.5,"transactions":48,"margin":47.0},{"product":"EMERALD GHOST COOKIES LIVE RESIN RIPPER - MATRIX","units":50,"revenue":1991.25,"cost":1125.0,"profit":866.25,"transactions":46,"margin":43.5},{"product":"SUPERSONIC BANANA LIVE RESIN RIPPER - MATRIX","units":36,"revenue":1580.625,"cost":810.0,"profit":770.625,"transactions":34,"margin":48.79999923706055}],"Elevation Midtown":[{"product":"BLUEBERRY KUSH LR INFUSED DOINKS 4 PK - MATRIX","units":516,"revenue":17717.19970703125,"cost":8317.5,"profit":9399.69970703125,"transactions":484,"margin":53.099998474121094},{"product":"WATERMELON OG LR INFUSED DOINKS 4 PK - MATRIX","units":510,"revenue":16951.0498046875,"cost":8092.5,"profit":8858.5498046875,"transactions":468,"margin":52.29999923706055},{"product":"PEACHES LR INFUSED DOINKS 4 PK - MATRIX","units":440,"revenue":15382.5,"cost":7050.0,"profit":8332.5,"transactions":360,"margin":54.20000076293945},{"product":"DIAMONDS LR INFUSED DOINKS 4 PK - MATRIX","units":416,"revenue":14365.400390625,"cost":6675.0,"profit":7690.3997802734375,"transactions":368,"margin":53.5},{"product":"JOKERZ CANDY LIVE RESIN RIPPER - MATRIX","units":228,"revenue":10685.0,"cost":5130.0,"profit":5555.0,"transactions":224,"margin":52.0},{"product":"GRAPE OG LR INFUSED DOINKS 4 PK - MATRIX","units":300,"revenue":9921.0498046875,"cost":4912.5,"profit":5008.550109863281,"transactions":288,"margin":50.5},{"product":"SUGAR TITS LIVE RESIN RIPPER - MATRIX","units":204,"revenue":9802.5,"cost":4590.0,"profit":5212.5,"transactions":196,"margin":53.20000076293945},{"product":"DURBAN POISON LIVE RESIN RIPPER - MATRIX","units":198,"revenue":9697.5,"cost":4702.5,"profit":4995.0,"transactions":192,"margin":51.5},{"product":"PINEAPPLE GELATO LR INFUSED DOINKS 4 PK - MATRIX","units":278,"revenue":9190.0,"cost":4170.0,"profit":5020.0,"transactions":248,"margin":54.599998474121094},{"product":"GODS BREATH EIGHTH - MATRIX","units":250,"revenue":8001.25,"cost":3437.5,"profit":4563.75,"transactions":192,"margin":57.0},{"product":"GG4 LIVE RESIN RIPPER - MATRIX","units":150,"revenue":7346.25,"cost":3562.5,"profit":3783.75,"transactions":140,"margin":51.5},{"product":"SUGAR TITS EIGHTH - MATRIX","units":214,"revenue":6900.92529296875,"cost":2942.5,"profit":3958.4249877929688,"transactions":184,"margin":57.400001525878906},{"product":"GPxAB EIGHTH - MATRIX","units":218,"revenue":6495.0,"cost":2997.5,"profit":3497.5,"transactions":186,"margin":53.79999923706055},{"product":"LIMONCELLO EIGHTH - MATRIX","units":174,"revenue":6037.5,"cost":2718.75,"profit":3318.75,"transactions":142,"margin":55.0},{"product":"SLURTY 3 EIGHTH - MATRIX","units":174,"revenue":5805.0,"cost":2718.75,"profit":3086.25,"transactions":170,"margin":53.20000076293945}],"Elevation Boulevard":[{"product":"LARRY BURNZ LIVE RESIN RIPPER - MATRIX","units":418,"revenue":17291.875,"cost":9405.0,"profit":7886.875,"transactions":376,"margin":45.599998474121094},{"product":"LIMONCELLO LIVE RESIN RIPPER - MATRIX","units":388,"revenue":15700.0,"cost":8965.0,"profit":6735.0,"transactions":358,"margin":42.900001525878906},{"product":"BLUEBERRY KUSH LR INFUSED DOINKS 4 PK - MATRIX","units":468,"revenue":14738.125,"cost":7387.5,"profit":7350.625,"transactions":396,"margin":49.900001525878906},{"product":"JOKERZ CANDY LIVE RESIN RIPPER - MATRIX","units":340,"revenue":14670.0,"cost":7650.0,"profit":7020.0,"transactions":332,"margin":47.900001525878906},{"product":"GODS BREATH LIVE RESIN RIPPER - MATRIX","units":318,"revenue":13597.2998046875,"cost":7272.5,"profit":6324.7998046875,"transactions":298,"margin":46.5},{"product":"ORIGINAL GLUE LIVE RESIN RIPPER - MATRIX","units":310,"revenue":13078.125,"cost":7100.0,"profit":5978.125,"transactions":284,"margin":45.70000076293945},{"product":"VEGETA LIVE RESIN RIPPER - MATRIX","units":294,"revenue":12316.55029296875,"cost":6615.0,"profit":5701.55029296875,"transactions":270,"margin":46.29999923706055},{"product":"GPxAB LIVE RESIN RIPPER - MATRIX","units":298,"revenue":12044.375,"cost":6830.0,"profit":5214.375,"transactions":284,"margin":43.29999923706055},{"product":"GPxAB EIGHTH - MATRIX","units":400,"revenue":11660.699462890625,"cost":5500.0,"profit":6160.7000732421875,"transactions":338,"margin":52.79999923706055},{"product":"DURBAN POISON LIVE RESIN RIPPER - MATRIX","units":200,"revenue":9039.375,"cost":4750.0,"profit":4289.375,"transactions":192,"margin":47.5},{"product":"BLUE ANDEZE EIGHTH - MATRIX","units":294,"revenue":8594.774780273438,"cost":4042.5,"profit":4552.275085449219,"transactions":266,"margin":53.0},{"product":"WATERMELON OG LR INFUSED DOINKS 4 PK - MATRIX","units":268,"revenue":8508.125,"cost":4207.5,"profit":4300.625,"transactions":244,"margin":50.5},{"product":"DIAMONDS LR INFUSED DOINKS 4 PK - MATRIX","units":264,"revenue":8452.625122070312,"cost":4140.0,"profit":4312.6251220703125,"transactions":232,"margin":51.0},{"product":"SHINING SLIVER HAZE LIVE RESIN RIPPER - MATRIX","units":196,"revenue":8343.75,"cost":4410.0,"profit":3933.75,"transactions":196,"margin":47.099998474121094},{"product":"GG4 LIVE RESIN RIPPER - MATRIX","units":200,"revenue":8328.75,"cost":4750.0,"profit":3578.75,"transactions":192,"margin":43.0}],"Elevation Parkway":[{"product":"GPxAB LIVE RESIN RIPPER - MATRIX","units":702,"revenue":32571.12548828125,"cost":16305.0,"profit":16266.12548828125,"transactions":680,"margin":49.900001525878906},{"product":"GG4 LIVE RESIN RIPPER - MATRIX","units":612,"revenue":29453.125,"cost":14535.0,"profit":14918.125,"transactions":582,"margin":50.70000076293945},{"product":"DIAMONDS LR INFUSED DOINKS 4 PK - MATRIX","units":610,"revenue":22796.875,"cost":10080.0,"profit":12716.875,"transactions":572,"margin":55.79999923706055},{"product":"DURBAN POISON LIVE RESIN RIPPER - MATRIX","units":408,"revenue":21475.0,"cost":9690.0,"profit":11785.0,"transactions":392,"margin":54.900001525878906},{"product":"GODS BREATH LIVE RESIN RIPPER - MATRIX","units":414,"revenue":19047.049560546875,"cost":9367.5,"profit":9679.550170898438,"transactions":404,"margin":50.79999923706055},{"product":"BLUEBERRY KUSH LR INFUSED DOINKS 4 PK - MATRIX","units":500,"revenue":18266.875,"cost":8625.0,"profit":9641.875,"transactions":474,"margin":52.79999923706055},{"product":"ORIGINAL GLUE LIVE RESIN RIPPER - MATRIX","units":366,"revenue":16974.375,"cost":8290.0,"profit":8684.375,"transactions":348,"margin":51.20000076293945},{"product":"EMERALD GHOST COOKIES LIVE RESIN RIPPER - MATRIX","units":348,"revenue":15360.0,"cost":7830.0,"profit":7530.0,"transactions":330,"margin":49.0},{"product":"LARRY BURNZ LIVE RESIN RIPPER - MATRIX","units":338,"revenue":15077.80029296875,"cost":7605.0,"profit":7472.80029296875,"transactions":320,"margin":49.599998474121094},{"product":"GUSHY STUFF LIVE RESIN RIPPER - MATRIX","units":298,"revenue":13770.0,"cost":7077.5,"profit":6692.5,"transactions":282,"margin":48.599998474121094},{"product":"HEADBAND LIVE RESIN RIPPER - MATRIX","units":268,"revenue":12030.0,"cost":6365.0,"profit":5665.0,"transactions":252,"margin":47.099998474121094},{"product":"CHILEAN SUNDAE LIVE RESIN RIPPER - MATRIX","units":250,"revenue":12001.875,"cost":5625.0,"profit":6376.875,"transactions":240,"margin":53.099998474121094},{"product":"SUGAR TITS LIVE RESIN RIPPER - MATRIX","units":246,"revenue":11084.375,"cost":5535.0,"profit":5549.375,"transactions":234,"margin":50.099998474121094},{"product":"JET 2 HOLIDAY LIVE RESIN RIPPER - MATRIX","units":248,"revenue":11058.75,"cost":5580.0,"profit":5478.75,"transactions":236,"margin":49.5},{"product":"WATERMELON OG LR INFUSED DOINKS 4 PK - MATRIX","units":300,"revenue":10816.875,"cost":5055.0,"profit":5761.875,"transactions":276,"margin":53.29999923706055}]},"store_summary":[{"store_clean":"Elevation Springs","units":17616,"revenue":701970.0,"cost":352225.625,"profit":349744.3359375,"discounts":197011.26953125,"margin":49.79999923706055,"discount_rate":21.899999618530273},{"store_clean":"Elevation Mesa","units":14744,"revenue":540953.828125,"cost":275306.1328125,"profit":265647.6953125,"discounts":160133.671875,"margin":49.099998474121094,"discount_rate":22.799999237060547},{"store_clean":"Elevation Parkway","units":11282,"revenue":492457.2265625,"cost":237990.0,"profit":254467.2265625,"discounts":99892.7734375,"margin":51.70000076293945,"discount_rate":16.899999618530273},{"store_clean":"Elevation Oasis","units":11982,"revenue":463667.734375,"cost":219008.2421875,"profit":244659.47265625,"discounts":105301.025390625,"margin":52.79999923706055,"discount_rate":18.5},{"store_clean":"Elevation Boulevard","units":11752,"revenue":438260.15625,"cost":230349.74609375,"profit":207910.4296875,"discounts":147769.82421875,"margin":47.400001525878906,"discount_rate":25.200000762939453},{"store_clean":"Elevation Midtown","units":7416,"revenue":294866.54296875,"cost":138579.375,"profit":156287.177734375,"discounts":59710.9521484375,"margin":53.0,"discount_rate":16.799999237060547},{"store_clean":"Elevation Downtown","units":1172,"revenue":50729.375,"cost":25907.5,"profit":24821.875,"discounts":13345.625,"margin":48.900001525878906,"discount_rate":20.799999237060547}],"recommendations":[{"severity":"info","title":"VOLUME LEVERAGE","detail":"$1,193,162 revenue provides negotiating leverage.","action":"Use volume as leverage in next vendor meeting."}],"comparison":null}