{"brand":"JEROME BAKER","date_range":"2024-01-01 00:00:00 to 2026-01-31 00:00:00","period_label":"All Time","summary":{"total_units":5900,"total_revenue":171447.3046875,"total_cost":85637.5,"total_discounts":42021.4501953125,"total_profit":85809.8046875,"overall_margin":50.099998474121094,"fp_margin":59.400001525878906,"disc_margin":43.29999923706055,"pct_full_price":41.79999923706055,"avg_discount_rate":19.700000762939453,"fp_revenue":71712.5,"disc_revenue":99734.794921875,"brand":"JEROME BAKER","date_range":"2024-01-01 00:00:00 to 2026-01-31 00:00:00","primary_category":"FLOWER","store_coverage":"6/7","stores_present":["Elevation Springs","Elevation Mesa","Elevation Oasis","Elevation Midtown","Elevation Boulevard","Elevation Parkway"],"stores_missing":["Elevation Downtown"],"velocity_rank":40,"velocity_total":64},"distribution":[{"store":"Elevation Springs","carries_brand":true,"sku_count":16,"revenue":34881.2744140625,"units":1212,"store_total_revenue":51138750.0,"brand_share_pct":0.10000000149011612},{"store":"Elevation Mesa","carries_brand":true,"sku_count":16,"revenue":55497.4755859375,"units":1852,"store_total_revenue":47532240.0,"brand_share_pct":0.10000000149011612},{"store":"Elevation Oasis","carries_brand":true,"sku_count":6,"revenue":459.67498779296875,"units":70,"store_total_revenue":56050145.0,"brand_share_pct":0.0},{"store":"Elevation Downtown","carries_brand":false,"sku_count":0,"revenue":0.0,"units":0,"store_total_revenue":1945237.1875,"brand_share_pct":0},{"store":"Elevation Midtown","carries_brand":true,"sku_count":24,"revenue":37905.6005859375,"units":1230,"store_total_revenue":30850185.0,"brand_share_pct":0.10000000149011612},{"store":"Elevation Boulevard","carries_brand":true,"sku_count":16,"revenue":39612.05078125,"units":1394,"store_total_revenue":28757865.0,"brand_share_pct":0.10000000149011612},{"store":"Elevation Parkway","carries_brand":true,"sku_count":14,"revenue":3091.2249755859375,"units":142,"store_total_revenue":21987007.5,"brand_share_pct":0.0}],"share_of_category":[{"category":"FLOWER","brand_revenue":151276.1328125,"category_revenue":77755450.0,"revenue_share_pct":0.20000000298023224,"brand_units":5158,"category_units":2708446,"units_share_pct":0.2},{"category":"ACCESSORY","brand_revenue":19923.67431640625,"category_revenue":4128754.0625,"revenue_share_pct":0.5,"brand_units":734,"category_units":2130096,"units_share_pct":0.0},{"category":0.0,"brand_revenue":0.0,"category_revenue":0.0,"revenue_share_pct":0.0,"brand_units":0,"category_units":0,"units_share_pct":0.0}],"share_of_category_trend":{"FLOWER":[{"period":"2024-01","brand_revenue":18920.0,"category_revenue":3552357.8125,"share_pct":0.5},{"period":"2024-02","brand_revenue":19836.8994140625,"category_revenue":3535245.625,"share_pct":0.6000000238418579},{"period":"2024-03","brand_revenue":37430.625,"category_revenue":3693805.625,"share_pct":1.0},{"period":"2024-04","brand_revenue":30165.0,"category_revenue":3541899.6875,"share_pct":0.8999999761581421},{"period":"2024-05","brand_revenue":34029.55078125,"category_revenue":3537479.375,"share_pct":1.0},{"period":"2024-06","brand_revenue":10894.05029296875,"category_revenue":3403269.6875,"share_pct":0.30000001192092896},{"period":"2024-07","brand_revenue":0.0,"category_revenue":3457705.9375,"share_pct":0.0},{"period":"2024-08","brand_revenue":0.0,"category_revenue":3453819.375,"share_pct":0.0},{"period":"2024-09","brand_revenue":0.0,"category_revenue":3316441.5625,"share_pct":0.0},{"period":"2024-10","brand_revenue":0.0,"category_revenue":3585775.0,"share_pct":0.0},{"period":"2024-11","brand_revenue":0.0,"category_revenue":3454855.3125,"share_pct":0.0},{"period":"2024-12","brand_revenue":0.0,"category_revenue":3226567.8125,"share_pct":0.0},{"period":"2025-01","brand_revenue":0.0,"category_revenue":2984938.125,"share_pct":0.0},{"period":"2025-02","brand_revenue":0.0,"category_revenue":2816220.0,"share_pct":0.0},{"period":"2025-03","brand_revenue":0.0,"category_revenue":2911379.6875,"share_pct":0.0},{"period":"2025-04","brand_revenue":0.0,"category_revenue":3118895.3125,"share_pct":0.0},{"period":"2025-05","brand_revenue":0.0,"category_revenue":2887345.0,"share_pct":0.0},{"period":"2025-06","brand_revenue":0.0,"category_revenue":2773698.125,"share_pct":0.0},{"period":"2025-07","brand_revenue":0.0,"category_revenue":2782763.125,"share_pct":0.0},{"period":"2025-08","brand_revenue":0.0,"category_revenue":2733122.8125,"share_pct":0.0},{"period":"2025-09","brand_revenue":0.0,"category_revenue":2603501.5625,"share_pct":0.0},{"period":"2025-10","brand_revenue":0.0,"category_revenue":2663705.0,"share_pct":0.0},{"period":"2025-11","brand_revenue":0.0,"category_revenue":2700189.0625,"share_pct":0.0},{"period":"2025-12","brand_revenue":0.0,"category_revenue":2515209.53125,"share_pct":0.0},{"period":"2026-01","brand_revenue":0.0,"category_revenue":2505261.875,"share_pct":0.0}],"ACCESSORY":[{"period":"2024-01","brand_revenue":2016.25,"category_revenue":153543.9453125,"share_pct":1.2999999523162842},{"period":"2024-02","brand_revenue":1454.375,"category_revenue":152399.47265625,"share_pct":1.0},{"period":"2024-03","brand_revenue":1424.0499877929688,"category_revenue":154678.876953125,"share_pct":0.8999999761581421},{"period":"2024-04","brand_revenue":884.6749877929688,"category_revenue":163353.65234375,"share_pct":0.5},{"period":"2024-05","brand_revenue":780.2999877929688,"category_revenue":179676.4453125,"share_pct":0.4000000059604645},{"period":"2024-06","brand_revenue":1325.625,"category_revenue":185008.828125,"share_pct":0.699999988079071},{"period":"2024-07","brand_revenue":781.25,"category_revenue":186675.46875,"share_pct":0.4000000059604645},{"period":"2024-08","brand_revenue":1451.25,"category_revenue":180226.328125,"share_pct":0.800000011920929},{"period":"2024-09","brand_revenue":525.0,"category_revenue":162386.298828125,"share_pct":0.30000001192092896},{"period":"2024-10","brand_revenue":1648.75,"category_revenue":166088.73046875,"share_pct":1.0},{"period":"2024-11","brand_revenue":815.9249877929688,"category_revenue":171706.09375,"share_pct":0.5},{"period":"2024-12","brand_revenue":1691.875,"category_revenue":176502.03125,"share_pct":1.0},{"period":"2025-01","brand_revenue":1192.5,"category_revenue":167261.34765625,"share_pct":0.699999988079071},{"period":"2025-02","brand_revenue":217.80000686645508,"category_revenue":155260.927734375,"share_pct":0.10000000149011612},{"period":"2025-03","brand_revenue":100.625,"category_revenue":176420.390625,"share_pct":0.10000000149011612},{"period":"2025-04","brand_revenue":610.625,"category_revenue":182694.82421875,"share_pct":0.30000001192092896},{"period":"2025-05","brand_revenue":381.25,"category_revenue":179904.4921875,"share_pct":0.20000000298023224},{"period":"2025-06","brand_revenue":61.550002098083496,"category_revenue":161148.75,"share_pct":0.0},{"period":"2025-07","brand_revenue":786.25,"category_revenue":165549.8046875,"share_pct":0.5},{"period":"2025-08","brand_revenue":537.5,"category_revenue":171752.05078125,"share_pct":0.30000001192092896},{"period":"2025-09","brand_revenue":510.625,"category_revenue":168198.9453125,"share_pct":0.30000001192092896},{"period":"2025-10","brand_revenue":371.875,"category_revenue":171844.55078125,"share_pct":0.20000000298023224},{"period":"2025-11","brand_revenue":106.25,"category_revenue":172839.74609375,"share_pct":0.10000000149011612},{"period":"2025-12","brand_revenue":110.0,"category_revenue":141954.873046875,"share_pct":0.10000000149011612},{"period":"2026-01","brand_revenue":137.5,"category_revenue":81677.1484375,"share_pct":0.20000000298023224}]},"velocity_by_category":[{"category":"FLOWER","brand_units_per_day":6.76,"category_avg_units_per_day":55.54,"velocity_index":12.2,"brand_rev_per_unit":23.46,"category_rev_per_unit":22.97,"brands_in_category":64},{"category":"ACCESSORY","brand_units_per_day":0.96,"category_avg_units_per_day":20.56,"velocity_index":4.7,"brand_rev_per_unit":21.72,"category_rev_per_unit":1.55,"brands_in_category":136},{"category":0.0,"brand_units_per_day":0.0,"category_avg_units_per_day":0,"velocity_index":0,"brand_rev_per_unit":0.0,"category_rev_per_unit":0.0,"brands_in_category":0}],"store_gaps":[{"store":"Elevation Oasis","category":"FLOWER","category_revenue_at_store":18965980.0,"opportunity":"Category not carried at this store"},{"store":"Elevation Parkway","category":"FLOWER","category_revenue_at_store":4297298.125,"opportunity":"Category not carried at this store"},{"store":"Elevation Downtown","category":"FLOWER","category_revenue_at_store":324929.8828125,"opportunity":"Brand not carried"},{"store":"Elevation Downtown","category":"ACCESSORY","category_revenue_at_store":61539.7021484375,"opportunity":"Brand not carried"}],"product_mix":{"top":[{"product":"BISCOTTI MINTZ EIGHTH - JEROME BAKER","units":2458,"revenue":71183.92578125,"cost":33955.67626953125,"profit":37228.24951171875,"stores":4,"transactions":2152,"margin":52.29999923706055},{"product":"LA KUSH CAKE EIGHTH - JEROME BAKER","units":1456,"revenue":42494.0478515625,"cost":20909.1748046875,"profit":21584.87548828125,"stores":4,"transactions":1256,"margin":50.79999923706055},{"product":"JEALOUSY EIGHTH - JEROME BAKER","units":1222,"revenue":36980.6494140625,"cost":18437.900390625,"profit":18542.750244140625,"stores":4,"transactions":1034,"margin":50.099998474121094},{"product":"$140 Jerome Baker Bong - Pixie","units":60,"revenue":8182.5,"cost":5250.0,"profit":2932.5,"stores":5,"transactions":60,"margin":35.79999923706055},{"product":"$200 Jerome Baker Bong - Keiki","units":18,"revenue":3700.0,"cost":2250.0,"profit":1450.0,"stores":4,"transactions":18,"margin":39.20000076293945},{"product":"$30 Jerome Baker Pipe - Clear Boy","units":116,"revenue":3486.25,"cost":1450.0,"profit":2036.25,"stores":5,"transactions":114,"margin":58.400001525878906},{"product":"$650 Limited Edition Jerome Baker Bong","units":6,"revenue":2250.0,"cost":1875.0,"profit":375.0,"stores":3,"transactions":6,"margin":16.700000762939453},{"product":"$2.50 Jerome Baker Glass Tips","units":478,"revenue":1318.6749267578125,"cost":597.5,"profit":721.1750030517578,"stores":6,"transactions":358,"margin":54.70000076293945},{"product":"ANIMAL MINTZ EIGHTH - JEROME BAKER","units":22,"revenue":617.5,"cost":297.25000381469727,"profit":320.25001525878906,"stores":1,"transactions":22,"margin":51.900001525878906},{"product":"$15 Jerome Baker Pipe - Spoon","units":26,"revenue":438.125,"cost":227.5,"profit":210.625,"stores":2,"transactions":26,"margin":48.099998474121094},{"product":"$25 Jerome Baker Lunchbox","units":12,"revenue":312.5,"cost":150.0,"profit":162.5,"stores":2,"transactions":12,"margin":52.0},{"product":"JEROME BAKER HAMMER PIPE","units":8,"revenue":247.5,"cost":112.5,"profit":135.0,"stores":1,"transactions":8,"margin":54.5},{"product":"$15 Small Jerome Baker Mood Mat","units":16,"revenue":173.125,"cost":100.0,"profit":73.125,"stores":4,"transactions":14,"margin":42.20000076293945},{"product":"$25 Large Jerome Baker Mood Mat","units":2,"revenue":62.5,"cost":25.0,"profit":37.5,"stores":1,"transactions":2,"margin":60.0}],"bottom":[],"expansion":[{"product":"BISCOTTI MINTZ EIGHTH - JEROME BAKER","current_stores":4,"total_stores":6,"missing_stores":["Elevation Oasis","Elevation Parkway"],"revenue":71183.92578125},{"product":"LA KUSH CAKE EIGHTH - JEROME BAKER","current_stores":4,"total_stores":6,"missing_stores":["Elevation Oasis","Elevation Parkway"],"revenue":42494.0478515625},{"product":"JEALOUSY EIGHTH - JEROME BAKER","current_stores":4,"total_stores":6,"missing_stores":["Elevation Oasis","Elevation Parkway"],"revenue":36980.6494140625},{"product":"$140 Jerome Baker Bong - Pixie","current_stores":5,"total_stores":6,"missing_stores":["Elevation Oasis"],"revenue":8182.5},{"product":"$200 Jerome Baker Bong - Keiki","current_stores":4,"total_stores":6,"missing_stores":["Elevation Oasis","Elevation Boulevard"],"revenue":3700.0},{"product":"$30 Jerome Baker Pipe - Clear Boy","current_stores":5,"total_stores":6,"missing_stores":["Elevation Oasis"],"revenue":3486.25},{"product":"$650 Limited Edition Jerome Baker Bong","current_stores":3,"total_stores":6,"missing_stores":["Elevation Springs","Elevation Oasis","Elevation Parkway"],"revenue":2250.0},{"product":"$15 Jerome Baker Pipe - Spoon","current_stores":2,"total_stores":6,"missing_stores":["Elevation Springs","Elevation Mesa","Elevation Oasis","Elevation Boulevard"],"revenue":438.125},{"product":"$25 Jerome Baker Lunchbox","current_stores":2,"total_stores":6,"missing_stores":["Elevation Springs","Elevation Mesa","Elevation Oasis","Elevation Boulevard"],"revenue":312.5},{"product":"$15 Small Jerome Baker Mood Mat","current_stores":4,"total_stores":6,"missing_stores":["Elevation Mesa","Elevation Boulevard"],"revenue":173.125}]},"pricing_consistency":[{"product":"$15 Small Jerome Baker Mood Mat","min_price":17.75,"max_price":37.5,"avg_price":25.53125,"std_dev":3.6987328911398833,"store_count":8,"price_range":19.75,"range_pct":77.4},{"product":"$200 Jerome Baker Bong - Keiki","min_price":250.0,"max_price":500.0,"avg_price":362.5,"std_dev":41.23105625617661,"store_count":8,"price_range":250.0,"range_pct":69.0},{"product":"$650 Limited Edition Jerome Baker Bong","min_price":525.0,"max_price":975.0,"avg_price":750.0,"std_dev":90.0,"store_count":6,"price_range":450.0,"range_pct":60.0},{"product":"$30 Jerome Baker Pipe - Clear Boy","min_price":44.916666666666664,"max_price":70.10869565217392,"avg_price":57.976226309921955,"std_dev":3.691750585397889,"store_count":10,"price_range":25.192028985507253,"range_pct":43.5},{"product":"$140 Jerome Baker Bong - Pixie","min_price":215.0,"max_price":320.0,"avg_price":271.43888888888887,"std_dev":15.827391477677374,"store_count":10,"price_range":105.0,"range_pct":38.7},{"product":"$25 Jerome Baker Lunchbox","min_price":50.0,"max_price":62.5,"avg_price":56.25,"std_dev":3.5355339059327378,"store_count":4,"price_range":12.5,"range_pct":22.2},{"product":"$2.50 Jerome Baker Glass Tips","min_price":4.747115281911997,"max_price":5.850531801264337,"avg_price":5.413227074222392,"std_dev":0.164261982781389,"store_count":12,"price_range":1.1034165193523404,"range_pct":20.4},{"product":"BISCOTTI MINTZ EIGHTH - JEROME BAKER","min_price":53.442923677884615,"max_price":62.5238066312799,"avg_price":58.30652165565297,"std_dev":1.4903948381195036,"store_count":8,"price_range":9.08088295339529,"range_pct":15.6},{"product":"JEALOUSY EIGHTH - JEROME BAKER","min_price":56.55902777777777,"max_price":64.61904761904762,"avg_price":60.74456674195987,"std_dev":1.518542872665824,"store_count":8,"price_range":8.060019841269845,"range_pct":13.3},{"product":"LA KUSH CAKE EIGHTH - JEROME BAKER","min_price":55.248032078598484,"max_price":60.365437158469945,"avg_price":58.39648486879092,"std_dev":0.9202966192051615,"store_count":8,"price_range":5.117405079871453,"range_pct":8.8},{"product":"$15 Jerome Baker Pipe - Spoon","min_price":33.5,"max_price":34.375,"avg_price":33.9375,"std_dev":0.247487373415292,"store_count":4,"price_range":0.8749999999999991,"range_pct":2.6}],"promotional_effectiveness":{"lift":{"fp_units_per_day":8.08,"disc_units_per_day":15.5,"lift_pct":91.8,"fp_avg_revenue_per_unit":69.825,"disc_avg_revenue_per_unit":51.875},"by_deal":[{"deal_name":"Industry - 30% Off","uses":751,"revenue":43080.625,"discounts":18463.125,"units":1698.0,"cost":24237.475028038025,"margin":43.7,"discount_depth":60.0},{"deal_name":"Jerome Baker / White Cloud - 1/4 for $40","uses":178,"revenue":15050.0,"discounts":7812.5,"units":602.0,"cost":8585.625011920929,"margin":43.0,"discount_depth":68.4},{"deal_name":"Senior - 10% Off","uses":44,"revenue":3564.375,"discounts":404.375,"units":114.0,"cost":1584.1250085830688,"margin":55.6,"discount_depth":20.4},{"deal_name":"Veterans - 10% Off","uses":39,"revenue":1867.5,"discounts":207.5,"units":90.0,"cost":802.7500009536743,"margin":57.0,"discount_depth":20.0},{"deal_name":"Senior / Veterans - 20% Off","uses":20,"revenue":1470.0,"discounts":367.5,"units":56.0,"cost":722.0500016212463,"margin":50.9,"discount_depth":40.0},{"deal_name":"Employee 30% - NOT FRIDAYS","uses":5,"revenue":551.25,"discounts":236.25,"units":14.0,"cost":640.0,"margin":-16.1,"discount_depth":60.0},{"deal_name":"Industry 30% Off","uses":4,"revenue":411.25,"discounts":176.25,"units":8.0,"cost":280.0,"margin":31.9,"discount_depth":60.0},{"deal_name":"30% Off Special","uses":3,"revenue":525.0,"discounts":225.0,"units":6.0,"cost":525.0,"margin":0.0,"discount_depth":60.0},{"deal_name":"LVAC - 25% Off","uses":2,"revenue":267.17500001192093,"discounts":89.07499998807907,"units":4.0,"cost":177.5,"margin":33.6,"discount_depth":50.0},{"deal_name":"Jackpot - Locals 30% Off","uses":1,"revenue":8.75,"discounts":3.75,"units":4.0,"cost":5.0,"margin":42.9,"discount_depth":60.0}]},"growth_opportunities":[{"type":"distribution","title":"Expand to Elevation Downtown","detail":"Store has $154,588 in ACCESSORY, FLOWER \u2014 categories where JEROME BAKER competes.","priority":"high"},{"type":"sku_expansion","title":"Add '$140 Jerome Baker Bong - Pixie' to 1 more store(s)","detail":"Carried in 5 stores. Missing from: Elevation Oasis","priority":"medium"},{"type":"sku_expansion","title":"Add '$15 Jerome Baker Pipe - Spoon' to 4 more store(s)","detail":"Carried in 2 stores. Missing from: Elevation Springs, Elevation Mesa, Elevation Oasis, Elevation Boulevard","priority":"medium"},{"type":"sku_expansion","title":"Add '$15 Small Jerome Baker Mood Mat' to 2 more store(s)","detail":"Carried in 4 stores. Missing from: Elevation Mesa, Elevation Boulevard","priority":"medium"},{"type":"sku_expansion","title":"Add '$200 Jerome Baker Bong - Keiki' to 2 more store(s)","detail":"Carried in 4 stores. Missing from: Elevation Oasis, Elevation Boulevard","priority":"medium"},{"type":"sku_expansion","title":"Add '$25 Jerome Baker Lunchbox' to 4 more store(s)","detail":"Carried in 2 stores. Missing from: Elevation Springs, Elevation Mesa, Elevation Oasis, Elevation Boulevard","priority":"medium"},{"type":"velocity","title":"Improve velocity in FLOWER","detail":"Velocity index 12 (below category average). 3.4 units/day vs 27.8 avg.","priority":"medium"},{"type":"velocity","title":"Improve velocity in ACCESSORY","detail":"Velocity index 5 (below category average). 0.5 units/day vs 10.3 avg.","priority":"medium"},{"type":"velocity","title":"Improve velocity in nan","detail":"Velocity index 0 (below category average). 0.0 units/day vs 0.0 avg.","priority":"medium"}],"trend":[{"period":"2024-01","revenue":20936.25,"cost":10979.549560546875,"margin":47.6,"units":698,"transactions":622,"profit":9956.699829101562,"revenue_change_pct":null,"units_change_pct":null,"margin_change_pts":null},{"period":"2024-02","revenue":21291.2744140625,"cost":10539.100341796875,"margin":50.5,"units":708,"transactions":624,"profit":10752.17529296875,"revenue_change_pct":1.7,"units_change_pct":1.4,"margin_change_pts":2.9},{"period":"2024-03","revenue":38854.67529296875,"cost":19601.35009765625,"margin":49.6,"units":1344,"transactions":1044,"profit":19253.3251953125,"revenue_change_pct":82.5,"units_change_pct":89.8,"margin_change_pts":-0.9},{"period":"2024-04","revenue":31049.67529296875,"cost":15371.25,"margin":50.5,"units":1136,"transactions":932,"profit":15678.42529296875,"revenue_change_pct":-20.1,"units_change_pct":-15.5,"margin_change_pts":0.9},{"period":"2024-05","revenue":34809.85107421875,"cost":16107.5,"margin":53.7,"units":1206,"transactions":1026,"profit":18702.349853515625,"revenue_change_pct":12.1,"units_change_pct":6.2,"margin_change_pts":3.2},{"period":"2024-06","revenue":12219.67529296875,"cost":5373.75,"margin":56.0,"units":416,"transactions":382,"profit":6845.92529296875,"revenue_change_pct":-64.9,"units_change_pct":-65.5,"margin_change_pts":2.3},{"period":"2024-07","revenue":781.25,"cost":290.0,"margin":62.9,"units":40,"transactions":40,"profit":491.25,"revenue_change_pct":-93.6,"units_change_pct":-90.4,"margin_change_pts":6.9},{"period":"2024-08","revenue":1451.25,"cost":652.5,"margin":55.0,"units":30,"transactions":30,"profit":798.75,"revenue_change_pct":85.8,"units_change_pct":-25.0,"margin_change_pts":-7.8},{"period":"2024-09","revenue":525.0,"cost":260.0,"margin":50.5,"units":10,"transactions":10,"profit":265.0,"revenue_change_pct":-63.8,"units_change_pct":-66.7,"margin_change_pts":-4.6},{"period":"2024-10","revenue":1648.75,"cost":1187.5,"margin":28.0,"units":20,"transactions":18,"profit":461.25,"revenue_change_pct":214.0,"units_change_pct":100.0,"margin_change_pts":-22.5},{"period":"2024-11","revenue":815.9249877929688,"cost":405.0,"margin":50.4,"units":22,"transactions":22,"profit":410.92498779296875,"revenue_change_pct":-50.5,"units_change_pct":10.0,"margin_change_pts":22.4},{"period":"2024-12","revenue":1691.875,"cost":935.0,"margin":44.7,"units":42,"transactions":30,"profit":756.875,"revenue_change_pct":107.4,"units_change_pct":90.9,"margin_change_pts":-5.6},{"period":"2025-01","revenue":1192.5,"cost":1182.5,"margin":0.8,"units":26,"transactions":22,"profit":10.0,"revenue_change_pct":-29.5,"units_change_pct":-38.1,"margin_change_pts":-43.9},{"period":"2025-02","revenue":217.80000686645508,"cost":90.0,"margin":58.7,"units":28,"transactions":24,"profit":127.79999732971191,"revenue_change_pct":-81.7,"units_change_pct":7.7,"margin_change_pts":57.8},{"period":"2025-03","revenue":100.625,"cost":47.5,"margin":52.8,"units":12,"transactions":12,"profit":53.125,"revenue_change_pct":-53.8,"units_change_pct":-57.1,"margin_change_pts":-5.9},{"period":"2025-04","revenue":610.625,"cost":277.5,"margin":54.6,"units":30,"transactions":18,"profit":333.125,"revenue_change_pct":506.8,"units_change_pct":150.0,"margin_change_pts":1.8},{"period":"2025-05","revenue":443.75,"cost":287.5,"margin":35.2,"units":14,"transactions":14,"profit":156.25,"revenue_change_pct":-27.3,"units_change_pct":-53.3,"margin_change_pts":-19.3},{"period":"2025-06","revenue":61.550002098083496,"cost":40.0,"margin":35.0,"units":14,"transactions":12,"profit":21.549999713897705,"revenue_change_pct":-86.1,"units_change_pct":0,"margin_change_pts":-0.2},{"period":"2025-07","revenue":911.25,"cost":692.5,"margin":24.0,"units":20,"transactions":14,"profit":218.75,"revenue_change_pct":1380.5,"units_change_pct":42.9,"margin_change_pts":-11.0},{"period":"2025-08","revenue":537.5,"cost":355.0,"margin":34.0,"units":8,"transactions":6,"profit":182.5,"revenue_change_pct":-41.0,"units_change_pct":-60.0,"margin_change_pts":9.9},{"period":"2025-09","revenue":510.625,"cost":417.5,"margin":18.2,"units":22,"transactions":20,"profit":93.125,"revenue_change_pct":-5.0,"units_change_pct":175.0,"margin_change_pts":-15.7},{"period":"2025-10","revenue":371.875,"cost":257.5,"margin":30.8,"units":14,"transactions":14,"profit":114.375,"revenue_change_pct":-27.2,"units_change_pct":-36.4,"margin_change_pts":12.5},{"period":"2025-11","revenue":166.25,"cost":75.0,"margin":54.9,"units":14,"transactions":8,"profit":91.25,"revenue_change_pct":-55.3,"units_change_pct":0,"margin_change_pts":24.1},{"period":"2025-12","revenue":110.0,"cost":55.0,"margin":50.0,"units":8,"transactions":8,"profit":55.0,"revenue_change_pct":-33.8,"units_change_pct":-42.9,"margin_change_pts":-4.9},{"period":"2026-01","revenue":137.5,"cost":157.5,"margin":-14.5,"units":18,"transactions":18,"profit":-20.0,"revenue_change_pct":25.0,"units_change_pct":125.0,"margin_change_pts":-64.5}]}