{"brand":"JEROME BAKER","date_range":"2024-01-01 00:00:00 to 2026-01-31 00:00:00","period_label":"All Time","summary":{"total_units":5900,"total_revenue":171447.3046875,"total_cost":85637.5,"total_discounts":42021.4501953125,"total_profit":85809.8046875,"overall_margin":50.099998474121094,"fp_margin":59.400001525878906,"disc_margin":43.29999923706055,"pct_full_price":41.79999923706055,"avg_discount_rate":19.700000762939453,"fp_revenue":71712.5,"disc_revenue":99734.794921875,"unique_customers":3688,"brand":"JEROME BAKER","date_range":"2024-01-01 00:00:00 to 2026-01-31 00:00:00","months_count":50,"avg_monthly_cost":3425.5,"cost_per_unit":29.025,"primary_category":"FLOWER","primary_cat_margin":54.099998474121094,"category_rank":43,"category_total":64,"margin_vs_category":-4.0,"velocity_rank":40},"category_breakdown":[{"category_clean":"FLOWER","units":5158,"revenue":151276.123046875,"cost":73600.0,"profit":77676.123046875,"discounts":37486.37451171875,"margin":51.29999923706055,"category_avg_margin":54.099998474121094,"vs_category":-2.8,"rank":43.0,"total_brands":64.0},{"category_clean":"ACCESSORY","units":734,"revenue":19923.67431640625,"cost":11925.0,"profit":7998.6749267578125,"discounts":4520.0750732421875,"margin":40.099998474121094,"category_avg_margin":61.099998474121094,"vs_category":-21.0,"rank":13.0,"total_brands":136.0}],"trend":[{"period":"2024-01","revenue":20936.25,"cost":10979.549560546875,"margin":47.6,"units":698,"transactions":622,"profit":9956.699829101562,"revenue_change_pct":null,"units_change_pct":null,"margin_change_pts":null},{"period":"2024-02","revenue":21291.2744140625,"cost":10539.100341796875,"margin":50.5,"units":708,"transactions":624,"profit":10752.17529296875,"revenue_change_pct":1.7,"units_change_pct":1.4,"margin_change_pts":2.9},{"period":"2024-03","revenue":38854.67529296875,"cost":19601.35009765625,"margin":49.6,"units":1344,"transactions":1044,"profit":19253.3251953125,"revenue_change_pct":82.5,"units_change_pct":89.8,"margin_change_pts":-0.9},{"period":"2024-04","revenue":31049.67529296875,"cost":15371.25,"margin":50.5,"units":1136,"transactions":932,"profit":15678.42529296875,"revenue_change_pct":-20.1,"units_change_pct":-15.5,"margin_change_pts":0.9},{"period":"2024-05","revenue":34809.85107421875,"cost":16107.5,"margin":53.7,"units":1206,"transactions":1026,"profit":18702.349853515625,"revenue_change_pct":12.1,"units_change_pct":6.2,"margin_change_pts":3.2},{"period":"2024-06","revenue":12219.67529296875,"cost":5373.75,"margin":56.0,"units":416,"transactions":382,"profit":6845.92529296875,"revenue_change_pct":-64.9,"units_change_pct":-65.5,"margin_change_pts":2.3},{"period":"2024-07","revenue":781.25,"cost":290.0,"margin":62.9,"units":40,"transactions":40,"profit":491.25,"revenue_change_pct":-93.6,"units_change_pct":-90.4,"margin_change_pts":6.9},{"period":"2024-08","revenue":1451.25,"cost":652.5,"margin":55.0,"units":30,"transactions":30,"profit":798.75,"revenue_change_pct":85.8,"units_change_pct":-25.0,"margin_change_pts":-7.8},{"period":"2024-09","revenue":525.0,"cost":260.0,"margin":50.5,"units":10,"transactions":10,"profit":265.0,"revenue_change_pct":-63.8,"units_change_pct":-66.7,"margin_change_pts":-4.6},{"period":"2024-10","revenue":1648.75,"cost":1187.5,"margin":28.0,"units":20,"transactions":18,"profit":461.25,"revenue_change_pct":214.0,"units_change_pct":100.0,"margin_change_pts":-22.5},{"period":"2024-11","revenue":815.9249877929688,"cost":405.0,"margin":50.4,"units":22,"transactions":22,"profit":410.92498779296875,"revenue_change_pct":-50.5,"units_change_pct":10.0,"margin_change_pts":22.4},{"period":"2024-12","revenue":1691.875,"cost":935.0,"margin":44.7,"units":42,"transactions":30,"profit":756.875,"revenue_change_pct":107.4,"units_change_pct":90.9,"margin_change_pts":-5.6},{"period":"2025-01","revenue":1192.5,"cost":1182.5,"margin":0.8,"units":26,"transactions":22,"profit":10.0,"revenue_change_pct":-29.5,"units_change_pct":-38.1,"margin_change_pts":-43.9},{"period":"2025-02","revenue":217.80000686645508,"cost":90.0,"margin":58.7,"units":28,"transactions":24,"profit":127.79999732971191,"revenue_change_pct":-81.7,"units_change_pct":7.7,"margin_change_pts":57.8},{"period":"2025-03","revenue":100.625,"cost":47.5,"margin":52.8,"units":12,"transactions":12,"profit":53.125,"revenue_change_pct":-53.8,"units_change_pct":-57.1,"margin_change_pts":-5.9},{"period":"2025-04","revenue":610.625,"cost":277.5,"margin":54.6,"units":30,"transactions":18,"profit":333.125,"revenue_change_pct":506.8,"units_change_pct":150.0,"margin_change_pts":1.8},{"period":"2025-05","revenue":443.75,"cost":287.5,"margin":35.2,"units":14,"transactions":14,"profit":156.25,"revenue_change_pct":-27.3,"units_change_pct":-53.3,"margin_change_pts":-19.3},{"period":"2025-06","revenue":61.550002098083496,"cost":40.0,"margin":35.0,"units":14,"transactions":12,"profit":21.549999713897705,"revenue_change_pct":-86.1,"units_change_pct":0,"margin_change_pts":-0.2},{"period":"2025-07","revenue":911.25,"cost":692.5,"margin":24.0,"units":20,"transactions":14,"profit":218.75,"revenue_change_pct":1380.5,"units_change_pct":42.9,"margin_change_pts":-11.0},{"period":"2025-08","revenue":537.5,"cost":355.0,"margin":34.0,"units":8,"transactions":6,"profit":182.5,"revenue_change_pct":-41.0,"units_change_pct":-60.0,"margin_change_pts":9.9},{"period":"2025-09","revenue":510.625,"cost":417.5,"margin":18.2,"units":22,"transactions":20,"profit":93.125,"revenue_change_pct":-5.0,"units_change_pct":175.0,"margin_change_pts":-15.7},{"period":"2025-10","revenue":371.875,"cost":257.5,"margin":30.8,"units":14,"transactions":14,"profit":114.375,"revenue_change_pct":-27.2,"units_change_pct":-36.4,"margin_change_pts":12.5},{"period":"2025-11","revenue":166.25,"cost":75.0,"margin":54.9,"units":14,"transactions":8,"profit":91.25,"revenue_change_pct":-55.3,"units_change_pct":0,"margin_change_pts":24.1},{"period":"2025-12","revenue":110.0,"cost":55.0,"margin":50.0,"units":8,"transactions":8,"profit":55.0,"revenue_change_pct":-33.8,"units_change_pct":-42.9,"margin_change_pts":-4.9},{"period":"2026-01","revenue":137.5,"cost":157.5,"margin":-14.5,"units":18,"transactions":18,"profit":-20.0,"revenue_change_pct":25.0,"units_change_pct":125.0,"margin_change_pts":-64.5}],"share_of_category":[{"category":"FLOWER","brand_revenue":151276.1328125,"category_revenue":77755450.0,"revenue_share_pct":0.20000000298023224,"brand_units":5158,"category_units":2708446,"units_share_pct":0.2},{"category":"ACCESSORY","brand_revenue":19923.67431640625,"category_revenue":4128754.0625,"revenue_share_pct":0.5,"brand_units":734,"category_units":2130096,"units_share_pct":0.0},{"category":0.0,"brand_revenue":0.0,"category_revenue":0.0,"revenue_share_pct":0.0,"brand_units":0,"category_units":0,"units_share_pct":0.0}],"share_of_category_trend":{"FLOWER":[{"period":"2024-01","brand_revenue":18920.0,"category_revenue":3552357.8125,"share_pct":0.5},{"period":"2024-02","brand_revenue":19836.8994140625,"category_revenue":3535245.625,"share_pct":0.6000000238418579},{"period":"2024-03","brand_revenue":37430.625,"category_revenue":3693805.625,"share_pct":1.0},{"period":"2024-04","brand_revenue":30165.0,"category_revenue":3541899.6875,"share_pct":0.8999999761581421},{"period":"2024-05","brand_revenue":34029.55078125,"category_revenue":3537479.375,"share_pct":1.0},{"period":"2024-06","brand_revenue":10894.05029296875,"category_revenue":3403269.6875,"share_pct":0.30000001192092896},{"period":"2024-07","brand_revenue":0.0,"category_revenue":3457705.9375,"share_pct":0.0},{"period":"2024-08","brand_revenue":0.0,"category_revenue":3453819.375,"share_pct":0.0},{"period":"2024-09","brand_revenue":0.0,"category_revenue":3316441.5625,"share_pct":0.0},{"period":"2024-10","brand_revenue":0.0,"category_revenue":3585775.0,"share_pct":0.0},{"period":"2024-11","brand_revenue":0.0,"category_revenue":3454855.3125,"share_pct":0.0},{"period":"2024-12","brand_revenue":0.0,"category_revenue":3226567.8125,"share_pct":0.0},{"period":"2025-01","brand_revenue":0.0,"category_revenue":2984938.125,"share_pct":0.0},{"period":"2025-02","brand_revenue":0.0,"category_revenue":2816220.0,"share_pct":0.0},{"period":"2025-03","brand_revenue":0.0,"category_revenue":2911379.6875,"share_pct":0.0},{"period":"2025-04","brand_revenue":0.0,"category_revenue":3118895.3125,"share_pct":0.0},{"period":"2025-05","brand_revenue":0.0,"category_revenue":2887345.0,"share_pct":0.0},{"period":"2025-06","brand_revenue":0.0,"category_revenue":2773698.125,"share_pct":0.0},{"period":"2025-07","brand_revenue":0.0,"category_revenue":2782763.125,"share_pct":0.0},{"period":"2025-08","brand_revenue":0.0,"category_revenue":2733122.8125,"share_pct":0.0},{"period":"2025-09","brand_revenue":0.0,"category_revenue":2603501.5625,"share_pct":0.0},{"period":"2025-10","brand_revenue":0.0,"category_revenue":2663705.0,"share_pct":0.0},{"period":"2025-11","brand_revenue":0.0,"category_revenue":2700189.0625,"share_pct":0.0},{"period":"2025-12","brand_revenue":0.0,"category_revenue":2515209.53125,"share_pct":0.0},{"period":"2026-01","brand_revenue":0.0,"category_revenue":2505261.875,"share_pct":0.0}],"ACCESSORY":[{"period":"2024-01","brand_revenue":2016.25,"category_revenue":153543.9453125,"share_pct":1.2999999523162842},{"period":"2024-02","brand_revenue":1454.375,"category_revenue":152399.47265625,"share_pct":1.0},{"period":"2024-03","brand_revenue":1424.0499877929688,"category_revenue":154678.876953125,"share_pct":0.8999999761581421},{"period":"2024-04","brand_revenue":884.6749877929688,"category_revenue":163353.65234375,"share_pct":0.5},{"period":"2024-05","brand_revenue":780.2999877929688,"category_revenue":179676.4453125,"share_pct":0.4000000059604645},{"period":"2024-06","brand_revenue":1325.625,"category_revenue":185008.828125,"share_pct":0.699999988079071},{"period":"2024-07","brand_revenue":781.25,"category_revenue":186675.46875,"share_pct":0.4000000059604645},{"period":"2024-08","brand_revenue":1451.25,"category_revenue":180226.328125,"share_pct":0.800000011920929},{"period":"2024-09","brand_revenue":525.0,"category_revenue":162386.298828125,"share_pct":0.30000001192092896},{"period":"2024-10","brand_revenue":1648.75,"category_revenue":166088.73046875,"share_pct":1.0},{"period":"2024-11","brand_revenue":815.9249877929688,"category_revenue":171706.09375,"share_pct":0.5},{"period":"2024-12","brand_revenue":1691.875,"category_revenue":176502.03125,"share_pct":1.0},{"period":"2025-01","brand_revenue":1192.5,"category_revenue":167261.34765625,"share_pct":0.699999988079071},{"period":"2025-02","brand_revenue":217.80000686645508,"category_revenue":155260.927734375,"share_pct":0.10000000149011612},{"period":"2025-03","brand_revenue":100.625,"category_revenue":176420.390625,"share_pct":0.10000000149011612},{"period":"2025-04","brand_revenue":610.625,"category_revenue":182694.82421875,"share_pct":0.30000001192092896},{"period":"2025-05","brand_revenue":381.25,"category_revenue":179904.4921875,"share_pct":0.20000000298023224},{"period":"2025-06","brand_revenue":61.550002098083496,"category_revenue":161148.75,"share_pct":0.0},{"period":"2025-07","brand_revenue":786.25,"category_revenue":165549.8046875,"share_pct":0.5},{"period":"2025-08","brand_revenue":537.5,"category_revenue":171752.05078125,"share_pct":0.30000001192092896},{"period":"2025-09","brand_revenue":510.625,"category_revenue":168198.9453125,"share_pct":0.30000001192092896},{"period":"2025-10","brand_revenue":371.875,"category_revenue":171844.55078125,"share_pct":0.20000000298023224},{"period":"2025-11","brand_revenue":106.25,"category_revenue":172839.74609375,"share_pct":0.10000000149011612},{"period":"2025-12","brand_revenue":110.0,"category_revenue":141954.873046875,"share_pct":0.10000000149011612},{"period":"2026-01","brand_revenue":137.5,"category_revenue":81677.1484375,"share_pct":0.20000000298023224}]},"discount_depth":[{"tier":"0% (Full Price)","transactions":1884,"pct_of_transactions":37.1,"revenue":71712.5,"avg_discount":0.0},{"tier":"1-10%","transactions":282,"pct_of_transactions":5.5,"revenue":9493.42529296875,"avg_discount":20.0},{"tier":"11-20%","transactions":132,"pct_of_transactions":2.6,"revenue":4510.0,"avg_discount":39.400001525878906},{"tier":"21-30%","transactions":148,"pct_of_transactions":2.9,"revenue":4809.27490234375,"avg_discount":53.400001525878906},{"tier":"31%+","transactions":410,"pct_of_transactions":8.1,"revenue":14885.850830078125,"avg_discount":79.19999694824219}],"velocity":{"units_per_day":7.8,"revenue_per_day":226.47499084472656,"avg_units_per_txn":2.38,"days_of_data":757,"total_units":5900,"total_transactions":4970},"velocity_by_category":[{"category":"FLOWER","brand_units_per_day":6.76,"category_avg_units_per_day":55.54,"velocity_index":12.2,"brand_rev_per_unit":23.46,"category_rev_per_unit":22.97,"brands_in_category":64},{"category":"ACCESSORY","brand_units_per_day":0.96,"category_avg_units_per_day":20.56,"velocity_index":4.7,"brand_rev_per_unit":21.72,"category_rev_per_unit":1.55,"brands_in_category":136},{"category":0.0,"brand_units_per_day":0.0,"category_avg_units_per_day":0,"velocity_index":0,"brand_rev_per_unit":0.0,"category_rev_per_unit":0.0,"brands_in_category":0}],"deals":[{"deal_name":"Industry - 30% Off","times_used":1502,"units":1698.0,"revenue":43080.625,"discounts":18463.125,"cost":24237.475028038025,"profit":18843.150037527084,"pre_discount_revenue":61543.75,"margin":43.7,"avg_discount":60.0},{"deal_name":"Jerome Baker / White Cloud - 1/4 for $40","times_used":356,"units":602.0,"revenue":15050.0,"discounts":7812.5,"cost":8585.625011920929,"profit":6464.374988079071,"pre_discount_revenue":22862.5,"margin":43.0,"avg_discount":68.4},{"deal_name":"Senior - 10% Off","times_used":88,"units":114.0,"revenue":3564.375,"discounts":404.375,"cost":1584.1250085830688,"profit":1980.2499866485596,"pre_discount_revenue":3968.75,"margin":55.6,"avg_discount":20.4},{"deal_name":"Veterans - 10% Off","times_used":78,"units":90.0,"revenue":1867.5,"discounts":207.5,"cost":802.7500009536743,"profit":1064.7499990463257,"pre_discount_revenue":2075.0,"margin":57.0,"avg_discount":20.0},{"deal_name":"Senior / Veterans - 20% Off","times_used":40,"units":56.0,"revenue":1470.0,"discounts":367.5,"cost":722.0500016212463,"profit":747.9499983787537,"pre_discount_revenue":1837.5,"margin":50.9,"avg_discount":40.0},{"deal_name":"Employee 30% - NOT FRIDAYS","times_used":10,"units":14.0,"revenue":551.25,"discounts":236.25,"cost":640.0,"profit":-88.75,"pre_discount_revenue":787.5,"margin":-16.1,"avg_discount":60.0},{"deal_name":"Industry 30% Off","times_used":8,"units":8.0,"revenue":411.25,"discounts":176.25,"cost":280.0,"profit":131.25,"pre_discount_revenue":587.5,"margin":31.9,"avg_discount":60.0},{"deal_name":"30% Off Special","times_used":6,"units":6.0,"revenue":525.0,"discounts":225.0,"cost":525.0,"profit":0.0,"pre_discount_revenue":750.0,"margin":0.0,"avg_discount":60.0},{"deal_name":"LVAC - 25% Off","times_used":4,"units":4.0,"revenue":267.17500001192093,"discounts":89.07499998807907,"cost":177.5,"profit":89.67500001192093,"pre_discount_revenue":356.25,"margin":33.6,"avg_discount":50.0},{"deal_name":"Jackpot - Locals 30% Off","times_used":2,"units":4.0,"revenue":8.75,"discounts":3.75,"cost":5.0,"profit":3.75,"pre_discount_revenue":12.5,"margin":42.9,"avg_discount":60.0}],"top_products":[{"product":"BISCOTTI MINTZ EIGHTH - JEROME BAKER","units":2458,"revenue":71183.92578125,"cost":33955.67626953125,"profit":37228.24951171875,"transactions":2152,"margin":52.29999923706055},{"product":"LA KUSH CAKE EIGHTH - JEROME BAKER","units":1456,"revenue":42494.0478515625,"cost":20909.1748046875,"profit":21584.87548828125,"transactions":1256,"margin":50.79999923706055},{"product":"JEALOUSY EIGHTH - JEROME BAKER","units":1222,"revenue":36980.6494140625,"cost":18437.900390625,"profit":18542.750244140625,"transactions":1034,"margin":50.099998474121094},{"product":"$140 Jerome Baker Bong - Pixie","units":60,"revenue":8182.5,"cost":5250.0,"profit":2932.5,"transactions":60,"margin":35.79999923706055},{"product":"$200 Jerome Baker Bong - Keiki","units":18,"revenue":3700.0,"cost":2250.0,"profit":1450.0,"transactions":18,"margin":39.20000076293945},{"product":"$30 Jerome Baker Pipe - Clear Boy","units":116,"revenue":3486.25,"cost":1450.0,"profit":2036.25,"transactions":114,"margin":58.400001525878906},{"product":"$650 Limited Edition Jerome Baker Bong","units":6,"revenue":2250.0,"cost":1875.0,"profit":375.0,"transactions":6,"margin":16.700000762939453},{"product":"$2.50 Jerome Baker Glass Tips","units":478,"revenue":1318.6749267578125,"cost":597.5,"profit":721.1750030517578,"transactions":358,"margin":54.70000076293945},{"product":"ANIMAL MINTZ EIGHTH - JEROME BAKER","units":22,"revenue":617.5,"cost":297.25000381469727,"profit":320.25001525878906,"transactions":22,"margin":51.900001525878906},{"product":"$15 Jerome Baker Pipe - Spoon","units":26,"revenue":438.125,"cost":227.5,"profit":210.625,"transactions":26,"margin":48.099998474121094},{"product":"$25 Jerome Baker Lunchbox","units":12,"revenue":312.5,"cost":150.0,"profit":162.5,"transactions":12,"margin":52.0},{"product":"JEROME BAKER HAMMER PIPE","units":8,"revenue":247.5,"cost":112.5,"profit":135.0,"transactions":8,"margin":54.5},{"product":"$15 Small Jerome Baker Mood Mat","units":16,"revenue":173.125,"cost":100.0,"profit":73.125,"transactions":14,"margin":42.20000076293945},{"product":"$25 Large Jerome Baker Mood Mat","units":2,"revenue":62.5,"cost":25.0,"profit":37.5,"transactions":2,"margin":60.0}],"products_by_store":{"Elevation Springs":[{"product":"BISCOTTI MINTZ EIGHTH - JEROME BAKER","units":544,"revenue":15947.5,"cost":7715.3997802734375,"profit":8232.100219726562,"transactions":470,"margin":51.599998474121094},{"product":"LA KUSH CAKE EIGHTH - JEROME BAKER","units":280,"revenue":8375.0,"cost":4025.0,"profit":4350.0,"transactions":246,"margin":51.900001525878906},{"product":"JEALOUSY EIGHTH - JEROME BAKER","units":256,"revenue":7499.7247314453125,"cost":4021.25,"profit":3478.4750366210938,"transactions":212,"margin":46.400001525878906},{"product":"$140 Jerome Baker Bong - Pixie","units":14,"revenue":2240.0,"cost":1225.0,"profit":1015.0,"transactions":14,"margin":45.29999923706055},{"product":"$200 Jerome Baker Bong - Keiki","units":2,"revenue":350.0,"cost":250.0,"profit":100.0,"transactions":2,"margin":28.600000381469727},{"product":"$2.50 Jerome Baker Glass Tips","units":108,"revenue":285.3000068664551,"cost":135.0,"profit":150.2999973297119,"transactions":80,"margin":52.70000076293945},{"product":"$30 Jerome Baker Pipe - Clear Boy","units":6,"revenue":165.0,"cost":75.0,"profit":90.0,"transactions":6,"margin":54.5},{"product":"$15 Small Jerome Baker Mood Mat","units":2,"revenue":18.75,"cost":12.5,"profit":6.25,"transactions":2,"margin":33.29999923706055}],"Elevation Mesa":[{"product":"BISCOTTI MINTZ EIGHTH - JEROME BAKER","units":846,"revenue":24800.0,"cost":11564.449462890625,"profit":13235.550537109375,"transactions":752,"margin":53.400001525878906},{"product":"LA KUSH CAKE EIGHTH - JEROME BAKER","units":480,"revenue":13956.25,"cost":6900.0,"profit":7056.25,"transactions":400,"margin":50.599998474121094},{"product":"JEALOUSY EIGHTH - JEROME BAKER","units":396,"revenue":12515.30029296875,"cost":5769.7247314453125,"profit":6745.574951171875,"transactions":336,"margin":53.900001525878906},{"product":"$140 Jerome Baker Bong - Pixie","units":18,"revenue":2312.5,"cost":1575.0,"profit":737.5,"transactions":18,"margin":31.899999618530273},{"product":"$30 Jerome Baker Pipe - Clear Boy","units":30,"revenue":673.75,"cost":375.0,"profit":298.75,"transactions":30,"margin":44.29999923706055},{"product":"$650 Limited Edition Jerome Baker Bong","units":2,"revenue":525.0,"cost":625.0,"profit":-100.0,"transactions":2,"margin":-19.0},{"product":"$200 Jerome Baker Bong - Keiki","units":4,"revenue":500.0,"cost":500.0,"profit":0.0,"transactions":4,"margin":0.0},{"product":"$2.50 Jerome Baker Glass Tips","units":76,"revenue":214.67500686645508,"cost":95.0,"profit":119.67499732971191,"transactions":60,"margin":55.70000076293945}],"Elevation Oasis":[{"product":"JEROME BAKER HAMMER PIPE","units":8,"revenue":247.5,"cost":112.5,"profit":135.0,"transactions":8,"margin":54.5},{"product":"$2.50 Jerome Baker Glass Tips","units":52,"revenue":123.42499732971191,"cost":65.0,"profit":58.424997329711914,"transactions":36,"margin":47.29999923706055},{"product":"$15 Small Jerome Baker Mood Mat","units":10,"revenue":88.75,"cost":62.5,"profit":26.25,"transactions":8,"margin":29.600000381469727}],"Elevation Midtown":[{"product":"BISCOTTI MINTZ EIGHTH - JEROME BAKER","units":418,"revenue":13067.4755859375,"cost":5762.2747802734375,"profit":7305.2001953125,"transactions":360,"margin":55.900001525878906},{"product":"LA KUSH CAKE EIGHTH - JEROME BAKER","units":366,"revenue":11046.875,"cost":5240.4248046875,"profit":5806.4501953125,"transactions":312,"margin":52.599998474121094},{"product":"JEALOUSY EIGHTH - JEROME BAKER","units":210,"revenue":6785.0,"cost":3157.7499389648438,"profit":3627.2500610351562,"transactions":186,"margin":53.5},{"product":"$200 Jerome Baker Bong - Keiki","units":10,"revenue":2500.0,"cost":1250.0,"profit":1250.0,"transactions":10,"margin":50.0},{"product":"$30 Jerome Baker Pipe - Clear Boy","units":46,"revenue":1612.5,"cost":575.0,"profit":1037.5,"transactions":46,"margin":64.30000305175781},{"product":"$140 Jerome Baker Bong - Pixie","units":10,"revenue":1075.0,"cost":875.0,"profit":200.0,"transactions":10,"margin":18.600000381469727},{"product":"$650 Limited Edition Jerome Baker Bong","units":2,"revenue":750.0,"cost":625.0,"profit":125.0,"transactions":2,"margin":16.700000762939453},{"product":"$2.50 Jerome Baker Glass Tips","units":134,"revenue":383.75,"cost":167.5,"profit":216.25,"transactions":102,"margin":56.400001525878906},{"product":"$15 Jerome Baker Pipe - Spoon","units":20,"revenue":335.0,"cost":175.0,"profit":160.0,"transactions":20,"margin":47.79999923706055},{"product":"$25 Jerome Baker Lunchbox","units":10,"revenue":250.0,"cost":125.0,"profit":125.0,"transactions":10,"margin":50.0},{"product":"$25 Large Jerome Baker Mood Mat","units":2,"revenue":62.5,"cost":25.0,"profit":37.5,"transactions":2,"margin":60.0},{"product":"$15 Small Jerome Baker Mood Mat","units":2,"revenue":37.5,"cost":12.5,"profit":25.0,"transactions":2,"margin":66.69999694824219}],"Elevation Boulevard":[{"product":"BISCOTTI MINTZ EIGHTH - JEROME BAKER","units":650,"revenue":17368.9501953125,"cost":8913.5498046875,"profit":8455.399780273438,"transactions":570,"margin":48.70000076293945},{"product":"JEALOUSY EIGHTH - JEROME BAKER","units":360,"revenue":10180.625,"cost":5489.1748046875,"profit":4691.449890136719,"transactions":300,"margin":46.099998474121094},{"product":"LA KUSH CAKE EIGHTH - JEROME BAKER","units":330,"revenue":9115.92529296875,"cost":4743.75,"profit":4372.174987792969,"transactions":298,"margin":48.0},{"product":"$140 Jerome Baker Bong - Pixie","units":8,"revenue":1085.0,"cost":700.0,"profit":385.0,"transactions":8,"margin":35.5},{"product":"$650 Limited Edition Jerome Baker Bong","units":2,"revenue":975.0,"cost":625.0,"profit":350.0,"transactions":2,"margin":35.900001525878906},{"product":"ANIMAL MINTZ EIGHTH - JEROME BAKER","units":22,"revenue":617.5,"cost":297.25000381469727,"profit":320.25001525878906,"transactions":22,"margin":51.900001525878906},{"product":"$30 Jerome Baker Pipe - Clear Boy","units":8,"revenue":232.5,"cost":100.0,"profit":132.5,"transactions":8,"margin":57.0},{"product":"$2.50 Jerome Baker Glass Tips","units":14,"revenue":36.549999713897705,"cost":17.5,"profit":19.049999713897705,"transactions":14,"margin":52.099998474121094}],"Elevation Parkway":[{"product":"$140 Jerome Baker Bong - Pixie","units":10,"revenue":1470.0,"cost":875.0,"profit":595.0,"transactions":10,"margin":40.5},{"product":"$30 Jerome Baker Pipe - Clear Boy","units":26,"revenue":802.5,"cost":325.0,"profit":477.5,"transactions":24,"margin":59.5},{"product":"$200 Jerome Baker Bong - Keiki","units":2,"revenue":350.0,"cost":250.0,"profit":100.0,"transactions":2,"margin":28.600000381469727},{"product":"$2.50 Jerome Baker Glass Tips","units":94,"revenue":274.9749946594238,"cost":117.5,"profit":157.47499465942383,"transactions":66,"margin":57.29999923706055},{"product":"$15 Jerome Baker Pipe - Spoon","units":6,"revenue":103.125,"cost":52.5,"profit":50.625,"transactions":6,"margin":49.099998474121094},{"product":"$25 Jerome Baker Lunchbox","units":2,"revenue":62.5,"cost":25.0,"profit":37.5,"transactions":2,"margin":60.0},{"product":"$15 Small Jerome Baker Mood Mat","units":2,"revenue":28.125,"cost":12.5,"profit":15.625,"transactions":2,"margin":55.599998474121094}]},"store_summary":[{"store_clean":"Elevation Mesa","units":1852,"revenue":55497.4755859375,"cost":27404.1748046875,"profit":28093.30078125,"discounts":14421.2744140625,"margin":50.599998474121094,"discount_rate":20.600000381469727},{"store_clean":"Elevation Boulevard","units":1394,"revenue":39612.05078125,"cost":20886.2255859375,"profit":18725.8251953125,"discounts":13287.950439453125,"margin":47.29999923706055,"discount_rate":25.100000381469727},{"store_clean":"Elevation Midtown","units":1230,"revenue":37905.6005859375,"cost":17990.450439453125,"profit":19915.150146484375,"discounts":4975.6500244140625,"margin":52.5,"discount_rate":11.600000381469727},{"store_clean":"Elevation Springs","units":1212,"revenue":34881.2744140625,"cost":17459.150390625,"profit":17422.125244140625,"discounts":8593.724975585938,"margin":49.900001525878906,"discount_rate":19.799999237060547},{"store_clean":"Elevation Parkway","units":142,"revenue":3091.2249755859375,"cost":1657.5,"profit":1433.7249755859375,"discounts":640.0250244140625,"margin":46.400001525878906,"discount_rate":17.200000762939453},{"store_clean":"Elevation Oasis","units":70,"revenue":459.67498779296875,"cost":240.0,"profit":219.67500686645508,"discounts":102.82500267028809,"margin":47.79999923706055,"discount_rate":18.299999237060547}],"recommendations":[{"severity":"red","title":"ACCESSORY: BELOW CATEGORY AVERAGE","detail":"Margin (40.1%) is 21 pts below ACCESSORY average. Ranked #13 of 136. Strong case for cost negotiation.","action":"Request 10% cost reduction or evaluate alternative ACCESSORY brands."},{"severity":"info","title":"VOLUME LEVERAGE","detail":"$68,579 revenue provides negotiating leverage.","action":"Use volume as leverage in next vendor meeting."}],"comparison":null}