{"brand":"GRON","date_range":"2024-01-01 00:00:00 to 2026-01-31 00:00:00","period_label":"All Time","summary":{"total_units":85310,"total_revenue":1876191.875,"total_cost":946901.25,"total_discounts":385688.203125,"total_profit":929290.546875,"overall_margin":49.5,"fp_margin":57.70000076293945,"disc_margin":42.29999923706055,"pct_full_price":47.0,"avg_discount_rate":17.100000381469727,"fp_revenue":880911.25,"disc_revenue":995280.46875,"brand":"GRON","date_range":"2024-01-01 00:00:00 to 2026-01-31 00:00:00","primary_category":"EDIBLE","store_coverage":"6/7","stores_present":["Elevation Springs","Elevation Mesa","Elevation Oasis","Elevation Midtown","Elevation Boulevard","Elevation Parkway"],"stores_missing":["Elevation Downtown"],"velocity_rank":8,"velocity_total":32},"distribution":[{"store":"Elevation Springs","carries_brand":true,"sku_count":8,"revenue":571468.515625,"units":26130,"store_total_revenue":51138750.0,"brand_share_pct":1.100000023841858},{"store":"Elevation Mesa","carries_brand":true,"sku_count":8,"revenue":180409.9609375,"units":8776,"store_total_revenue":47532240.0,"brand_share_pct":0.4000000059604645},{"store":"Elevation Oasis","carries_brand":true,"sku_count":8,"revenue":549588.4375,"units":24434,"store_total_revenue":56050145.0,"brand_share_pct":1.0},{"store":"Elevation Downtown","carries_brand":false,"sku_count":0,"revenue":0.0,"units":0,"store_total_revenue":1945237.1875,"brand_share_pct":0},{"store":"Elevation Midtown","carries_brand":true,"sku_count":8,"revenue":276009.4921875,"units":12128,"store_total_revenue":30850185.0,"brand_share_pct":0.8999999761581421},{"store":"Elevation Boulevard","carries_brand":true,"sku_count":8,"revenue":130208.8671875,"units":6518,"store_total_revenue":28757865.0,"brand_share_pct":0.5},{"store":"Elevation Parkway","carries_brand":true,"sku_count":8,"revenue":168506.54296875,"units":7324,"store_total_revenue":21987007.5,"brand_share_pct":0.800000011920929}],"share_of_category":[{"category":"EDIBLE","brand_revenue":1876191.875,"category_revenue":29378492.5,"revenue_share_pct":6.400000095367432,"brand_units":85310,"category_units":1706530,"units_share_pct":5.0}],"share_of_category_trend":{"EDIBLE":[{"period":"2024-01","brand_revenue":114585.771484375,"category_revenue":1115754.921875,"share_pct":10.300000190734863},{"period":"2024-02","brand_revenue":97040.99609375,"category_revenue":1235210.0,"share_pct":7.900000095367432},{"period":"2024-03","brand_revenue":99036.923828125,"category_revenue":1273343.671875,"share_pct":7.800000190734863},{"period":"2024-04","brand_revenue":111396.298828125,"category_revenue":1298159.0625,"share_pct":8.600000381469727},{"period":"2024-05","brand_revenue":74347.2509765625,"category_revenue":1215880.78125,"share_pct":6.099999904632568},{"period":"2024-06","brand_revenue":80842.7490234375,"category_revenue":1181362.421875,"share_pct":6.800000190734863},{"period":"2024-07","brand_revenue":59419.501953125,"category_revenue":1128302.8125,"share_pct":5.300000190734863},{"period":"2024-08","brand_revenue":69735.0244140625,"category_revenue":1167724.921875,"share_pct":6.0},{"period":"2024-09","brand_revenue":67996.298828125,"category_revenue":1114619.53125,"share_pct":6.099999904632568},{"period":"2024-10","brand_revenue":52634.1015625,"category_revenue":1205149.0625,"share_pct":4.400000095367432},{"period":"2024-11","brand_revenue":86992.177734375,"category_revenue":1236132.421875,"share_pct":7.0},{"period":"2024-12","brand_revenue":90560.224609375,"category_revenue":1207318.046875,"share_pct":7.5},{"period":"2025-01","brand_revenue":92211.77734375,"category_revenue":1176202.578125,"share_pct":7.800000190734863},{"period":"2025-02","brand_revenue":75134.2236328125,"category_revenue":1097683.359375,"share_pct":6.800000190734863},{"period":"2025-03","brand_revenue":77091.201171875,"category_revenue":1228067.265625,"share_pct":6.300000190734863},{"period":"2025-04","brand_revenue":70905.2978515625,"category_revenue":1290106.171875,"share_pct":5.5},{"period":"2025-05","brand_revenue":68175.5224609375,"category_revenue":1191670.3125,"share_pct":5.699999809265137},{"period":"2025-06","brand_revenue":64288.3740234375,"category_revenue":1110702.109375,"share_pct":5.800000190734863},{"period":"2025-07","brand_revenue":69764.3994140625,"category_revenue":1096938.125,"share_pct":6.400000095367432},{"period":"2025-08","brand_revenue":87949.82421875,"category_revenue":1145920.859375,"share_pct":7.699999809265137},{"period":"2025-09","brand_revenue":68761.34765625,"category_revenue":1070074.53125,"share_pct":6.400000095367432},{"period":"2025-10","brand_revenue":79145.2978515625,"category_revenue":1168865.78125,"share_pct":6.800000190734863},{"period":"2025-11","brand_revenue":89983.447265625,"category_revenue":1192334.453125,"share_pct":7.5},{"period":"2025-12","brand_revenue":26427.9248046875,"category_revenue":1138094.375,"share_pct":2.299999952316284},{"period":"2026-01","brand_revenue":1765.8250427246094,"category_revenue":1092874.21875,"share_pct":0.20000000298023224}]},"velocity_by_category":[{"category":"EDIBLE","brand_units_per_day":111.96,"category_avg_units_per_day":69.98,"velocity_index":160.0,"brand_rev_per_unit":17.59,"category_rev_per_unit":13.77,"brands_in_category":32}],"store_gaps":[{"store":"Elevation Downtown","category":"EDIBLE","category_revenue_at_store":354431.015625,"opportunity":"Brand not carried"}],"product_mix":{"top":[{"product":"1:1:1 THC/CBD/CBN BLACKBERRY LEMONADE GUMMIES - GRON","units":32598,"revenue":745476.875,"cost":375398.125,"profit":370078.7890625,"stores":6,"transactions":17542,"margin":49.599998474121094},{"product":"3:1 CBG/THC BLUEBERRY LEMONADE GUMMIES - GRON","units":20356,"revenue":465439.8046875,"cost":234665.0,"profit":230774.82421875,"stores":6,"transactions":13550,"margin":49.599998474121094},{"product":"4:1 CBD/THC POMEGRANATE GUMMIES - GRON","units":17864,"revenue":402538.6328125,"cost":205538.125,"profit":197000.52734375,"stores":6,"transactions":10604,"margin":48.900001525878906},{"product":"RASPBERRY LEMONADE GUMMIES - GRON","units":14492,"revenue":262736.42578125,"cost":131300.0,"profit":131436.42578125,"stores":6,"transactions":9352,"margin":50.0}],"bottom":[],"expansion":[]},"pricing_consistency":[{"product":"RASPBERRY LEMONADE GUMMIES - GRON","min_price":33.307573502886,"max_price":40.10917062769687,"avg_price":35.908980437759666,"std_dev":1.0373232157735368,"store_count":12,"price_range":6.801597124810872,"range_pct":18.9},{"product":"1:1:1 THC/CBD/CBN BLACKBERRY LEMONADE GUMMIES - GRON","min_price":41.76562732699563,"max_price":48.457902863160285,"avg_price":45.30501045812884,"std_dev":1.1042777200221567,"store_count":12,"price_range":6.692275536164658,"range_pct":14.8},{"product":"3:1 CBG/THC BLUEBERRY LEMONADE GUMMIES - GRON","min_price":42.26426908638846,"max_price":48.86977896341463,"avg_price":45.505252366350916,"std_dev":1.0777692164015282,"store_count":12,"price_range":6.605509877026172,"range_pct":14.5},{"product":"4:1 CBD/THC POMEGRANATE GUMMIES - GRON","min_price":41.21981600741367,"max_price":47.18017578125,"avg_price":44.7195002906564,"std_dev":0.8936593231717069,"store_count":12,"price_range":5.960359773836332,"range_pct":13.3}],"promotional_effectiveness":{"lift":{"fp_units_per_day":46.26,"disc_units_per_day":70.1,"lift_pct":51.5,"fp_avg_revenue_per_unit":53.025000000000006,"disc_avg_revenue_per_unit":38.224999999999994},"by_deal":[{"deal_name":"Industry - 30% Off","uses":1823,"revenue":110952.26043224335,"discounts":47741.486748456955,"units":5986.0,"cost":69021.25,"margin":37.8,"discount_depth":60.2},{"deal_name":"Senior - 10% Off","uses":1448,"revenue":163395.6014096737,"discounts":18727.72936185201,"units":6769.666666666667,"cost":75990.3125,"margin":53.5,"discount_depth":20.6},{"deal_name":"GRON 3 for $45","uses":976,"revenue":131869.32499170303,"discounts":54500.67499637604,"units":7042.0,"cost":69531.5625,"margin":47.3,"discount_depth":58.4},{"deal_name":"GRON 3 for $40","uses":802,"revenue":95110.16396045685,"discounts":55759.83797222376,"units":5697.0,"cost":64501.875,"margin":32.2,"discount_depth":74.0},{"deal_name":"Industry 30% Off","uses":635,"revenue":42448.41211974621,"discounts":18314.087405204773,"units":2336.0,"cost":23264.0625,"margin":45.2,"discount_depth":60.2},{"deal_name":"GRON Buy 2 Get 1","uses":481,"revenue":66416.99802398682,"discounts":34214.24968957901,"units":3890.0,"cost":43858.75,"margin":34.0,"discount_depth":68.0},{"deal_name":"Senior / Veterans - 20% Off","uses":358,"revenue":37507.72536844015,"discounts":9697.275097370148,"units":1773.0,"cost":19600.9375,"margin":47.7,"discount_depth":41.0},{"deal_name":"4/20 2025 - Edibles","uses":357,"revenue":25536.675000190735,"discounts":25680.824999809265,"units":1937.0,"cost":22150.625,"margin":13.3,"discount_depth":100.2},{"deal_name":"Veterans - 10% Off","uses":314,"revenue":28963.74944448471,"discounts":3248.750037550926,"units":1210.0,"cost":13545.625,"margin":53.2,"discount_depth":20.2},{"deal_name":"GW - 50% Off Edibles","uses":261,"revenue":14811.750001907349,"discounts":14800.749998092651,"units":1140.0,"cost":12842.5,"margin":13.3,"discount_depth":100.0},{"deal_name":"Jackpot - Locals 30% Off","uses":220,"revenue":14589.249844551086,"discounts":6290.74990272522,"units":786.0,"cost":8561.25,"margin":41.3,"discount_depth":60.2},{"deal_name":"50% Off - G2B","uses":199,"revenue":13304.775002002716,"discounts":13627.724997997284,"units":1024.3333333333333,"cost":10022.395833333334,"margin":24.7,"discount_depth":101.2},{"deal_name":"4/20 50% Off!!!!","uses":199,"revenue":14111.25,"discounts":14111.25,"units":1064.0,"cost":12220.0,"margin":13.4,"discount_depth":100.0},{"deal_name":"30% Off Special","uses":48,"revenue":2780.749955177307,"discounts":1191.7499768733978,"units":159.0,"cost":1757.1875,"margin":36.8,"discount_depth":60.0},{"deal_name":"Employee 30% - NOT FRIDAYS","uses":30,"revenue":1578.4999656677246,"discounts":676.4999890327454,"units":86.0,"cost":989.375,"margin":37.3,"discount_depth":60.0},{"deal_name":"Employee - 40% OFF","uses":23,"revenue":1405.4999780654907,"discounts":937.0000123977661,"units":88.0,"cost":955.625,"margin":32.0,"discount_depth":80.0},{"deal_name":"LVAC - 25% Off","uses":23,"revenue":2260.0,"discounts":795.0,"units":112.0,"cost":1245.0,"margin":44.9,"discount_depth":52.0},{"deal_name":"Store Credit - $15","uses":19,"revenue":1893.9958391586938,"discounts":621.0041685899099,"units":96.0,"cost":935.3125,"margin":50.6,"discount_depth":49.4},{"deal_name":"Store Credit - $25","uses":14,"revenue":2259.2958370844526,"discounts":410.7041652997335,"units":98.66666666666666,"cost":998.5416666666665,"margin":55.8,"discount_depth":30.8},{"deal_name":"Store Credit - $50","uses":10,"revenue":950.0666667024295,"discounts":666.6000020503998,"units":60.0,"cost":604.1666666666666,"margin":36.4,"discount_depth":82.4}]},"growth_opportunities":[{"type":"distribution","title":"Expand to Elevation Downtown","detail":"Store has $141,772 in EDIBLE \u2014 categories where GRON competes.","priority":"high"}],"trend":[{"period":"2024-01","revenue":114585.771484375,"cost":58151.25,"margin":49.3,"units":5050,"transactions":2590,"profit":56434.5263671875,"revenue_change_pct":null,"units_change_pct":null,"margin_change_pts":null},{"period":"2024-02","revenue":97040.99609375,"cost":46776.25,"margin":51.8,"units":4062,"transactions":2232,"profit":50264.7509765625,"revenue_change_pct":-15.3,"units_change_pct":-19.6,"margin_change_pts":2.5},{"period":"2024-03","revenue":99036.923828125,"cost":48727.5,"margin":50.8,"units":4252,"transactions":2388,"profit":50309.423828125,"revenue_change_pct":2.1,"units_change_pct":4.7,"margin_change_pts":-1.0},{"period":"2024-04","revenue":111396.298828125,"cost":60230.0,"margin":45.9,"units":5216,"transactions":2616,"profit":51166.298828125,"revenue_change_pct":12.5,"units_change_pct":22.7,"margin_change_pts":-4.9},{"period":"2024-05","revenue":74347.2509765625,"cost":35338.75,"margin":52.5,"units":3066,"transactions":1720,"profit":39008.5009765625,"revenue_change_pct":-33.3,"units_change_pct":-41.2,"margin_change_pts":6.5},{"period":"2024-06","revenue":80842.7490234375,"cost":39826.25,"margin":50.7,"units":3438,"transactions":1790,"profit":41016.4990234375,"revenue_change_pct":8.7,"units_change_pct":12.1,"margin_change_pts":-1.7},{"period":"2024-07","revenue":59419.501953125,"cost":29570.0,"margin":50.2,"units":2576,"transactions":1430,"profit":29849.49951171875,"revenue_change_pct":-26.5,"units_change_pct":-25.1,"margin_change_pts":-0.5},{"period":"2024-08","revenue":69735.0244140625,"cost":34505.0,"margin":50.5,"units":2952,"transactions":1538,"profit":35230.0244140625,"revenue_change_pct":17.4,"units_change_pct":14.6,"margin_change_pts":0.3},{"period":"2024-09","revenue":67996.298828125,"cost":32315.0,"margin":52.5,"units":2800,"transactions":1502,"profit":35681.30126953125,"revenue_change_pct":-2.5,"units_change_pct":-5.1,"margin_change_pts":2.0},{"period":"2024-10","revenue":52634.1015625,"cost":25872.5,"margin":50.8,"units":2244,"transactions":1276,"profit":26761.59912109375,"revenue_change_pct":-22.6,"units_change_pct":-19.9,"margin_change_pts":-1.6},{"period":"2024-11","revenue":86992.177734375,"cost":51863.75,"margin":40.4,"units":4538,"transactions":2032,"profit":35128.42529296875,"revenue_change_pct":65.3,"units_change_pct":102.2,"margin_change_pts":-10.5},{"period":"2024-12","revenue":90560.224609375,"cost":47070.0,"margin":48.0,"units":4128,"transactions":1980,"profit":43490.224609375,"revenue_change_pct":4.1,"units_change_pct":-9.0,"margin_change_pts":7.6},{"period":"2025-01","revenue":92211.77734375,"cost":49840.0,"margin":46.0,"units":4272,"transactions":1900,"profit":42371.77734375,"revenue_change_pct":1.8,"units_change_pct":3.5,"margin_change_pts":-2.1},{"period":"2025-02","revenue":75134.2236328125,"cost":37787.5,"margin":49.7,"units":3252,"transactions":1526,"profit":37346.72607421875,"revenue_change_pct":-18.5,"units_change_pct":-23.9,"margin_change_pts":3.8},{"period":"2025-03","revenue":77091.201171875,"cost":38515.0,"margin":50.0,"units":3360,"transactions":1668,"profit":38576.201171875,"revenue_change_pct":2.6,"units_change_pct":3.3,"margin_change_pts":0.3},{"period":"2025-04","revenue":70905.2978515625,"cost":44650.0,"margin":37.0,"units":3886,"transactions":1692,"profit":26255.30029296875,"revenue_change_pct":-8.0,"units_change_pct":15.7,"margin_change_pts":-13.0},{"period":"2025-05","revenue":68175.5224609375,"cost":35677.5,"margin":47.7,"units":3150,"transactions":1384,"profit":32498.02490234375,"revenue_change_pct":-3.8,"units_change_pct":-18.9,"margin_change_pts":10.6},{"period":"2025-06","revenue":64288.3740234375,"cost":33378.125,"margin":48.1,"units":3068,"transactions":1348,"profit":30910.2490234375,"revenue_change_pct":-5.7,"units_change_pct":-2.6,"margin_change_pts":0.4},{"period":"2025-07","revenue":69764.3994140625,"cost":31183.125,"margin":55.3,"units":3160,"transactions":1486,"profit":38581.2744140625,"revenue_change_pct":8.5,"units_change_pct":3.0,"margin_change_pts":7.2},{"period":"2025-08","revenue":87949.82421875,"cost":39595.625,"margin":55.0,"units":4022,"transactions":1784,"profit":48354.19921875,"revenue_change_pct":26.1,"units_change_pct":27.3,"margin_change_pts":-0.3},{"period":"2025-09","revenue":68761.34765625,"cost":30936.25,"margin":55.0,"units":3142,"transactions":1374,"profit":37825.10009765625,"revenue_change_pct":-21.8,"units_change_pct":-21.9,"margin_change_pts":0.0},{"period":"2025-10","revenue":79145.2978515625,"cost":36578.75,"margin":53.8,"units":3708,"transactions":1642,"profit":42566.5478515625,"revenue_change_pct":15.1,"units_change_pct":18.0,"margin_change_pts":-1.2},{"period":"2025-11","revenue":89983.447265625,"cost":45626.25,"margin":49.3,"units":4628,"transactions":1968,"profit":44357.2021484375,"revenue_change_pct":13.7,"units_change_pct":24.8,"margin_change_pts":-4.5},{"period":"2025-12","revenue":26427.9248046875,"cost":12006.875,"margin":54.6,"units":1250,"transactions":542,"profit":14421.0498046875,"revenue_change_pct":-70.6,"units_change_pct":-73.0,"margin_change_pts":5.3},{"period":"2026-01","revenue":1765.8250427246094,"cost":880.0,"margin":50.2,"units":90,"transactions":58,"profit":885.8250427246094,"revenue_change_pct":-93.3,"units_change_pct":-92.8,"margin_change_pts":-4.4}]}