{"brand":"GRON","date_range":"2024-01-01 00:00:00 to 2026-01-31 00:00:00","period_label":"All Time","summary":{"total_units":85310,"total_revenue":1876191.875,"total_cost":946901.25,"total_discounts":385688.203125,"total_profit":929290.546875,"overall_margin":49.5,"fp_margin":57.70000076293945,"disc_margin":42.29999923706055,"pct_full_price":47.0,"avg_discount_rate":17.100000381469727,"fp_revenue":880911.25,"disc_revenue":995280.46875,"unique_customers":25402,"brand":"GRON","date_range":"2024-01-01 00:00:00 to 2026-01-31 00:00:00","months_count":50,"avg_monthly_cost":37876.05,"cost_per_unit":22.200000000000003,"primary_category":"EDIBLE","primary_cat_margin":50.0,"category_rank":6,"category_total":32,"margin_vs_category":-0.5,"velocity_rank":8},"category_breakdown":[{"category_clean":"EDIBLE","units":85310,"revenue":1876191.71875,"cost":946901.25,"profit":929290.546875,"discounts":385688.203125,"margin":49.5,"category_avg_margin":50.0,"vs_category":-0.5,"rank":6.0,"total_brands":32.0}],"trend":[{"period":"2024-01","revenue":114585.771484375,"cost":58151.25,"margin":49.3,"units":5050,"transactions":2590,"profit":56434.5263671875,"revenue_change_pct":null,"units_change_pct":null,"margin_change_pts":null},{"period":"2024-02","revenue":97040.99609375,"cost":46776.25,"margin":51.8,"units":4062,"transactions":2232,"profit":50264.7509765625,"revenue_change_pct":-15.3,"units_change_pct":-19.6,"margin_change_pts":2.5},{"period":"2024-03","revenue":99036.923828125,"cost":48727.5,"margin":50.8,"units":4252,"transactions":2388,"profit":50309.423828125,"revenue_change_pct":2.1,"units_change_pct":4.7,"margin_change_pts":-1.0},{"period":"2024-04","revenue":111396.298828125,"cost":60230.0,"margin":45.9,"units":5216,"transactions":2616,"profit":51166.298828125,"revenue_change_pct":12.5,"units_change_pct":22.7,"margin_change_pts":-4.9},{"period":"2024-05","revenue":74347.2509765625,"cost":35338.75,"margin":52.5,"units":3066,"transactions":1720,"profit":39008.5009765625,"revenue_change_pct":-33.3,"units_change_pct":-41.2,"margin_change_pts":6.5},{"period":"2024-06","revenue":80842.7490234375,"cost":39826.25,"margin":50.7,"units":3438,"transactions":1790,"profit":41016.4990234375,"revenue_change_pct":8.7,"units_change_pct":12.1,"margin_change_pts":-1.7},{"period":"2024-07","revenue":59419.501953125,"cost":29570.0,"margin":50.2,"units":2576,"transactions":1430,"profit":29849.49951171875,"revenue_change_pct":-26.5,"units_change_pct":-25.1,"margin_change_pts":-0.5},{"period":"2024-08","revenue":69735.0244140625,"cost":34505.0,"margin":50.5,"units":2952,"transactions":1538,"profit":35230.0244140625,"revenue_change_pct":17.4,"units_change_pct":14.6,"margin_change_pts":0.3},{"period":"2024-09","revenue":67996.298828125,"cost":32315.0,"margin":52.5,"units":2800,"transactions":1502,"profit":35681.30126953125,"revenue_change_pct":-2.5,"units_change_pct":-5.1,"margin_change_pts":2.0},{"period":"2024-10","revenue":52634.1015625,"cost":25872.5,"margin":50.8,"units":2244,"transactions":1276,"profit":26761.59912109375,"revenue_change_pct":-22.6,"units_change_pct":-19.9,"margin_change_pts":-1.6},{"period":"2024-11","revenue":86992.177734375,"cost":51863.75,"margin":40.4,"units":4538,"transactions":2032,"profit":35128.42529296875,"revenue_change_pct":65.3,"units_change_pct":102.2,"margin_change_pts":-10.5},{"period":"2024-12","revenue":90560.224609375,"cost":47070.0,"margin":48.0,"units":4128,"transactions":1980,"profit":43490.224609375,"revenue_change_pct":4.1,"units_change_pct":-9.0,"margin_change_pts":7.6},{"period":"2025-01","revenue":92211.77734375,"cost":49840.0,"margin":46.0,"units":4272,"transactions":1900,"profit":42371.77734375,"revenue_change_pct":1.8,"units_change_pct":3.5,"margin_change_pts":-2.1},{"period":"2025-02","revenue":75134.2236328125,"cost":37787.5,"margin":49.7,"units":3252,"transactions":1526,"profit":37346.72607421875,"revenue_change_pct":-18.5,"units_change_pct":-23.9,"margin_change_pts":3.8},{"period":"2025-03","revenue":77091.201171875,"cost":38515.0,"margin":50.0,"units":3360,"transactions":1668,"profit":38576.201171875,"revenue_change_pct":2.6,"units_change_pct":3.3,"margin_change_pts":0.3},{"period":"2025-04","revenue":70905.2978515625,"cost":44650.0,"margin":37.0,"units":3886,"transactions":1692,"profit":26255.30029296875,"revenue_change_pct":-8.0,"units_change_pct":15.7,"margin_change_pts":-13.0},{"period":"2025-05","revenue":68175.5224609375,"cost":35677.5,"margin":47.7,"units":3150,"transactions":1384,"profit":32498.02490234375,"revenue_change_pct":-3.8,"units_change_pct":-18.9,"margin_change_pts":10.6},{"period":"2025-06","revenue":64288.3740234375,"cost":33378.125,"margin":48.1,"units":3068,"transactions":1348,"profit":30910.2490234375,"revenue_change_pct":-5.7,"units_change_pct":-2.6,"margin_change_pts":0.4},{"period":"2025-07","revenue":69764.3994140625,"cost":31183.125,"margin":55.3,"units":3160,"transactions":1486,"profit":38581.2744140625,"revenue_change_pct":8.5,"units_change_pct":3.0,"margin_change_pts":7.2},{"period":"2025-08","revenue":87949.82421875,"cost":39595.625,"margin":55.0,"units":4022,"transactions":1784,"profit":48354.19921875,"revenue_change_pct":26.1,"units_change_pct":27.3,"margin_change_pts":-0.3},{"period":"2025-09","revenue":68761.34765625,"cost":30936.25,"margin":55.0,"units":3142,"transactions":1374,"profit":37825.10009765625,"revenue_change_pct":-21.8,"units_change_pct":-21.9,"margin_change_pts":0.0},{"period":"2025-10","revenue":79145.2978515625,"cost":36578.75,"margin":53.8,"units":3708,"transactions":1642,"profit":42566.5478515625,"revenue_change_pct":15.1,"units_change_pct":18.0,"margin_change_pts":-1.2},{"period":"2025-11","revenue":89983.447265625,"cost":45626.25,"margin":49.3,"units":4628,"transactions":1968,"profit":44357.2021484375,"revenue_change_pct":13.7,"units_change_pct":24.8,"margin_change_pts":-4.5},{"period":"2025-12","revenue":26427.9248046875,"cost":12006.875,"margin":54.6,"units":1250,"transactions":542,"profit":14421.0498046875,"revenue_change_pct":-70.6,"units_change_pct":-73.0,"margin_change_pts":5.3},{"period":"2026-01","revenue":1765.8250427246094,"cost":880.0,"margin":50.2,"units":90,"transactions":58,"profit":885.8250427246094,"revenue_change_pct":-93.3,"units_change_pct":-92.8,"margin_change_pts":-4.4}],"share_of_category":[{"category":"EDIBLE","brand_revenue":1876191.875,"category_revenue":29378492.5,"revenue_share_pct":6.400000095367432,"brand_units":85310,"category_units":1706530,"units_share_pct":5.0}],"share_of_category_trend":{"EDIBLE":[{"period":"2024-01","brand_revenue":114585.771484375,"category_revenue":1115754.921875,"share_pct":10.300000190734863},{"period":"2024-02","brand_revenue":97040.99609375,"category_revenue":1235210.0,"share_pct":7.900000095367432},{"period":"2024-03","brand_revenue":99036.923828125,"category_revenue":1273343.671875,"share_pct":7.800000190734863},{"period":"2024-04","brand_revenue":111396.298828125,"category_revenue":1298159.0625,"share_pct":8.600000381469727},{"period":"2024-05","brand_revenue":74347.2509765625,"category_revenue":1215880.78125,"share_pct":6.099999904632568},{"period":"2024-06","brand_revenue":80842.7490234375,"category_revenue":1181362.421875,"share_pct":6.800000190734863},{"period":"2024-07","brand_revenue":59419.501953125,"category_revenue":1128302.8125,"share_pct":5.300000190734863},{"period":"2024-08","brand_revenue":69735.0244140625,"category_revenue":1167724.921875,"share_pct":6.0},{"period":"2024-09","brand_revenue":67996.298828125,"category_revenue":1114619.53125,"share_pct":6.099999904632568},{"period":"2024-10","brand_revenue":52634.1015625,"category_revenue":1205149.0625,"share_pct":4.400000095367432},{"period":"2024-11","brand_revenue":86992.177734375,"category_revenue":1236132.421875,"share_pct":7.0},{"period":"2024-12","brand_revenue":90560.224609375,"category_revenue":1207318.046875,"share_pct":7.5},{"period":"2025-01","brand_revenue":92211.77734375,"category_revenue":1176202.578125,"share_pct":7.800000190734863},{"period":"2025-02","brand_revenue":75134.2236328125,"category_revenue":1097683.359375,"share_pct":6.800000190734863},{"period":"2025-03","brand_revenue":77091.201171875,"category_revenue":1228067.265625,"share_pct":6.300000190734863},{"period":"2025-04","brand_revenue":70905.2978515625,"category_revenue":1290106.171875,"share_pct":5.5},{"period":"2025-05","brand_revenue":68175.5224609375,"category_revenue":1191670.3125,"share_pct":5.699999809265137},{"period":"2025-06","brand_revenue":64288.3740234375,"category_revenue":1110702.109375,"share_pct":5.800000190734863},{"period":"2025-07","brand_revenue":69764.3994140625,"category_revenue":1096938.125,"share_pct":6.400000095367432},{"period":"2025-08","brand_revenue":87949.82421875,"category_revenue":1145920.859375,"share_pct":7.699999809265137},{"period":"2025-09","brand_revenue":68761.34765625,"category_revenue":1070074.53125,"share_pct":6.400000095367432},{"period":"2025-10","brand_revenue":79145.2978515625,"category_revenue":1168865.78125,"share_pct":6.800000190734863},{"period":"2025-11","brand_revenue":89983.447265625,"category_revenue":1192334.453125,"share_pct":7.5},{"period":"2025-12","brand_revenue":26427.9248046875,"category_revenue":1138094.375,"share_pct":2.299999952316284},{"period":"2026-01","brand_revenue":1765.8250427246094,"category_revenue":1092874.21875,"share_pct":0.20000000298023224}]},"discount_depth":[{"tier":"0% (Full Price)","transactions":23014,"pct_of_transactions":45.1,"revenue":880911.25,"avg_discount":0.0},{"tier":"1-10%","transactions":6048,"pct_of_transactions":11.8,"revenue":284003.7890625,"avg_discount":20.0},{"tier":"11-20%","transactions":2632,"pct_of_transactions":5.2,"revenue":106701.982421875,"avg_discount":37.20000076293945},{"tier":"21-30%","transactions":8896,"pct_of_transactions":17.4,"revenue":244183.06640625,"avg_discount":58.400001525878906},{"tier":"31%+","transactions":9744,"pct_of_transactions":19.1,"revenue":328623.9453125,"avg_discount":80.5999984741211}],"velocity":{"units_per_day":113.44,"revenue_per_day":2494.9249267578125,"avg_units_per_txn":4.12,"days_of_data":752,"total_units":85310,"total_transactions":41466},"velocity_by_category":[{"category":"EDIBLE","brand_units_per_day":111.96,"category_avg_units_per_day":69.98,"velocity_index":160.0,"brand_rev_per_unit":17.59,"category_rev_per_unit":13.77,"brands_in_category":32}],"deals":[{"deal_name":"Industry - 30% Off","times_used":3646,"units":5986.0,"revenue":110952.26043224335,"discounts":47741.486748456955,"cost":69021.25,"profit":41931.0132474266,"pre_discount_revenue":158693.75,"margin":37.8,"avg_discount":60.2},{"deal_name":"Senior - 10% Off","times_used":2896,"units":6769.666666666667,"revenue":163395.6014096737,"discounts":18727.72936185201,"cost":75990.3125,"profit":87405.29270134866,"pre_discount_revenue":182123.3333333333,"margin":53.5,"avg_discount":20.6},{"deal_name":"GRON 3 for $45","times_used":1952,"units":7042.0,"revenue":131869.32499170303,"discounts":54500.67499637604,"cost":69531.5625,"profit":62337.76250347495,"pre_discount_revenue":186370.0,"margin":47.3,"avg_discount":58.4},{"deal_name":"GRON 3 for $40","times_used":1604,"units":5697.0,"revenue":95110.16396045685,"discounts":55759.83797222376,"cost":64501.875,"profit":30608.28701198101,"pre_discount_revenue":150870.0,"margin":32.2,"avg_discount":74.0},{"deal_name":"Industry 30% Off","times_used":1270,"units":2336.0,"revenue":42448.41211974621,"discounts":18314.087405204773,"cost":23264.0625,"profit":19184.350118786097,"pre_discount_revenue":60762.5,"margin":45.2,"avg_discount":60.2},{"deal_name":"GRON Buy 2 Get 1","times_used":962,"units":3890.0,"revenue":66416.99802398682,"discounts":34214.24968957901,"cost":43858.75,"profit":22558.250238895416,"pre_discount_revenue":100631.25,"margin":34.0,"avg_discount":68.0},{"deal_name":"Senior / Veterans - 20% Off","times_used":716,"units":1773.0,"revenue":37507.72536844015,"discounts":9697.275097370148,"cost":19600.9375,"profit":17906.78782939911,"pre_discount_revenue":47205.0,"margin":47.7,"avg_discount":41.0},{"deal_name":"4/20 2025 - Edibles","times_used":714,"units":1937.0,"revenue":25536.675000190735,"discounts":25680.824999809265,"cost":22150.625,"profit":3386.050000116229,"pre_discount_revenue":51217.5,"margin":13.3,"avg_discount":100.2},{"deal_name":"Veterans - 10% Off","times_used":628,"units":1210.0,"revenue":28963.74944448471,"discounts":3248.750037550926,"cost":13545.625,"profit":15418.125165700912,"pre_discount_revenue":32212.5,"margin":53.2,"avg_discount":20.2},{"deal_name":"GW - 50% Off Edibles","times_used":522,"units":1140.0,"revenue":14811.750001907349,"discounts":14800.749998092651,"cost":12842.5,"profit":1969.2499995231628,"pre_discount_revenue":29612.5,"margin":13.3,"avg_discount":100.0},{"deal_name":"Jackpot - Locals 30% Off","times_used":440,"units":786.0,"revenue":14589.249844551086,"discounts":6290.74990272522,"cost":8561.25,"profit":6028.000096082687,"pre_discount_revenue":20880.0,"margin":41.3,"avg_discount":60.2},{"deal_name":"50% Off - G2B","times_used":398,"units":1024.3333333333333,"revenue":13304.775002002716,"discounts":13627.724997997284,"cost":10022.395833333334,"profit":3282.379167179267,"pre_discount_revenue":26932.5,"margin":24.7,"avg_discount":101.2},{"deal_name":"4/20 50% Off!!!!","times_used":398,"units":1064.0,"revenue":14111.25,"discounts":14111.25,"cost":12220.0,"profit":1891.25,"pre_discount_revenue":28222.5,"margin":13.4,"avg_discount":100.0},{"deal_name":"30% Off Special","times_used":96,"units":159.0,"revenue":2780.749955177307,"discounts":1191.7499768733978,"cost":1757.1875,"profit":1023.5625231266022,"pre_discount_revenue":3972.5,"margin":36.8,"avg_discount":60.0},{"deal_name":"Employee 30% - NOT FRIDAYS","times_used":60,"units":86.0,"revenue":1578.4999656677246,"discounts":676.4999890327454,"cost":989.375,"profit":589.1250109672546,"pre_discount_revenue":2255.0,"margin":37.3,"avg_discount":60.0},{"deal_name":"Employee - 40% OFF","times_used":46,"units":88.0,"revenue":1405.4999780654907,"discounts":937.0000123977661,"cost":955.625,"profit":449.87499833106995,"pre_discount_revenue":2342.5,"margin":32.0,"avg_discount":80.0},{"deal_name":"LVAC - 25% Off","times_used":46,"units":112.0,"revenue":2260.0,"discounts":795.0,"cost":1245.0,"profit":1015.0,"pre_discount_revenue":3055.0,"margin":44.9,"avg_discount":52.0},{"deal_name":"Store Credit - $15","times_used":38,"units":96.0,"revenue":1893.9958391586938,"discounts":621.0041685899099,"cost":935.3125,"profit":958.6833321551483,"pre_discount_revenue":2515.0,"margin":50.6,"avg_discount":49.4},{"deal_name":"Store Credit - $25","times_used":28,"units":98.66666666666666,"revenue":2259.2958370844526,"discounts":410.7041652997335,"cost":998.5416666666665,"profit":1260.7541657984257,"pre_discount_revenue":2670.0,"margin":55.8,"avg_discount":30.8},{"deal_name":"Store Credit - $50","times_used":20,"units":60.0,"revenue":950.0666667024295,"discounts":666.6000020503998,"cost":604.1666666666666,"profit":345.8999986201525,"pre_discount_revenue":1616.6666666666665,"margin":36.4,"avg_discount":82.4},{"deal_name":"25% OFF SALE","times_used":16,"units":20.0,"revenue":318.75,"discounts":106.25,"cost":187.5,"profit":131.25,"pre_discount_revenue":425.0,"margin":41.2,"avg_discount":50.0},{"deal_name":"Reno - Early Bird - Senior / Veterans - 20%","times_used":8,"units":18.0,"revenue":396.00000381469727,"discounts":99.00000095367432,"cost":185.625,"profit":210.37500381469727,"pre_discount_revenue":495.0,"margin":53.1,"avg_discount":40.0},{"deal_name":"Sammy Davis Early Bird - 15% Off","times_used":6,"units":6.0,"revenue":131.75000429153442,"discounts":23.24999988079071,"cost":57.5,"profit":74.24999952316284,"pre_discount_revenue":155.0,"margin":56.4,"avg_discount":30.0},{"deal_name":"Store Credit - $75","times_used":6,"units":5.333333333333333,"revenue":28.65000009536743,"discounts":106.34999990463257,"cost":49.89583333333333,"profit":-21.245833237965904,"pre_discount_revenue":135.0,"margin":-74.2,"avg_discount":157.6},{"deal_name":"Medical - 10%","times_used":4,"units":4.0,"revenue":87.74999856948853,"discounts":9.750000238418579,"cost":39.375,"profit":48.375000953674316,"pre_discount_revenue":97.5,"margin":55.1,"avg_discount":20.0},{"deal_name":"Store Credit - $100","times_used":4,"units":14.0,"revenue":129.1499999165535,"discounts":245.85000038146973,"cost":140.0,"profit":-10.850000381469727,"pre_discount_revenue":375.0,"margin":-8.4,"avg_discount":131.2},{"deal_name":"Store Credit - $150","times_used":2,"units":8.0,"revenue":60.0,"discounts":160.0,"cost":82.5,"profit":-22.5,"pre_discount_revenue":220.0,"margin":-37.5,"avg_discount":145.4}],"top_products":[{"product":"1:1:1 THC/CBD/CBN BLACKBERRY LEMONADE GUMMIES - GRON","units":32598,"revenue":745476.875,"cost":375398.125,"profit":370078.7890625,"transactions":17542,"margin":49.599998474121094},{"product":"3:1 CBG/THC BLUEBERRY LEMONADE GUMMIES - GRON","units":20356,"revenue":465439.8046875,"cost":234665.0,"profit":230774.82421875,"transactions":13550,"margin":49.599998474121094},{"product":"4:1 CBD/THC POMEGRANATE GUMMIES - GRON","units":17864,"revenue":402538.6328125,"cost":205538.125,"profit":197000.52734375,"transactions":10604,"margin":48.900001525878906},{"product":"RASPBERRY LEMONADE GUMMIES - GRON","units":14492,"revenue":262736.42578125,"cost":131300.0,"profit":131436.42578125,"transactions":9352,"margin":50.0}],"products_by_store":{"Elevation Springs":[{"product":"1:1:1 THC/CBD/CBN BLACKBERRY LEMONADE GUMMIES - GRON","units":9954,"revenue":223770.83984375,"cost":115635.0,"profit":108135.849609375,"transactions":6016,"margin":48.29999923706055},{"product":"3:1 CBG/THC BLUEBERRY LEMONADE GUMMIES - GRON","units":6592,"revenue":150150.3515625,"cost":76723.75,"profit":73426.6015625,"transactions":4554,"margin":48.900001525878906},{"product":"4:1 CBD/THC POMEGRANATE GUMMIES - GRON","units":6146,"revenue":137260.64453125,"cost":71202.5,"profit":66058.1494140625,"transactions":3830,"margin":48.099998474121094},{"product":"RASPBERRY LEMONADE GUMMIES - GRON","units":3438,"revenue":60286.650390625,"cost":31848.75,"profit":28437.900390625,"transactions":2384,"margin":47.20000076293945}],"Elevation Mesa":[{"product":"1:1:1 THC/CBD/CBN BLACKBERRY LEMONADE GUMMIES - GRON","units":2690,"revenue":56964.7021484375,"cost":31084.375,"profit":25880.32470703125,"transactions":1550,"margin":45.400001525878906},{"product":"3:1 CBG/THC BLUEBERRY LEMONADE GUMMIES - GRON","units":2396,"revenue":51001.1767578125,"cost":27671.25,"profit":23329.92431640625,"transactions":1558,"margin":45.70000076293945},{"product":"4:1 CBD/THC POMEGRANATE GUMMIES - GRON","units":2214,"revenue":47678.5009765625,"cost":25513.125,"profit":22165.3759765625,"transactions":1316,"margin":46.5},{"product":"RASPBERRY LEMONADE GUMMIES - GRON","units":1476,"revenue":24765.576171875,"cost":13447.5,"profit":11318.074951171875,"transactions":880,"margin":45.70000076293945}],"Elevation Oasis":[{"product":"1:1:1 THC/CBD/CBN BLACKBERRY LEMONADE GUMMIES - GRON","units":10312,"revenue":242505.625,"cost":117370.625,"profit":125135.0,"transactions":4542,"margin":51.599998474121094},{"product":"3:1 CBG/THC BLUEBERRY LEMONADE GUMMIES - GRON","units":5278,"revenue":121051.044921875,"cost":60179.375,"profit":60871.6748046875,"transactions":3108,"margin":50.29999923706055},{"product":"4:1 CBD/THC POMEGRANATE GUMMIES - GRON","units":4484,"revenue":103994.072265625,"cost":51147.5,"profit":52846.5771484375,"transactions":2360,"margin":50.79999923706055},{"product":"RASPBERRY LEMONADE GUMMIES - GRON","units":4360,"revenue":82037.67578125,"cost":38945.0,"profit":43092.67578125,"transactions":2594,"margin":52.5}],"Elevation Midtown":[{"product":"1:1:1 THC/CBD/CBN BLACKBERRY LEMONADE GUMMIES - GRON","units":4928,"revenue":116446.025390625,"cost":57051.25,"profit":59394.775390625,"transactions":2734,"margin":51.0},{"product":"3:1 CBG/THC BLUEBERRY LEMONADE GUMMIES - GRON","units":2758,"revenue":66054.326171875,"cost":31923.125,"profit":34131.201171875,"transactions":1938,"margin":51.70000076293945},{"product":"4:1 CBD/THC POMEGRANATE GUMMIES - GRON","units":2464,"revenue":58125.9765625,"cost":28488.125,"profit":29637.84912109375,"transactions":1622,"margin":51.0},{"product":"RASPBERRY LEMONADE GUMMIES - GRON","units":1978,"revenue":35383.173828125,"cost":17856.25,"profit":17526.925048828125,"transactions":1248,"margin":49.5}],"Elevation Boulevard":[{"product":"1:1:1 THC/CBD/CBN BLACKBERRY LEMONADE GUMMIES - GRON","units":2518,"revenue":52582.9248046875,"cost":29041.875,"profit":23541.0498046875,"transactions":1306,"margin":44.79999923706055},{"product":"4:1 CBD/THC POMEGRANATE GUMMIES - GRON","units":1332,"revenue":27452.39990234375,"cost":15192.5,"profit":12259.89990234375,"transactions":758,"margin":44.70000076293945},{"product":"3:1 CBG/THC BLUEBERRY LEMONADE GUMMIES - GRON","units":1282,"revenue":27091.39892578125,"cost":14523.75,"profit":12567.650146484375,"transactions":914,"margin":46.400001525878906},{"product":"RASPBERRY LEMONADE GUMMIES - GRON","units":1386,"revenue":23082.15087890625,"cost":12816.25,"profit":10265.899658203125,"transactions":874,"margin":44.5}],"Elevation Parkway":[{"product":"1:1:1 THC/CBD/CBN BLACKBERRY LEMONADE GUMMIES - GRON","units":2196,"revenue":53206.7724609375,"cost":25215.0,"profit":27991.77490234375,"transactions":1394,"margin":52.599998474121094},{"product":"3:1 CBG/THC BLUEBERRY LEMONADE GUMMIES - GRON","units":2050,"revenue":50091.5234375,"cost":23643.75,"profit":26447.77587890625,"transactions":1478,"margin":52.79999923706055},{"product":"RASPBERRY LEMONADE GUMMIES - GRON","units":1854,"revenue":37181.201171875,"cost":16386.25,"profit":20794.951171875,"transactions":1372,"margin":55.900001525878906},{"product":"4:1 CBD/THC POMEGRANATE GUMMIES - GRON","units":1224,"revenue":28027.05078125,"cost":13994.375,"profit":14032.674560546875,"transactions":718,"margin":50.099998474121094}]},"store_summary":[{"store_clean":"Elevation Springs","units":26130,"revenue":571468.515625,"cost":295410.0,"profit":276058.49609375,"discounts":127066.50390625,"margin":48.29999923706055,"discount_rate":18.200000762939453},{"store_clean":"Elevation Oasis","units":24434,"revenue":549588.4375,"cost":267642.5,"profit":281945.91796875,"discounts":97286.572265625,"margin":51.29999923706055,"discount_rate":15.0},{"store_clean":"Elevation Midtown","units":12128,"revenue":276009.4921875,"cost":135318.75,"profit":140690.751953125,"discounts":45722.998046875,"margin":51.0,"discount_rate":14.199999809265137},{"store_clean":"Elevation Mesa","units":8776,"revenue":180409.94140625,"cost":97716.25,"profit":82693.701171875,"discounts":52275.048828125,"margin":45.79999923706055,"discount_rate":22.5},{"store_clean":"Elevation Parkway","units":7324,"revenue":168506.54296875,"cost":79239.375,"profit":89267.177734375,"discounts":22398.44970703125,"margin":53.0,"discount_rate":11.699999809265137},{"store_clean":"Elevation Boulevard","units":6518,"revenue":130208.876953125,"cost":71574.375,"profit":58634.501953125,"discounts":40938.62548828125,"margin":45.0,"discount_rate":23.899999618530273}],"recommendations":[{"severity":"info","title":"VOLUME LEVERAGE","detail":"$750,477 revenue provides negotiating leverage.","action":"Use volume as leverage in next vendor meeting."}],"comparison":null}