{"brand":"FUTUROLA X TYSON 2.0","date_range":"2024-01-01 00:00:00 to 2026-01-31 00:00:00","period_label":"All Time","summary":{"total_units":24,"total_revenue":123.75,"total_cost":80.10000228881836,"total_discounts":56.25,"total_profit":43.64999771118164,"overall_margin":35.29999923706055,"fp_margin":46.599998474121094,"disc_margin":32.400001525878906,"pct_full_price":20.200000762939453,"avg_discount_rate":31.200000762939453,"fp_revenue":25.0,"disc_revenue":98.75,"unique_customers":12,"brand":"FUTUROLA X TYSON 2.0","date_range":"2024-01-01 00:00:00 to 2026-01-31 00:00:00","months_count":8,"avg_monthly_cost":20.025,"cost_per_unit":6.675,"primary_category":"ACCESSORY","primary_cat_margin":61.099998474121094,"category_rank":112,"category_total":136,"margin_vs_category":-25.799999237060547,"velocity_rank":77},"category_breakdown":[{"category_clean":"ACCESSORY","units":24,"revenue":123.75,"cost":80.10000228881836,"profit":43.64999771118164,"discounts":56.25,"margin":35.29999923706055,"category_avg_margin":61.099998474121094,"vs_category":-25.8,"rank":112.0,"total_brands":136.0}],"trend":[{"period":"2025-07","revenue":50.374999046325684,"cost":33.375000953674316,"margin":33.7,"units":10,"transactions":6,"profit":16.999999284744263,"revenue_change_pct":null,"units_change_pct":null,"margin_change_pts":null},{"period":"2025-08","revenue":30.875000953674316,"cost":20.02500057220459,"margin":35.1,"units":6,"transactions":6,"profit":10.850000381469727,"revenue_change_pct":-38.7,"units_change_pct":-40.0,"margin_change_pts":1.4},{"period":"2025-09","revenue":36.25,"cost":20.02500057220459,"margin":44.8,"units":6,"transactions":6,"profit":16.22499942779541,"revenue_change_pct":17.4,"units_change_pct":0,"margin_change_pts":9.6},{"period":"2025-10","revenue":6.25,"cost":6.675000190734863,"margin":-6.8,"units":2,"transactions":2,"profit":-0.42500000447034836,"revenue_change_pct":-82.8,"units_change_pct":-66.7,"margin_change_pts":-51.6}],"share_of_category":[{"category":"ACCESSORY","brand_revenue":123.75,"category_revenue":4128754.0625,"revenue_share_pct":0.0,"brand_units":24,"category_units":2130096,"units_share_pct":0.0}],"share_of_category_trend":{"ACCESSORY":[{"period":"2024-01","brand_revenue":0.0,"category_revenue":153543.9453125,"share_pct":0.0},{"period":"2024-02","brand_revenue":0.0,"category_revenue":152399.47265625,"share_pct":0.0},{"period":"2024-03","brand_revenue":0.0,"category_revenue":154678.876953125,"share_pct":0.0},{"period":"2024-04","brand_revenue":0.0,"category_revenue":163353.65234375,"share_pct":0.0},{"period":"2024-05","brand_revenue":0.0,"category_revenue":179676.4453125,"share_pct":0.0},{"period":"2024-06","brand_revenue":0.0,"category_revenue":185008.828125,"share_pct":0.0},{"period":"2024-07","brand_revenue":0.0,"category_revenue":186675.46875,"share_pct":0.0},{"period":"2024-08","brand_revenue":0.0,"category_revenue":180226.328125,"share_pct":0.0},{"period":"2024-09","brand_revenue":0.0,"category_revenue":162386.298828125,"share_pct":0.0},{"period":"2024-10","brand_revenue":0.0,"category_revenue":166088.73046875,"share_pct":0.0},{"period":"2024-11","brand_revenue":0.0,"category_revenue":171706.09375,"share_pct":0.0},{"period":"2024-12","brand_revenue":0.0,"category_revenue":176502.03125,"share_pct":0.0},{"period":"2025-01","brand_revenue":0.0,"category_revenue":167261.34765625,"share_pct":0.0},{"period":"2025-02","brand_revenue":0.0,"category_revenue":155260.927734375,"share_pct":0.0},{"period":"2025-03","brand_revenue":0.0,"category_revenue":176420.390625,"share_pct":0.0},{"period":"2025-04","brand_revenue":0.0,"category_revenue":182694.82421875,"share_pct":0.0},{"period":"2025-05","brand_revenue":0.0,"category_revenue":179904.4921875,"share_pct":0.0},{"period":"2025-06","brand_revenue":0.0,"category_revenue":161148.75,"share_pct":0.0},{"period":"2025-07","brand_revenue":50.374999046325684,"category_revenue":165549.8046875,"share_pct":0.0},{"period":"2025-08","brand_revenue":30.875000953674316,"category_revenue":171752.05078125,"share_pct":0.0},{"period":"2025-09","brand_revenue":36.25,"category_revenue":168198.9453125,"share_pct":0.0},{"period":"2025-10","brand_revenue":6.25,"category_revenue":171844.55078125,"share_pct":0.0},{"period":"2025-11","brand_revenue":0.0,"category_revenue":172839.74609375,"share_pct":0.0},{"period":"2025-12","brand_revenue":0.0,"category_revenue":141954.873046875,"share_pct":0.0},{"period":"2026-01","brand_revenue":0.0,"category_revenue":81677.1484375,"share_pct":0.0}]},"discount_depth":[{"tier":"0% (Full Price)","transactions":4,"pct_of_transactions":20.0,"revenue":25.0,"avg_discount":0.0},{"tier":"1-10%","transactions":2,"pct_of_transactions":10.0,"revenue":11.25,"avg_discount":20.0},{"tier":"11-20%","transactions":0,"pct_of_transactions":0.0,"revenue":0.0,"avg_discount":0},{"tier":"21-30%","transactions":2,"pct_of_transactions":10.0,"revenue":34.124999046325684,"avg_discount":60.0},{"tier":"31%+","transactions":8,"pct_of_transactions":40.0,"revenue":30.625,"avg_discount":100.0}],"velocity":{"units_per_day":0.3,"revenue_per_day":1.574999988079071,"avg_units_per_txn":2.4,"days_of_data":78,"total_units":24,"total_transactions":20},"velocity_by_category":[{"category":"ACCESSORY","brand_units_per_day":0.04,"category_avg_units_per_day":20.56,"velocity_index":0.2,"brand_rev_per_unit":4.12,"category_rev_per_unit":1.55,"brands_in_category":136}],"deals":[{"deal_name":"Jackpot - Locals 30% Off","times_used":4,"units":8.0,"revenue":45.49999952316284,"discounts":19.49999988079071,"cost":26.700000762939453,"profit":18.79999965429306,"pre_discount_revenue":65.0,"margin":41.3,"avg_discount":60.0},{"deal_name":"Employee 30% - NOT FRIDAYS","times_used":2,"units":2.0,"revenue":11.375000476837158,"discounts":4.8750001192092896,"cost":6.675000190734863,"profit":4.699999988079071,"pre_discount_revenue":16.25,"margin":41.3,"avg_discount":60.0},{"deal_name":"Senior - 10% Off","times_used":2,"units":2.0,"revenue":11.25,"discounts":1.25,"cost":6.675000190734863,"profit":4.575000107288361,"pre_discount_revenue":12.5,"margin":40.7,"avg_discount":20.0}],"top_products":[{"product":"BLUNT TERP - INFUSED CONE","units":24,"revenue":123.75,"cost":80.10000228881836,"profit":43.64999771118164,"transactions":20,"margin":35.29999923706055}],"products_by_store":{"Elevation Oasis":[{"product":"BLUNT TERP - INFUSED CONE","units":24,"revenue":123.75,"cost":80.10000228881836,"profit":43.64999771118164,"transactions":20,"margin":35.29999923706055}]},"store_summary":[{"store_clean":"Elevation Oasis","units":24,"revenue":123.75,"cost":80.10000228881836,"profit":43.64999771118164,"discounts":56.25,"margin":35.29999923706055,"discount_rate":31.200000762939453}],"recommendations":[{"severity":"red","title":"ACCESSORY: BELOW CATEGORY AVERAGE","detail":"Margin (35.3%) is 26 pts below ACCESSORY average. Ranked #112 of 136. Strong case for cost negotiation.","action":"Request 13% cost reduction or evaluate alternative ACCESSORY brands."},{"severity":"yellow","title":"CATEGORY BENCHMARK GAP","detail":"Overall margin (35.3%) trails ACCESSORY average (61.1%) by 25.8 pts.","action":"Negotiate cost reduction or increase retail price."},{"severity":"red","title":"HIGH PROMOTION DEPENDENCY","detail":"Only 20% sells at full price. Heavy discounting required.","action":"Test reducing deal frequency \u2014 track velocity without promos."},{"severity":"red","title":"LOW DISCOUNTED MARGIN","detail":"Margin drops to 32.4% when discounted.","action":"Cap discount depth at 20% or negotiate lower wholesale cost."}],"comparison":null}