{"brand":"ZIG-ZAG","date_range":"2024-01-01 00:00:00 to 2026-01-31 00:00:00","period_label":"All Time","summary":{"total_units":11,"total_revenue":22.149999618530273,"total_cost":5.6100006103515625,"total_discounts":2.6000001430511475,"total_profit":16.540000915527344,"overall_margin":74.69999694824219,"fp_margin":77.30000305175781,"disc_margin":71.9000015258789,"pct_full_price":50.79999923706055,"avg_discount_rate":10.5,"fp_revenue":11.25,"disc_revenue":10.899999618530273,"unique_customers":10,"brand":"ZIG-ZAG","date_range":"2024-01-01 00:00:00 to 2026-01-31 00:00:00","months_count":2,"avg_monthly_cost":2.81,"cost_per_unit":0.51,"primary_category":"ACCESSORY","primary_cat_margin":61.099998474121094,"category_rank":124,"category_total":136,"margin_vs_category":13.600000381469727,"velocity_rank":81},"category_breakdown":[{"category_clean":"ACCESSORY","units":11,"revenue":22.149999618530273,"cost":5.609999656677246,"profit":16.53999900817871,"discounts":2.5999999046325684,"margin":74.69999694824219,"category_avg_margin":61.099998474121094,"vs_category":13.6,"rank":124.0,"total_brands":136.0}],"trend":[{"period":"2025-08","revenue":7.420000076293945,"cost":2.0399999618530273,"margin":72.5,"units":4,"transactions":4,"profit":5.380000114440918,"revenue_change_pct":null,"units_change_pct":null,"margin_change_pts":null},{"period":"2025-09","revenue":14.729999542236328,"cost":3.569999933242798,"margin":75.8,"units":7,"transactions":7,"profit":11.15999984741211,"revenue_change_pct":98.5,"units_change_pct":75.0,"margin_change_pts":3.3}],"share_of_category":[{"category":"ACCESSORY","brand_revenue":22.149999618530273,"category_revenue":1651501.625,"revenue_share_pct":0.0,"brand_units":11,"category_units":1065048,"units_share_pct":0.0}],"share_of_category_trend":{"ACCESSORY":[{"period":"2024-01","brand_revenue":0.0,"category_revenue":61417.578125,"share_pct":0.0},{"period":"2024-02","brand_revenue":0.0,"category_revenue":60959.7890625,"share_pct":0.0},{"period":"2024-03","brand_revenue":0.0,"category_revenue":61871.55078125,"share_pct":0.0},{"period":"2024-04","brand_revenue":0.0,"category_revenue":65341.4609375,"share_pct":0.0},{"period":"2024-05","brand_revenue":0.0,"category_revenue":71870.578125,"share_pct":0.0},{"period":"2024-06","brand_revenue":0.0,"category_revenue":74003.53125,"share_pct":0.0},{"period":"2024-07","brand_revenue":0.0,"category_revenue":74670.1875,"share_pct":0.0},{"period":"2024-08","brand_revenue":0.0,"category_revenue":72090.53125,"share_pct":0.0},{"period":"2024-09","brand_revenue":0.0,"category_revenue":64954.51953125,"share_pct":0.0},{"period":"2024-10","brand_revenue":0.0,"category_revenue":66435.4921875,"share_pct":0.0},{"period":"2024-11","brand_revenue":0.0,"category_revenue":68682.4375,"share_pct":0.0},{"period":"2024-12","brand_revenue":0.0,"category_revenue":70600.8125,"share_pct":0.0},{"period":"2025-01","brand_revenue":0.0,"category_revenue":66904.5390625,"share_pct":0.0},{"period":"2025-02","brand_revenue":0.0,"category_revenue":62104.37109375,"share_pct":0.0},{"period":"2025-03","brand_revenue":0.0,"category_revenue":70568.15625,"share_pct":0.0},{"period":"2025-04","brand_revenue":0.0,"category_revenue":73077.9296875,"share_pct":0.0},{"period":"2025-05","brand_revenue":0.0,"category_revenue":71961.796875,"share_pct":0.0},{"period":"2025-06","brand_revenue":0.0,"category_revenue":64459.5,"share_pct":0.0},{"period":"2025-07","brand_revenue":0.0,"category_revenue":66219.921875,"share_pct":0.0},{"period":"2025-08","brand_revenue":7.420000076293945,"category_revenue":68700.8203125,"share_pct":0.0},{"period":"2025-09","brand_revenue":14.729999542236328,"category_revenue":67279.578125,"share_pct":0.0},{"period":"2025-10","brand_revenue":0.0,"category_revenue":68737.8203125,"share_pct":0.0},{"period":"2025-11","brand_revenue":0.0,"category_revenue":69135.8984375,"share_pct":0.0},{"period":"2025-12","brand_revenue":0.0,"category_revenue":56781.94921875,"share_pct":0.0},{"period":"2026-01","brand_revenue":0.0,"category_revenue":32670.859375,"share_pct":0.0}]},"discount_depth":[{"tier":"0% (Full Price)","transactions":5,"pct_of_transactions":45.5,"revenue":11.25,"avg_discount":0.0},{"tier":"1-10%","transactions":0,"pct_of_transactions":0.0,"revenue":0.0,"avg_discount":0},{"tier":"11-20%","transactions":4,"pct_of_transactions":36.4,"revenue":7.640000343322754,"avg_discount":15.100000381469727},{"tier":"21-30%","transactions":1,"pct_of_transactions":9.1,"revenue":1.690000057220459,"avg_discount":24.899999618530273},{"tier":"31%+","transactions":1,"pct_of_transactions":9.1,"revenue":1.5700000524520874,"avg_discount":30.200000762939453}],"velocity":{"units_per_day":0.32,"revenue_per_day":0.6499999761581421,"avg_units_per_txn":1.0,"days_of_data":34,"total_units":11,"total_transactions":11},"velocity_by_category":[{"category":"ACCESSORY","brand_units_per_day":0.01,"category_avg_units_per_day":10.28,"velocity_index":0.1,"brand_rev_per_unit":2.01,"category_rev_per_unit":1.55,"brands_in_category":136}],"deals":[{"deal_name":"Senior - 10% Off","times_used":2,"units":2.0,"revenue":4.039999961853027,"discounts":0.46000000834465027,"cost":1.0199999809265137,"profit":3.0199999809265137,"pre_discount_revenue":4.5,"margin":74.8,"avg_discount":10.2},{"deal_name":"Senior / Veterans - 20% Off","times_used":2,"units":2.0,"revenue":3.5999999046325684,"discounts":0.8999999761581421,"cost":1.0199999809265137,"profit":2.5799999237060547,"pre_discount_revenue":4.5,"margin":71.7,"avg_discount":20.0},{"deal_name":"Jackpot - Locals 30% Off","times_used":1,"units":1.0,"revenue":1.5700000524520874,"discounts":0.6800000071525574,"cost":0.5099999904632568,"profit":1.059999942779541,"pre_discount_revenue":2.25,"margin":67.5,"avg_discount":30.2}],"top_products":[{"product":"ROLLING PAPER W / CUT CORNERS","units":11,"revenue":22.149999618530273,"cost":5.609999656677246,"profit":16.53999900817871,"transactions":11,"margin":74.69999694824219}],"products_by_store":{"Thrive Jackpot":[{"product":"ROLLING PAPER W / CUT CORNERS","units":11,"revenue":22.149999618530273,"cost":5.609999656677246,"profit":16.53999900817871,"transactions":11,"margin":74.69999694824219}]},"store_summary":[{"store_clean":"Thrive Jackpot","units":11,"revenue":22.149999618530273,"cost":5.609999656677246,"profit":16.53999900817871,"discounts":2.5999999046325684,"margin":74.69999694824219,"discount_rate":10.5}],"recommendations":[],"comparison":null}