{"brand":"SANTA CRUZ","date_range":"2024-01-01 00:00:00 to 2026-01-31 00:00:00","period_label":"All Time","summary":{"total_units":50,"total_revenue":942.0400390625,"total_cost":346.49993896484375,"total_discounts":35.959999084472656,"total_profit":595.5400390625,"overall_margin":63.20000076293945,"fp_margin":64.5,"disc_margin":52.099998474121094,"pct_full_price":89.5,"avg_discount_rate":3.700000047683716,"fp_revenue":843.0,"disc_revenue":99.04000091552734,"unique_customers":50,"brand":"SANTA CRUZ","date_range":"2024-01-01 00:00:00 to 2026-01-31 00:00:00","months_count":12,"avg_monthly_cost":28.87,"cost_per_unit":6.93,"primary_category":"ACCESSORY","primary_cat_margin":61.099998474121094,"category_rank":35,"category_total":136,"margin_vs_category":2.0999999046325684,"velocity_rank":40},"category_breakdown":[{"category_clean":"ACCESSORY","units":45,"revenue":868.5499877929688,"cost":319.04998779296875,"profit":549.5,"discounts":24.450000762939453,"margin":63.29999923706055,"category_avg_margin":61.099998474121094,"vs_category":2.2,"rank":35.0,"total_brands":136.0}],"trend":[{"period":"2024-07","revenue":189.49000549316406,"cost":73.88999938964844,"margin":61.0,"units":11,"transactions":11,"profit":115.60000610351562,"revenue_change_pct":null,"units_change_pct":null,"margin_change_pts":null},{"period":"2024-08","revenue":359.0,"cost":140.84999084472656,"margin":60.8,"units":15,"transactions":15,"profit":218.15000915527344,"revenue_change_pct":89.5,"units_change_pct":36.4,"margin_change_pts":-0.2},{"period":"2024-11","revenue":34.0,"cost":10.979999542236328,"margin":67.7,"units":2,"transactions":2,"profit":23.020000457763672,"revenue_change_pct":-90.5,"units_change_pct":-86.7,"margin_change_pts":6.9},{"period":"2024-12","revenue":85.0,"cost":27.44999885559082,"margin":67.7,"units":5,"transactions":5,"profit":57.55000305175781,"revenue_change_pct":150.0,"units_change_pct":150.0,"margin_change_pts":0.0},{"period":"2025-01","revenue":68.0,"cost":21.959999084472656,"margin":67.7,"units":4,"transactions":4,"profit":46.040000915527344,"revenue_change_pct":-20.0,"units_change_pct":-20.0,"margin_change_pts":0.0},{"period":"2025-02","revenue":34.0,"cost":10.979999542236328,"margin":67.7,"units":2,"transactions":2,"profit":23.020000457763672,"revenue_change_pct":-50.0,"units_change_pct":-50.0,"margin_change_pts":0.0},{"period":"2025-05","revenue":12.75,"cost":5.489999771118164,"margin":56.9,"units":1,"transactions":1,"profit":7.260000228881836,"revenue_change_pct":-62.5,"units_change_pct":-50.0,"margin_change_pts":-10.8},{"period":"2025-06","revenue":13.600000381469727,"cost":5.489999771118164,"margin":59.6,"units":1,"transactions":1,"profit":8.109999656677246,"revenue_change_pct":6.7,"units_change_pct":0,"margin_change_pts":2.7},{"period":"2025-08","revenue":34.0,"cost":10.979999542236328,"margin":67.7,"units":2,"transactions":2,"profit":23.020000457763672,"revenue_change_pct":150.0,"units_change_pct":100.0,"margin_change_pts":8.1},{"period":"2025-09","revenue":62.900001525878906,"cost":21.959999084472656,"margin":65.1,"units":4,"transactions":4,"profit":40.94000244140625,"revenue_change_pct":85.0,"units_change_pct":100.0,"margin_change_pts":-2.6},{"period":"2025-10","revenue":17.0,"cost":5.489999771118164,"margin":67.7,"units":1,"transactions":1,"profit":11.510000228881836,"revenue_change_pct":-73.0,"units_change_pct":-75.0,"margin_change_pts":2.6},{"period":"2025-12","revenue":32.29999923706055,"cost":10.979999542236328,"margin":66.0,"units":2,"transactions":2,"profit":21.31999969482422,"revenue_change_pct":90.0,"units_change_pct":100.0,"margin_change_pts":-1.7}],"share_of_category":[{"category":"ACCESSORY","brand_revenue":868.5499877929688,"category_revenue":1651501.625,"revenue_share_pct":0.10000000149011612,"brand_units":45,"category_units":1065048,"units_share_pct":0.0},{"category":0.0,"brand_revenue":0.0,"category_revenue":0.0,"revenue_share_pct":0.0,"brand_units":0,"category_units":0,"units_share_pct":0.0}],"share_of_category_trend":{"ACCESSORY":[{"period":"2024-01","brand_revenue":0.0,"category_revenue":61417.578125,"share_pct":0.0},{"period":"2024-02","brand_revenue":0.0,"category_revenue":60959.7890625,"share_pct":0.0},{"period":"2024-03","brand_revenue":0.0,"category_revenue":61871.55078125,"share_pct":0.0},{"period":"2024-04","brand_revenue":0.0,"category_revenue":65341.4609375,"share_pct":0.0},{"period":"2024-05","brand_revenue":0.0,"category_revenue":71870.578125,"share_pct":0.0},{"period":"2024-06","brand_revenue":0.0,"category_revenue":74003.53125,"share_pct":0.0},{"period":"2024-07","brand_revenue":116.0,"category_revenue":74670.1875,"share_pct":0.20000000298023224},{"period":"2024-08","brand_revenue":359.0,"category_revenue":72090.53125,"share_pct":0.5},{"period":"2024-09","brand_revenue":0.0,"category_revenue":64954.51953125,"share_pct":0.0},{"period":"2024-10","brand_revenue":0.0,"category_revenue":66435.4921875,"share_pct":0.0},{"period":"2024-11","brand_revenue":34.0,"category_revenue":68682.4375,"share_pct":0.0},{"period":"2024-12","brand_revenue":85.0,"category_revenue":70600.8125,"share_pct":0.10000000149011612},{"period":"2025-01","brand_revenue":68.0,"category_revenue":66904.5390625,"share_pct":0.10000000149011612},{"period":"2025-02","brand_revenue":34.0,"category_revenue":62104.37109375,"share_pct":0.10000000149011612},{"period":"2025-03","brand_revenue":0.0,"category_revenue":70568.15625,"share_pct":0.0},{"period":"2025-04","brand_revenue":0.0,"category_revenue":73077.9296875,"share_pct":0.0},{"period":"2025-05","brand_revenue":12.75,"category_revenue":71961.796875,"share_pct":0.0},{"period":"2025-06","brand_revenue":13.600000381469727,"category_revenue":64459.5,"share_pct":0.0},{"period":"2025-07","brand_revenue":0.0,"category_revenue":66219.921875,"share_pct":0.0},{"period":"2025-08","brand_revenue":34.0,"category_revenue":68700.8203125,"share_pct":0.0},{"period":"2025-09","brand_revenue":62.900001525878906,"category_revenue":67279.578125,"share_pct":0.10000000149011612},{"period":"2025-10","brand_revenue":17.0,"category_revenue":68737.8203125,"share_pct":0.0},{"period":"2025-11","brand_revenue":0.0,"category_revenue":69135.8984375,"share_pct":0.0},{"period":"2025-12","brand_revenue":32.29999923706055,"category_revenue":56781.94921875,"share_pct":0.10000000149011612},{"period":"2026-01","brand_revenue":0.0,"category_revenue":32670.859375,"share_pct":0.0}]},"discount_depth":[{"tier":"0% (Full Price)","transactions":43,"pct_of_transactions":86.0,"revenue":843.0,"avg_discount":0.0},{"tier":"1-10%","transactions":1,"pct_of_transactions":2.0,"revenue":15.300000190734863,"avg_discount":10.0},{"tier":"11-20%","transactions":3,"pct_of_transactions":6.0,"revenue":53.599998474121094,"avg_discount":20.0},{"tier":"21-30%","transactions":2,"pct_of_transactions":4.0,"revenue":24.649999618530273,"avg_discount":27.5},{"tier":"31%+","transactions":1,"pct_of_transactions":2.0,"revenue":5.489999771118164,"avg_discount":67.69999694824219}],"velocity":{"units_per_day":0.09,"revenue_per_day":1.7699999809265137,"avg_units_per_txn":1.0,"days_of_data":531,"total_units":50,"total_transactions":50},"velocity_by_category":[{"category":"ACCESSORY","brand_units_per_day":0.06,"category_avg_units_per_day":10.28,"velocity_index":0.6,"brand_rev_per_unit":19.3,"category_rev_per_unit":1.55,"brands_in_category":136},{"category":0.0,"brand_units_per_day":0.0,"category_avg_units_per_day":0,"velocity_index":0,"brand_rev_per_unit":0.0,"category_rev_per_unit":0.0,"brands_in_category":0}],"deals":[{"deal_name":"Industry 30% Off","times_used":1,"units":1.0,"revenue":11.899999618530273,"discounts":5.099999904632568,"cost":5.489999771118164,"profit":6.409999847412109,"pre_discount_revenue":17.0,"margin":53.9,"avg_discount":30.0},{"deal_name":"Senior - 10% Off","times_used":1,"units":1.0,"revenue":15.300000190734863,"discounts":1.7000000476837158,"cost":5.489999771118164,"profit":9.8100004196167,"pre_discount_revenue":17.0,"margin":64.1,"avg_discount":10.0}],"top_products":[{"product":"SANTA CRUZ SHREDDER [MED]","units":29,"revenue":478.54998779296875,"cost":159.20999145507812,"profit":319.3399963378906,"transactions":29,"margin":66.69999694824219},{"product":"SANTA CRUZ 4P GRINDER","units":16,"revenue":390.0,"cost":159.83999633789062,"profit":230.16000366210938,"transactions":16,"margin":59.0},{"product":"Santa Cruz Shredder (Med)","units":5,"revenue":73.48999786376953,"cost":27.44999885559082,"profit":46.040000915527344,"transactions":5,"margin":62.599998474121094}],"products_by_store":{"Thrive Reno":[{"product":"SANTA CRUZ SHREDDER [MED]","units":29,"revenue":478.54998779296875,"cost":159.20999145507812,"profit":319.3399963378906,"transactions":29,"margin":66.69999694824219},{"product":"SANTA CRUZ 4P GRINDER","units":16,"revenue":390.0,"cost":159.83999633789062,"profit":230.16000366210938,"transactions":16,"margin":59.0},{"product":"Santa Cruz Shredder (Med)","units":5,"revenue":73.48999786376953,"cost":27.44999885559082,"profit":46.040000915527344,"transactions":5,"margin":62.599998474121094}]},"store_summary":[{"store_clean":"Thrive Reno","units":50,"revenue":942.0399780273438,"cost":346.5,"profit":595.5400390625,"discounts":35.959999084472656,"margin":63.20000076293945,"discount_rate":3.700000047683716}],"recommendations":[],"comparison":null}