{"brand":"VIRTUE","date_range":"2024-01-01 00:00:00 to 2026-01-31 00:00:00","period_label":"All Time","summary":{"total_units":71696,"total_revenue":1964822.5,"total_cost":944322.03125,"total_discounts":460063.671875,"total_profit":1020500.46875,"overall_margin":51.900001525878906,"fp_margin":60.400001525878906,"disc_margin":45.099998474121094,"pct_full_price":44.5,"avg_discount_rate":19.0,"fp_revenue":875017.5,"disc_revenue":1089805.078125,"brand":"VIRTUE","date_range":"2024-01-01 00:00:00 to 2026-01-31 00:00:00","primary_category":"FLOWER","store_coverage":"6/7","stores_present":["Elevation Springs","Elevation Mesa","Elevation Oasis","Elevation Midtown","Elevation Boulevard","Elevation Parkway"],"stores_missing":["Elevation Downtown"],"velocity_rank":23,"velocity_total":64},"distribution":[{"store":"Elevation Springs","carries_brand":true,"sku_count":68,"revenue":413057.265625,"units":17138,"store_total_revenue":51138750.0,"brand_share_pct":0.800000011920929},{"store":"Elevation Mesa","carries_brand":true,"sku_count":68,"revenue":316774.58984375,"units":13508,"store_total_revenue":47532240.0,"brand_share_pct":0.699999988079071},{"store":"Elevation Oasis","carries_brand":true,"sku_count":86,"revenue":562844.53125,"units":12648,"store_total_revenue":56050145.0,"brand_share_pct":1.0},{"store":"Elevation Downtown","carries_brand":false,"sku_count":0,"revenue":0.0,"units":0,"store_total_revenue":1945237.1875,"brand_share_pct":0},{"store":"Elevation Midtown","carries_brand":true,"sku_count":64,"revenue":225367.1484375,"units":8722,"store_total_revenue":30850185.0,"brand_share_pct":0.699999988079071},{"store":"Elevation Boulevard","carries_brand":true,"sku_count":68,"revenue":223211.2890625,"units":10486,"store_total_revenue":28757865.0,"brand_share_pct":0.800000011920929},{"store":"Elevation Parkway","carries_brand":true,"sku_count":60,"revenue":223567.6953125,"units":9194,"store_total_revenue":21987007.5,"brand_share_pct":1.0}],"share_of_category":[{"category":"FLOWER","brand_revenue":1153981.40625,"category_revenue":77755450.0,"revenue_share_pct":1.5,"brand_units":24684,"category_units":2708446,"units_share_pct":0.9},{"category":"PRE ROLL PACK","brand_revenue":465530.7421875,"category_revenue":3903863.75,"revenue_share_pct":11.899999618530273,"brand_units":17788,"category_units":123714,"units_share_pct":14.4},{"category":"PRE ROLL","brand_revenue":334364.7265625,"category_revenue":14009791.25,"revenue_share_pct":2.4000000953674316,"brand_units":28892,"category_units":1485736,"units_share_pct":1.9},{"category":"CONCENTRATE","brand_revenue":5733.2501220703125,"category_revenue":7866357.5,"revenue_share_pct":0.10000000149011612,"brand_units":246,"category_units":316632,"units_share_pct":0.1},{"category":"INFUSED PRE ROLL","brand_revenue":675.0,"category_revenue":10308101.25,"revenue_share_pct":0.0,"brand_units":36,"category_units":488074,"units_share_pct":0.0},{"category":0.0,"brand_revenue":0.0,"category_revenue":0.0,"revenue_share_pct":0.0,"brand_units":0,"category_units":0,"units_share_pct":0.0}],"share_of_category_trend":{"FLOWER":[{"period":"2024-01","brand_revenue":69095.0,"category_revenue":3552357.8125,"share_pct":1.899999976158142},{"period":"2024-02","brand_revenue":34180.67626953125,"category_revenue":3535245.625,"share_pct":1.0},{"period":"2024-03","brand_revenue":33710.90087890625,"category_revenue":3693805.625,"share_pct":0.8999999761581421},{"period":"2024-04","brand_revenue":44064.7021484375,"category_revenue":3541899.6875,"share_pct":1.2000000476837158},{"period":"2024-05","brand_revenue":42862.8515625,"category_revenue":3537479.375,"share_pct":1.2000000476837158},{"period":"2024-06","brand_revenue":37625.0,"category_revenue":3403269.6875,"share_pct":1.100000023841858},{"period":"2024-07","brand_revenue":41529.873046875,"category_revenue":3457705.9375,"share_pct":1.2000000476837158},{"period":"2024-08","brand_revenue":34023.5009765625,"category_revenue":3453819.375,"share_pct":1.0},{"period":"2024-09","brand_revenue":62672.998046875,"category_revenue":3316441.5625,"share_pct":1.899999976158142},{"period":"2024-10","brand_revenue":71387.5244140625,"category_revenue":3585775.0,"share_pct":2.0},{"period":"2024-11","brand_revenue":90430.0,"category_revenue":3454855.3125,"share_pct":2.5999999046325684},{"period":"2024-12","brand_revenue":69089.501953125,"category_revenue":3226567.8125,"share_pct":2.0999999046325684},{"period":"2025-01","brand_revenue":25380.0,"category_revenue":2984938.125,"share_pct":0.8999999761581421},{"period":"2025-02","brand_revenue":62834.7509765625,"category_revenue":2816220.0,"share_pct":2.200000047683716},{"period":"2025-03","brand_revenue":26733.02490234375,"category_revenue":2911379.6875,"share_pct":0.8999999761581421},{"period":"2025-04","brand_revenue":55232.7490234375,"category_revenue":3118895.3125,"share_pct":1.7999999523162842},{"period":"2025-05","brand_revenue":64337.2265625,"category_revenue":2887345.0,"share_pct":2.200000047683716},{"period":"2025-06","brand_revenue":18410.0,"category_revenue":2773698.125,"share_pct":0.699999988079071},{"period":"2025-07","brand_revenue":16927.5,"category_revenue":2782763.125,"share_pct":0.6000000238418579},{"period":"2025-08","brand_revenue":40138.62548828125,"category_revenue":2733122.8125,"share_pct":1.5},{"period":"2025-09","brand_revenue":47226.25,"category_revenue":2603501.5625,"share_pct":1.7999999523162842},{"period":"2025-10","brand_revenue":26061.6748046875,"category_revenue":2663705.0,"share_pct":1.0},{"period":"2025-11","brand_revenue":35316.4501953125,"category_revenue":2700189.0625,"share_pct":1.2999999523162842},{"period":"2025-12","brand_revenue":55016.1767578125,"category_revenue":2515209.53125,"share_pct":2.200000047683716},{"period":"2026-01","brand_revenue":49694.375,"category_revenue":2505261.875,"share_pct":2.0}],"PRE ROLL PACK":[{"period":"2024-01","brand_revenue":26254.375,"category_revenue":169271.89453125,"share_pct":15.5},{"period":"2024-02","brand_revenue":30626.2255859375,"category_revenue":174199.375,"share_pct":17.600000381469727},{"period":"2024-03","brand_revenue":26011.42578125,"category_revenue":187083.0078125,"share_pct":13.899999618530273},{"period":"2024-04","brand_revenue":32880.50048828125,"category_revenue":179617.6171875,"share_pct":18.299999237060547},{"period":"2024-05","brand_revenue":32596.6748046875,"category_revenue":198875.703125,"share_pct":16.399999618530273},{"period":"2024-06","brand_revenue":13455.0,"category_revenue":182181.42578125,"share_pct":7.400000095367432},{"period":"2024-07","brand_revenue":21338.42529296875,"category_revenue":189754.43359375,"share_pct":11.199999809265137},{"period":"2024-08","brand_revenue":13742.62451171875,"category_revenue":163466.5234375,"share_pct":8.399999618530273},{"period":"2024-09","brand_revenue":15022.650146484375,"category_revenue":145157.197265625,"share_pct":10.300000190734863},{"period":"2024-10","brand_revenue":24146.2744140625,"category_revenue":143902.822265625,"share_pct":16.799999237060547},{"period":"2024-11","brand_revenue":26280.0,"category_revenue":169051.3671875,"share_pct":15.5},{"period":"2024-12","brand_revenue":18342.5,"category_revenue":186738.92578125,"share_pct":9.800000190734863},{"period":"2025-01","brand_revenue":22837.5,"category_revenue":222888.57421875,"share_pct":10.199999809265137},{"period":"2025-02","brand_revenue":11254.27490234375,"category_revenue":186213.06640625,"share_pct":6.0},{"period":"2025-03","brand_revenue":14792.80029296875,"category_revenue":195415.56640625,"share_pct":7.599999904632568},{"period":"2025-04","brand_revenue":14812.999267578125,"category_revenue":188683.2421875,"share_pct":7.900000095367432},{"period":"2025-05","brand_revenue":18384.825439453125,"category_revenue":231505.29296875,"share_pct":7.900000095367432},{"period":"2025-06","brand_revenue":7635.999755859375,"category_revenue":169830.2734375,"share_pct":4.5},{"period":"2025-07","brand_revenue":5304.000244140625,"category_revenue":130345.849609375,"share_pct":4.099999904632568},{"period":"2025-08","brand_revenue":14115.74951171875,"category_revenue":108797.099609375,"share_pct":13.0},{"period":"2025-09","brand_revenue":19919.925537109375,"category_revenue":99689.677734375,"share_pct":20.0},{"period":"2025-10","brand_revenue":15439.49951171875,"category_revenue":67141.8505859375,"share_pct":23.0},{"period":"2025-11","brand_revenue":13258.75,"category_revenue":80167.7978515625,"share_pct":16.5},{"period":"2025-12","brand_revenue":15036.75048828125,"category_revenue":71818.3740234375,"share_pct":20.899999618530273},{"period":"2026-01","brand_revenue":12040.999755859375,"category_revenue":62066.826171875,"share_pct":19.399999618530273}],"PRE ROLL":[{"period":"2024-01","brand_revenue":23627.7490234375,"category_revenue":508338.515625,"share_pct":4.599999904632568},{"period":"2024-02","brand_revenue":16339.49951171875,"category_revenue":489393.671875,"share_pct":3.299999952316284},{"period":"2024-03","brand_revenue":17537.80029296875,"category_revenue":520052.3828125,"share_pct":3.4000000953674316},{"period":"2024-04","brand_revenue":18132.674560546875,"category_revenue":491300.6640625,"share_pct":3.700000047683716},{"period":"2024-05","brand_revenue":24812.94921875,"category_revenue":542202.890625,"share_pct":4.599999904632568},{"period":"2024-06","brand_revenue":10861.8994140625,"category_revenue":507288.8671875,"share_pct":2.0999999046325684},{"period":"2024-07","brand_revenue":16458.00048828125,"category_revenue":524250.9765625,"share_pct":3.0999999046325684},{"period":"2024-08","brand_revenue":5782.0001220703125,"category_revenue":612518.7109375,"share_pct":0.8999999761581421},{"period":"2024-09","brand_revenue":11897.674560546875,"category_revenue":586543.0078125,"share_pct":2.0},{"period":"2024-10","brand_revenue":17820.999755859375,"category_revenue":641449.1796875,"share_pct":2.799999952316284},{"period":"2024-11","brand_revenue":15463.24951171875,"category_revenue":579866.71875,"share_pct":2.700000047683716},{"period":"2024-12","brand_revenue":12031.500244140625,"category_revenue":582999.5703125,"share_pct":2.0999999046325684},{"period":"2025-01","brand_revenue":15904.000244140625,"category_revenue":544095.3125,"share_pct":2.9000000953674316},{"period":"2025-02","brand_revenue":10039.749755859375,"category_revenue":500875.5859375,"share_pct":2.0},{"period":"2025-03","brand_revenue":10714.92431640625,"category_revenue":551422.0703125,"share_pct":1.899999976158142},{"period":"2025-04","brand_revenue":14319.000244140625,"category_revenue":568189.375,"share_pct":2.5},{"period":"2025-05","brand_revenue":11096.75048828125,"category_revenue":565516.875,"share_pct":2.0},{"period":"2025-06","brand_revenue":6685.0750732421875,"category_revenue":560506.71875,"share_pct":1.2000000476837158},{"period":"2025-07","brand_revenue":5345.250244140625,"category_revenue":600916.09375,"share_pct":0.8999999761581421},{"period":"2025-08","brand_revenue":10767.17529296875,"category_revenue":620247.5,"share_pct":1.7000000476837158},{"period":"2025-09","brand_revenue":11821.14990234375,"category_revenue":608971.09375,"share_pct":1.899999976158142},{"period":"2025-10","brand_revenue":13487.950439453125,"category_revenue":645293.1640625,"share_pct":2.0999999046325684},{"period":"2025-11","brand_revenue":9113.900146484375,"category_revenue":581113.4765625,"share_pct":1.600000023841858},{"period":"2025-12","brand_revenue":15668.599853515625,"category_revenue":553088.5546875,"share_pct":2.799999952316284},{"period":"2026-01","brand_revenue":8635.225219726562,"category_revenue":523350.9375,"share_pct":1.600000023841858}],"CONCENTRATE":[{"period":"2024-01","brand_revenue":5733.2501220703125,"category_revenue":351129.609375,"share_pct":1.600000023841858},{"period":"2024-02","brand_revenue":0.0,"category_revenue":371224.4921875,"share_pct":0.0},{"period":"2024-03","brand_revenue":0.0,"category_revenue":375964.296875,"share_pct":0.0},{"period":"2024-04","brand_revenue":0.0,"category_revenue":352745.859375,"share_pct":0.0},{"period":"2024-05","brand_revenue":0.0,"category_revenue":346027.5,"share_pct":0.0},{"period":"2024-06","brand_revenue":0.0,"category_revenue":310723.3984375,"share_pct":0.0},{"period":"2024-07","brand_revenue":0.0,"category_revenue":336220.078125,"share_pct":0.0},{"period":"2024-08","brand_revenue":0.0,"category_revenue":324004.04296875,"share_pct":0.0},{"period":"2024-09","brand_revenue":0.0,"category_revenue":326834.1796875,"share_pct":0.0},{"period":"2024-10","brand_revenue":0.0,"category_revenue":324500.859375,"share_pct":0.0},{"period":"2024-11","brand_revenue":0.0,"category_revenue":351240.0390625,"share_pct":0.0},{"period":"2024-12","brand_revenue":0.0,"category_revenue":324145.4296875,"share_pct":0.0},{"period":"2025-01","brand_revenue":0.0,"category_revenue":325749.19921875,"share_pct":0.0},{"period":"2025-02","brand_revenue":0.0,"category_revenue":300499.0234375,"share_pct":0.0},{"period":"2025-03","brand_revenue":0.0,"category_revenue":298171.5234375,"share_pct":0.0},{"period":"2025-04","brand_revenue":0.0,"category_revenue":343355.625,"share_pct":0.0},{"period":"2025-05","brand_revenue":0.0,"category_revenue":288836.62109375,"share_pct":0.0},{"period":"2025-06","brand_revenue":0.0,"category_revenue":280928.33984375,"share_pct":0.0},{"period":"2025-07","brand_revenue":0.0,"category_revenue":283604.1796875,"share_pct":0.0},{"period":"2025-08","brand_revenue":0.0,"category_revenue":274773.76953125,"share_pct":0.0},{"period":"2025-09","brand_revenue":0.0,"category_revenue":264599.19921875,"share_pct":0.0},{"period":"2025-10","brand_revenue":0.0,"category_revenue":277515.46875,"share_pct":0.0},{"period":"2025-11","brand_revenue":0.0,"category_revenue":295773.3203125,"share_pct":0.0},{"period":"2025-12","brand_revenue":0.0,"category_revenue":267042.05078125,"share_pct":0.0},{"period":"2026-01","brand_revenue":0.0,"category_revenue":270749.70703125,"share_pct":0.0}],"INFUSED PRE ROLL":[{"period":"2024-01","brand_revenue":675.0,"category_revenue":410907.8515625,"share_pct":0.20000000298023224},{"period":"2024-02","brand_revenue":0.0,"category_revenue":458711.484375,"share_pct":0.0},{"period":"2024-03","brand_revenue":0.0,"category_revenue":427464.375,"share_pct":0.0},{"period":"2024-04","brand_revenue":0.0,"category_revenue":428699.9609375,"share_pct":0.0},{"period":"2024-05","brand_revenue":0.0,"category_revenue":501098.3203125,"share_pct":0.0},{"period":"2024-06","brand_revenue":0.0,"category_revenue":477320.78125,"share_pct":0.0},{"period":"2024-07","brand_revenue":0.0,"category_revenue":479382.109375,"share_pct":0.0},{"period":"2024-08","brand_revenue":0.0,"category_revenue":474359.1015625,"share_pct":0.0},{"period":"2024-09","brand_revenue":0.0,"category_revenue":424280.1171875,"share_pct":0.0},{"period":"2024-10","brand_revenue":0.0,"category_revenue":470840.6640625,"share_pct":0.0},{"period":"2024-11","brand_revenue":0.0,"category_revenue":424285.1171875,"share_pct":0.0},{"period":"2024-12","brand_revenue":0.0,"category_revenue":432093.1640625,"share_pct":0.0},{"period":"2025-01","brand_revenue":0.0,"category_revenue":358002.890625,"share_pct":0.0},{"period":"2025-02","brand_revenue":0.0,"category_revenue":325080.17578125,"share_pct":0.0},{"period":"2025-03","brand_revenue":0.0,"category_revenue":347380.078125,"share_pct":0.0},{"period":"2025-04","brand_revenue":0.0,"category_revenue":401341.40625,"share_pct":0.0},{"period":"2025-05","brand_revenue":0.0,"category_revenue":378076.09375,"share_pct":0.0},{"period":"2025-06","brand_revenue":0.0,"category_revenue":354019.6484375,"share_pct":0.0},{"period":"2025-07","brand_revenue":0.0,"category_revenue":416008.203125,"share_pct":0.0},{"period":"2025-08","brand_revenue":0.0,"category_revenue":425283.28125,"share_pct":0.0},{"period":"2025-09","brand_revenue":0.0,"category_revenue":378313.75,"share_pct":0.0},{"period":"2025-10","brand_revenue":0.0,"category_revenue":389168.3203125,"share_pct":0.0},{"period":"2025-11","brand_revenue":0.0,"category_revenue":390541.3671875,"share_pct":0.0},{"period":"2025-12","brand_revenue":0.0,"category_revenue":392812.34375,"share_pct":0.0},{"period":"2026-01","brand_revenue":0.0,"category_revenue":342630.7421875,"share_pct":0.0}]},"velocity_by_category":[{"category":"PRE ROLL PACK","brand_units_per_day":23.34,"category_avg_units_per_day":11.6,"velocity_index":201.3,"brand_rev_per_unit":20.94,"category_rev_per_unit":25.24,"brands_in_category":14},{"category":"PRE ROLL","brand_units_per_day":37.92,"category_avg_units_per_day":42.38,"velocity_index":89.5,"brand_rev_per_unit":9.26,"category_rev_per_unit":7.54,"brands_in_category":46},{"category":"FLOWER","brand_units_per_day":32.4,"category_avg_units_per_day":55.54,"velocity_index":58.3,"brand_rev_per_unit":37.4,"category_rev_per_unit":22.97,"brands_in_category":64},{"category":"CONCENTRATE","brand_units_per_day":0.32,"category_avg_units_per_day":15.38,"velocity_index":2.1,"brand_rev_per_unit":18.64,"category_rev_per_unit":19.88,"brands_in_category":27},{"category":"INFUSED PRE ROLL","brand_units_per_day":0.04,"category_avg_units_per_day":25.62,"velocity_index":0.2,"brand_rev_per_unit":15.0,"category_rev_per_unit":16.9,"brands_in_category":25},{"category":0.0,"brand_units_per_day":0.0,"category_avg_units_per_day":0,"velocity_index":0,"brand_rev_per_unit":0.0,"category_rev_per_unit":0.0,"brands_in_category":0}],"store_gaps":[{"store":"Elevation Oasis","category":"CONCENTRATE","category_revenue_at_store":2308119.6875,"opportunity":"Category not carried at this store"},{"store":"Elevation Mesa","category":"INFUSED PRE ROLL","category_revenue_at_store":2132846.5625,"opportunity":"Category not carried at this store"},{"store":"Elevation Boulevard","category":"INFUSED PRE ROLL","category_revenue_at_store":1543995.625,"opportunity":"Category not carried at this store"},{"store":"Elevation Parkway","category":"INFUSED PRE ROLL","category_revenue_at_store":1478067.5,"opportunity":"Category not carried at this store"},{"store":"Elevation Mesa","category":"CONCENTRATE","category_revenue_at_store":1408659.375,"opportunity":"Category not carried at this store"},{"store":"Elevation Midtown","category":"INFUSED PRE ROLL","category_revenue_at_store":1095443.28125,"opportunity":"Category not carried at this store"},{"store":"Elevation Oasis","category":"INFUSED PRE ROLL","category_revenue_at_store":1064605.46875,"opportunity":"Category not carried at this store"},{"store":"Elevation Midtown","category":"CONCENTRATE","category_revenue_at_store":960109.0625,"opportunity":"Category not carried at this store"},{"store":"Elevation Parkway","category":"CONCENTRATE","category_revenue_at_store":449521.640625,"opportunity":"Category not carried at this store"},{"store":"Elevation Downtown","category":"FLOWER","category_revenue_at_store":324929.8828125,"opportunity":"Brand not carried"},{"store":"Elevation Downtown","category":"PRE ROLL","category_revenue_at_store":196139.1015625,"opportunity":"Brand not carried"},{"store":"Elevation Downtown","category":"INFUSED PRE ROLL","category_revenue_at_store":134242.0703125,"opportunity":"Brand not carried"},{"store":"Elevation Downtown","category":"PRE ROLL PACK","category_revenue_at_store":74783.623046875,"opportunity":"Brand not carried"},{"store":"Elevation Downtown","category":"CONCENTRATE","category_revenue_at_store":53170.9033203125,"opportunity":"Brand not carried"}],"product_mix":{"top":[{"product":"ORANGE PUSH POP EIGHTH - VIRTUE","units":7298,"revenue":296724.921875,"cost":151200.0,"profit":145524.921875,"stores":6,"transactions":4922,"margin":49.0},{"product":"FIG BAR EIGHTH - VIRTUE","units":4628,"revenue":178263.0078125,"cost":96350.0,"profit":81912.998046875,"stores":6,"transactions":3418,"margin":46.0},{"product":"DIAMOND DUST EIGHTH - VIRTUE","units":4432,"revenue":175497.75390625,"cost":88580.322265625,"profit":86917.421875,"stores":6,"transactions":3562,"margin":49.5},{"product":"FIG BAR 4 PK PRE ROLL - VIRTUE","units":4992,"revenue":129781.25,"cost":59700.126953125,"profit":70081.123046875,"stores":6,"transactions":4516,"margin":54.0},{"product":"FIG BAR HALF OUNCE - VIRTUE","units":1042,"revenue":108069.052734375,"cost":51107.5,"profit":56961.5478515625,"stores":1,"transactions":936,"margin":52.70000076293945},{"product":"ORANGE PUSH POP 4 PK PRE ROLL - VIRTUE","units":3872,"revenue":103018.30078125,"cost":46480.0,"profit":56538.30078125,"stores":6,"transactions":3464,"margin":54.900001525878906},{"product":"DIAMOND DUST 4 PK PRE ROLL - VIRTUE","units":3482,"revenue":90766.50390625,"cost":39797.5,"profit":50968.9990234375,"stores":6,"transactions":3118,"margin":56.20000076293945},{"product":"FIG BAR PRE ROLL - VIRTUE","units":7170,"revenue":82798.671875,"cost":40192.5,"profit":42606.1767578125,"stores":6,"transactions":5662,"margin":51.5},{"product":"ORANGE PUSH POP HALF OUNCE - VIRTUE","units":708,"revenue":75246.748046875,"cost":33275.0,"profit":41971.748046875,"stores":1,"transactions":608,"margin":55.79999923706055},{"product":"FIGUEROA OG EIGHTH - VIRTUE","units":1756,"revenue":67110.498046875,"cost":34600.0,"profit":32510.50048828125,"stores":6,"transactions":1466,"margin":48.400001525878906},{"product":"ORANGE PUSH POP PRE ROLL - VIRTUE","units":5276,"revenue":61339.3017578125,"cost":28805.0,"profit":32534.29931640625,"stores":6,"transactions":4116,"margin":53.0},{"product":"PRIVATE RESERVE 4 PK PRE ROLL - VIRTUE","units":2042,"revenue":52832.275390625,"cost":25525.0,"profit":27307.275390625,"stores":6,"transactions":1820,"margin":51.70000076293945},{"product":"DIAMOND BAR EIGHTH - VIRTUE","units":1158,"revenue":47180.673828125,"cost":23760.0,"profit":23420.673828125,"stores":5,"transactions":956,"margin":49.599998474121094},{"product":"DIAMOND BAR HALF OUNCE - VIRTUE","units":488,"revenue":46074.6240234375,"cost":21737.5,"profit":24337.1240234375,"stores":1,"transactions":448,"margin":52.79999923706055},{"product":"PRIVATE RESERVE PRE ROLL - VIRTUE","units":3630,"revenue":45081.826171875,"cost":21100.97412109375,"profit":23980.849609375,"stores":6,"transactions":2918,"margin":53.20000076293945},{"product":"DIAMOND DUST PRE ROLL - VIRTUE","units":3490,"revenue":40484.32373046875,"cost":18951.25,"profit":21533.076171875,"stores":6,"transactions":2812,"margin":53.20000076293945},{"product":"DIAMOND BAR 4 PK PRE ROLL - VIRTUE","units":1370,"revenue":35837.82470703125,"cost":17115.0,"profit":18722.82470703125,"stores":6,"transactions":1260,"margin":52.20000076293945},{"product":"DIAMOND BAR PRE ROLL - VIRTUE","units":3154,"revenue":31880.048828125,"cost":14692.5,"profit":17187.550048828125,"stores":6,"transactions":2440,"margin":53.900001525878906},{"product":"EMERALD GHOST COOKIES PRE ROLL - VIRTUE","units":2140,"revenue":25095.4248046875,"cost":7728.75,"profit":17366.6748046875,"stores":6,"transactions":1688,"margin":69.19999694824219},{"product":"TRIPLE G EIGHTH - VIRTUE","units":710,"revenue":23186.6748046875,"cost":10650.0,"profit":12536.6748046875,"stores":5,"transactions":564,"margin":54.099998474121094}],"bottom":[{"product":"RUNTZ 4 PK PRE ROLL - VIRTUE","units":82,"revenue":2098.75,"cost":1025.0,"profit":1073.75,"stores":1,"transactions":76,"margin":51.20000076293945},{"product":"OG STOMPER SUGAR 1G - VIRTUE","units":86,"revenue":2066.999969482422,"cost":860.0,"profit":1206.9999694824219,"stores":1,"transactions":84,"margin":58.400001525878906},{"product":"PRIVATE RESERVE EIGHTH - VIRTUE","units":48,"revenue":1874.375,"cost":1200.0,"profit":674.375,"stores":1,"transactions":42,"margin":36.0},{"product":"LEMON CHERRY GELATO 4 PK PRE ROLL - VIRTUE","units":48,"revenue":1416.0000610351562,"cost":480.0,"profit":935.9999847412109,"stores":1,"transactions":46,"margin":66.0999984741211},{"product":"WHITE TRUFFLE PRE ROLL - VIRTUE","units":100,"revenue":1286.4999389648438,"cost":562.5,"profit":724.0000152587891,"stores":2,"transactions":88,"margin":56.29999923706055},{"product":"FIGUEROA OG PRE ROLL - VIRTUE","units":126,"revenue":1208.499984741211,"cost":540.0249862670898,"profit":668.4750366210938,"stores":6,"transactions":108,"margin":55.29999923706055},{"product":"MIDNIGHT RESERVE EIGHTH - VIRTUE","units":30,"revenue":971.25,"cost":450.0,"profit":521.25,"stores":4,"transactions":28,"margin":53.70000076293945},{"product":"LEGACY 13 HASH INFUSED PR 1G - VIRTUE","units":36,"revenue":675.0,"cost":540.0,"profit":135.0,"stores":1,"transactions":32,"margin":20.0},{"product":"GUSH MINTS PRE ROLL - VIRTUE","units":50,"revenue":575.0,"cost":281.25,"profit":293.75,"stores":1,"transactions":42,"margin":51.099998474121094},{"product":"RUNTZ EIGHTH - VIRTUE","units":6,"revenue":276.00000381469727,"cost":150.0,"profit":126.00000381469727,"stores":1,"transactions":6,"margin":45.70000076293945}],"expansion":[{"product":"DIAMOND BAR EIGHTH - VIRTUE","current_stores":5,"total_stores":6,"missing_stores":["Elevation Parkway"],"revenue":47180.673828125},{"product":"TRIPLE G EIGHTH - VIRTUE","current_stores":5,"total_stores":6,"missing_stores":["Elevation Boulevard"],"revenue":23186.6748046875},{"product":"G13 4 PK PRE ROLL - VIRTUE","current_stores":5,"total_stores":6,"missing_stores":["Elevation Springs"],"revenue":10812.5},{"product":"JG1 4 PK PRE ROLL - VIRTUE","current_stores":5,"total_stores":6,"missing_stores":["Elevation Boulevard"],"revenue":10142.0751953125},{"product":"JG1 PRE ROLL - VIRTUE","current_stores":5,"total_stores":6,"missing_stores":["Elevation Springs"],"revenue":7892.9998779296875},{"product":"PIXIE STIX 4 PK PRE ROLL - VIRTUE","current_stores":3,"total_stores":6,"missing_stores":["Elevation Springs","Elevation Midtown","Elevation Parkway"],"revenue":5991.500244140625},{"product":"TRIPLE G PRE ROLL - VIRTUE","current_stores":5,"total_stores":6,"missing_stores":["Elevation Springs"],"revenue":5549.5751953125},{"product":"WHITE TRUFFLE 4 PK PRE ROLL - VIRTUE","current_stores":3,"total_stores":6,"missing_stores":["Elevation Midtown","Elevation Boulevard","Elevation Parkway"],"revenue":3871.9998168945312},{"product":"CHEMICAL COMPOUND SUGAR 1G - VIRTUE","current_stores":2,"total_stores":6,"missing_stores":["Elevation Mesa","Elevation Oasis","Elevation Midtown","Elevation Parkway"],"revenue":3666.25},{"product":"FIGUEROA OG 4 PK PRE ROLL - VIRTUE","current_stores":5,"total_stores":6,"missing_stores":["Elevation Midtown"],"revenue":2925.0}]},"pricing_consistency":[{"product":"CHEMICAL COMPOUND SUGAR 1G - VIRTUE","min_price":25.0,"max_price":46.09177215189874,"avg_price":35.54588607594937,"std_dev":5.965654046339671,"store_count":4,"price_range":21.091772151898738,"range_pct":59.3},{"product":"FIGUEROA OG PRE ROLL - VIRTUE","min_price":15.0,"max_price":25.0,"avg_price":18.24722212836856,"std_dev":1.721491728808221,"store_count":12,"price_range":10.0,"range_pct":54.8},{"product":"SOUTH CENTRAL PURPS PRE ROLL - VIRTUE","min_price":18.10416539510091,"max_price":28.83999938964844,"avg_price":23.659790738423666,"std_dev":1.9233597414677521,"store_count":8,"price_range":10.735833994547528,"range_pct":45.4},{"product":"JG1 PRE ROLL - VIRTUE","min_price":18.88000030517578,"max_price":28.199996948242188,"avg_price":24.363666483561197,"std_dev":1.5193387161007192,"store_count":10,"price_range":9.319996643066407,"range_pct":38.3},{"product":"EMERALD GHOST COOKIES PRE ROLL - VIRTUE","min_price":17.748148600260414,"max_price":25.31981517650463,"avg_price":23.18415708990868,"std_dev":1.1204336091110807,"store_count":12,"price_range":7.571666576244214,"range_pct":32.7},{"product":"EMERALD GHOST COOKIES EIGHTH - VIRTUE","min_price":69.375,"max_price":90.71428571428571,"avg_price":78.51055737117574,"std_dev":2.8700015886251604,"store_count":12,"price_range":21.33928571428571,"range_pct":27.2},{"product":"J1 PRE ROLL - VIRTUE","min_price":21.799999237060547,"max_price":27.75227217240767,"avg_price":24.849457299696894,"std_dev":0.9333469710357954,"store_count":12,"price_range":5.952272935347125,"range_pct":24.0},{"product":"DIAMOND BAR EIGHTH - VIRTUE","min_price":70.68750329919763,"max_price":89.04512928650442,"avg_price":80.545170967014,"std_dev":3.0875587493046988,"store_count":10,"price_range":18.35762598730679,"range_pct":22.8},{"product":"DIAMOND DUST EIGHTH - VIRTUE","min_price":74.93116934088212,"max_price":91.61389346050127,"avg_price":79.11365177533266,"std_dev":2.5329285443331324,"store_count":12,"price_range":16.682724119619152,"range_pct":21.1},{"product":"JG1 4 PK PRE ROLL - VIRTUE","min_price":45.8,"max_price":56.1923100398137,"avg_price":50.93574679052811,"std_dev":1.8916073780718432,"store_count":10,"price_range":10.3923100398137,"range_pct":20.4},{"product":"G13 4 PK PRE ROLL - VIRTUE","min_price":46.0,"max_price":56.69387505978954,"avg_price":52.69637758952125,"std_dev":1.6627451209726023,"store_count":10,"price_range":10.693875059789546,"range_pct":20.3},{"product":"J1 4 PK PRE ROLL - VIRTUE","min_price":46.51702231549202,"max_price":57.06428745814733,"avg_price":52.39712910289822,"std_dev":1.5689002734752377,"store_count":12,"price_range":10.547265142655302,"range_pct":20.1},{"product":"FIGUEROA OG 4 PK PRE ROLL - VIRTUE","min_price":48.54545593261719,"max_price":58.92857142857143,"avg_price":53.310806067330496,"std_dev":1.7928111527023152,"store_count":10,"price_range":10.383115495954245,"range_pct":19.5},{"product":"FIG BAR PRE ROLL - VIRTUE","min_price":21.23059628614739,"max_price":25.448065173116092,"avg_price":23.00912817383665,"std_dev":0.560871122377943,"store_count":12,"price_range":4.2174688869687005,"range_pct":18.3},{"product":"DIAMOND BAR PRE ROLL - VIRTUE","min_price":18.141115833242594,"max_price":21.75000217982701,"avg_price":20.246921731504663,"std_dev":0.6346158283828756,"store_count":12,"price_range":3.6088863465844145,"range_pct":17.8},{"product":"FIGUEROA OG EIGHTH - VIRTUE","min_price":69.736328125,"max_price":82.98398821541433,"avg_price":76.05187957530866,"std_dev":1.9200088244687583,"store_count":12,"price_range":13.247660090414328,"range_pct":17.4},{"product":"G13 PRE ROLL - VIRTUE","min_price":15.0,"max_price":17.684209723221628,"avg_price":16.621022116785944,"std_dev":0.39098637922058466,"store_count":12,"price_range":2.684209723221629,"range_pct":16.1},{"product":"PRIVATE RESERVE 4 PK PRE ROLL - VIRTUE","min_price":46.9378662109375,"max_price":54.588756674140164,"avg_price":51.47666995725042,"std_dev":1.23224932242323,"store_count":12,"price_range":7.650890463202664,"range_pct":14.9},{"product":"FIG BAR EIGHTH - VIRTUE","min_price":71.0049261733832,"max_price":82.22841230268772,"avg_price":77.03683624449187,"std_dev":1.4544050505534019,"store_count":12,"price_range":11.223486129304518,"range_pct":14.6},{"product":"FIG BAR 4 PK PRE ROLL - VIRTUE","min_price":48.17274768900427,"max_price":55.60206747462607,"avg_price":51.695566851534906,"std_dev":1.2993285142005586,"store_count":12,"price_range":7.429319785621793,"range_pct":14.4},{"product":"DIAMOND BAR 4 PK PRE ROLL - VIRTUE","min_price":50.27579132216928,"max_price":57.72727272727273,"avg_price":53.54339180298452,"std_dev":1.1657643484399605,"store_count":12,"price_range":7.451481405103442,"range_pct":13.9},{"product":"DIAMOND DUST PRE ROLL - VIRTUE","min_price":21.316796279535062,"max_price":24.569906689845844,"avg_price":23.493702109906266,"std_dev":0.510845187351829,"store_count":12,"price_range":3.253110410310782,"range_pct":13.8},{"product":"ORANGE PUSH POP 4 PK PRE ROLL - VIRTUE","min_price":49.92271581626038,"max_price":56.77266081871345,"avg_price":52.93940069215105,"std_dev":0.995367076732652,"store_count":12,"price_range":6.849945002453071,"range_pct":12.9},{"product":"DIAMOND DUST 4 PK PRE ROLL - VIRTUE","min_price":49.26450456891742,"max_price":55.88409835116239,"avg_price":51.76617168415685,"std_dev":1.099489655400894,"store_count":12,"price_range":6.6195937822449835,"range_pct":12.8},{"product":"ORANGE PUSH POP PRE ROLL - VIRTUE","min_price":21.707832305785644,"max_price":24.421874152289497,"avg_price":23.243733971648485,"std_dev":0.3812176643881623,"store_count":12,"price_range":2.714041846503852,"range_pct":11.7},{"product":"GUSH MINTS EIGHTH - VIRTUE","min_price":62.82142857142858,"max_price":70.27777777777777,"avg_price":65.7146562041429,"std_dev":1.0039453031186365,"store_count":12,"price_range":7.456349206349202,"range_pct":11.3},{"product":"PRIVATE RESERVE PRE ROLL - VIRTUE","min_price":23.66081728572734,"max_price":26.441175672743054,"avg_price":24.972591866799196,"std_dev":0.45703438195072926,"store_count":12,"price_range":2.7803583870157134,"range_pct":11.1},{"product":"ORANGE PUSH POP EIGHTH - VIRTUE","min_price":78.84715969279661,"max_price":86.76422750538792,"avg_price":81.68808102109759,"std_dev":1.3106137552197272,"store_count":12,"price_range":7.917067812591316,"range_pct":9.7},{"product":"WHITE TRUFFLE PRE ROLL - VIRTUE","min_price":24.6,"max_price":26.859997558593747,"avg_price":25.729998779296874,"std_dev":0.6392238396586728,"store_count":4,"price_range":2.2599975585937493,"range_pct":8.8},{"product":"TRIPLE G EIGHTH - VIRTUE","min_price":63.19214876033058,"max_price":68.51351351351352,"avg_price":65.70856078205676,"std_dev":0.9681355052902081,"store_count":10,"price_range":5.321364753182936,"range_pct":8.1}],"promotional_effectiveness":{"lift":{"fp_units_per_day":35.02,"disc_units_per_day":59.9,"lift_pct":71.1,"fp_avg_revenue_per_unit":66.72500000000001,"disc_avg_revenue_per_unit":47.95},"by_deal":[{"deal_name":"Industry - 30% Off","uses":4229,"revenue":254185.797842741,"discounts":109049.19950246811,"units":10767.0,"cost":148969.599999981,"margin":41.4,"discount_depth":60.0},{"deal_name":"Lit4Less - PR - 5 for $30","uses":1801,"revenue":46258.90000090003,"discounts":46456.099992990494,"units":6182.0,"cost":23595.074999998324,"margin":49.0,"discount_depth":100.2},{"deal_name":"Industry 30% Off","uses":998,"revenue":71672.28688001633,"discounts":30803.962343931198,"units":2689.0,"cost":36638.92499999609,"margin":48.9,"discount_depth":60.2},{"deal_name":"Lit4Less - 1/4 for $50","uses":981,"revenue":99339.92500782013,"discounts":40128.825001716614,"units":3187.0,"cost":47675.24999999441,"margin":52.0,"discount_depth":57.6},{"deal_name":"Senior - 10% Off","uses":859,"revenue":101043.12668323517,"discounts":11341.875024437904,"units":2540.0,"cost":44971.59999999218,"margin":55.5,"discount_depth":20.2},{"deal_name":"30% Off Special","uses":533,"revenue":24363.374683856964,"discounts":10570.374920368195,"units":1350.0,"cost":13871.25,"margin":43.1,"discount_depth":60.6},{"deal_name":"Senior / Veterans - 20% Off","uses":394,"revenue":69689.3748986721,"discounts":17650.624973773956,"units":1842.0,"cost":35210.04999999888,"margin":49.5,"discount_depth":40.4},{"deal_name":"Veterans - 10% Off","uses":392,"revenue":30609.150528907776,"discounts":3593.3500257134438,"units":917.0,"cost":13765.074999998324,"margin":55.0,"discount_depth":21.0},{"deal_name":"GW - 50% Off Flower","uses":337,"revenue":32936.25,"discounts":32936.25,"units":1098.0,"cost":26715.0,"margin":18.9,"discount_depth":100.0},{"deal_name":"Jackpot - Locals 30% Off","uses":306,"revenue":37089.62522268295,"discounts":15899.125055670738,"units":786.0,"cost":20427.5,"margin":44.9,"discount_depth":60.0},{"deal_name":"4/20 2025 - Flower / Infused","uses":261,"revenue":13268.000001907349,"discounts":13324.499998092651,"units":786.0,"cost":10482.5,"margin":21.0,"discount_depth":100.2},{"deal_name":"4/20 40% Off!!!!","uses":222,"revenue":13673.99988412857,"discounts":9116.00011587143,"units":634.0,"cost":9575.0,"margin":30.0,"discount_depth":80.0},{"deal_name":"50% Off - G2B","uses":170,"revenue":10202.5,"discounts":10202.5,"units":468.0,"cost":6860.0,"margin":32.8,"discount_depth":100.0},{"deal_name":"50% Off IPR  / PR Packs","uses":165,"revenue":6473.999996185303,"discounts":6455.999999046326,"units":431.0,"cost":5272.5,"margin":18.6,"discount_depth":99.8},{"deal_name":"LVAC - 25% Off","uses":111,"revenue":4914.375,"discounts":1655.625,"units":306.0,"cost":2474.0249999938533,"margin":49.7,"discount_depth":50.4},{"deal_name":"DogWalkers / Virtue 2 for $40  5pk / 4pk PR","uses":83,"revenue":7491.424999237061,"discounts":1508.5750007629395,"units":300.0,"cost":3672.5,"margin":51.0,"discount_depth":33.6},{"deal_name":"Employee 30% - NOT FRIDAYS","uses":82,"revenue":5577.249960899353,"discounts":2390.2499902248383,"units":196.0,"cost":3023.75,"margin":45.8,"discount_depth":60.0},{"deal_name":"DogWalkers / Virtue /ama  2 for $40  5pk / 4pk PR","uses":80,"revenue":6500.0,"discounts":1300.0,"units":260.0,"cost":3250.0,"margin":50.0,"discount_depth":33.4},{"deal_name":"DogWalkers / virtue / ama 2 for $40","uses":68,"revenue":4900.0,"discounts":980.0,"units":196.0,"cost":2450.0,"margin":50.0,"discount_depth":33.4},{"deal_name":"Employee - 40% OFF","uses":57,"revenue":3701.9999957084656,"discounts":2468.0000042915344,"units":146.0,"cost":2330.0,"margin":37.1,"discount_depth":80.0}]},"growth_opportunities":[{"type":"distribution","title":"Expand to Elevation Downtown","detail":"Store has $313,306 in CONCENTRATE, FLOWER, INFUSED PRE ROLL, PRE ROLL, PRE ROLL PACK \u2014 categories where VIRTUE competes.","priority":"high"},{"type":"sku_expansion","title":"Add 'CHEMICAL COMPOUND SUGAR 1G - VIRTUE' to 4 more store(s)","detail":"Carried in 2 stores. Missing from: Elevation Mesa, Elevation Oasis, Elevation Midtown, Elevation Parkway","priority":"medium"},{"type":"sku_expansion","title":"Add 'DIAMOND BAR EIGHTH - VIRTUE' to 1 more store(s)","detail":"Carried in 5 stores. Missing from: Elevation Parkway","priority":"medium"},{"type":"sku_expansion","title":"Add 'EMERALD GHOST COOKIES 4 PK PRE ROLL - VIRTUE' to 4 more store(s)","detail":"Carried in 2 stores. Missing from: Elevation Springs, Elevation Oasis, Elevation Boulevard, Elevation Parkway","priority":"medium"},{"type":"sku_expansion","title":"Add 'FIGUEROA OG 4 PK PRE ROLL - VIRTUE' to 1 more store(s)","detail":"Carried in 5 stores. Missing from: Elevation Midtown","priority":"medium"},{"type":"sku_expansion","title":"Add 'G13 4 PK PRE ROLL - VIRTUE' to 1 more store(s)","detail":"Carried in 5 stores. Missing from: Elevation Springs","priority":"medium"},{"type":"velocity","title":"Improve velocity in FLOWER","detail":"Velocity index 58 (below category average). 16.2 units/day vs 27.8 avg.","priority":"medium"},{"type":"velocity","title":"Improve velocity in CONCENTRATE","detail":"Velocity index 2 (below category average). 0.2 units/day vs 7.7 avg.","priority":"medium"},{"type":"velocity","title":"Improve velocity in INFUSED PRE ROLL","detail":"Velocity index 0 (below category average). 0.0 units/day vs 12.8 avg.","priority":"medium"},{"type":"velocity","title":"Improve velocity in nan","detail":"Velocity index 0 (below category average). 0.0 units/day vs 0.0 avg.","priority":"medium"}],"trend":[{"period":"2024-01","revenue":125385.37109375,"cost":63175.0,"margin":49.6,"units":4408,"transactions":3364,"profit":62210.3759765625,"revenue_change_pct":null,"units_change_pct":null,"margin_change_pts":null},{"period":"2024-02","revenue":81146.4013671875,"cost":41750.0,"margin":48.5,"units":3240,"transactions":2474,"profit":39396.39892578125,"revenue_change_pct":-35.3,"units_change_pct":-26.5,"margin_change_pts":-1.1},{"period":"2024-03","revenue":77260.126953125,"cost":40837.5,"margin":47.1,"units":3174,"transactions":2550,"profit":36422.62451171875,"revenue_change_pct":-4.8,"units_change_pct":-2.0,"margin_change_pts":-1.4},{"period":"2024-04","revenue":95077.87109375,"cost":49787.5,"margin":47.6,"units":3766,"transactions":2920,"profit":45290.3759765625,"revenue_change_pct":23.1,"units_change_pct":18.7,"margin_change_pts":0.5},{"period":"2024-05","revenue":100272.470703125,"cost":49422.5,"margin":50.7,"units":3936,"transactions":3140,"profit":50849.9755859375,"revenue_change_pct":5.5,"units_change_pct":4.5,"margin_change_pts":3.1},{"period":"2024-06","revenue":61941.8994140625,"cost":31077.5,"margin":49.8,"units":1990,"transactions":1566,"profit":30864.3994140625,"revenue_change_pct":-38.2,"units_change_pct":-49.4,"margin_change_pts":-0.9},{"period":"2024-07","revenue":79326.298828125,"cost":38562.5,"margin":51.4,"units":2736,"transactions":2188,"profit":40763.798828125,"revenue_change_pct":28.1,"units_change_pct":37.5,"margin_change_pts":1.6},{"period":"2024-08","revenue":53548.125,"cost":25960.0,"margin":51.5,"units":1522,"transactions":1182,"profit":27588.125,"revenue_change_pct":-32.5,"units_change_pct":-44.4,"margin_change_pts":0.1},{"period":"2024-09","revenue":89593.3203125,"cost":42965.0,"margin":52.0,"units":2730,"transactions":2164,"profit":46628.3251953125,"revenue_change_pct":67.3,"units_change_pct":79.4,"margin_change_pts":0.5},{"period":"2024-10","revenue":113354.8046875,"cost":53375.0,"margin":52.9,"units":3648,"transactions":2818,"profit":59979.7998046875,"revenue_change_pct":26.5,"units_change_pct":33.6,"margin_change_pts":0.9},{"period":"2024-11","revenue":132173.251953125,"cost":75296.25,"margin":43.0,"units":4780,"transactions":3400,"profit":56877.001953125,"revenue_change_pct":16.6,"units_change_pct":31.0,"margin_change_pts":-9.9},{"period":"2024-12","revenue":99463.49609375,"cost":45763.75,"margin":54.0,"units":2848,"transactions":2186,"profit":53699.7509765625,"revenue_change_pct":-24.7,"units_change_pct":-40.4,"margin_change_pts":11.0},{"period":"2025-01","revenue":64121.4990234375,"cost":30928.75,"margin":51.8,"units":2776,"transactions":1858,"profit":33192.7490234375,"revenue_change_pct":-35.5,"units_change_pct":-2.5,"margin_change_pts":-2.2},{"period":"2025-02","revenue":84128.779296875,"cost":40361.25,"margin":52.0,"units":2352,"transactions":1856,"profit":43767.5244140625,"revenue_change_pct":31.2,"units_change_pct":-15.3,"margin_change_pts":0.3},{"period":"2025-03","revenue":52240.751953125,"cost":24926.25,"margin":52.3,"units":1988,"transactions":1702,"profit":27314.49951171875,"revenue_change_pct":-37.9,"units_change_pct":-15.5,"margin_change_pts":0.3},{"period":"2025-04","revenue":84364.74609375,"cost":42922.8759765625,"margin":49.1,"units":3076,"transactions":2224,"profit":41441.875,"revenue_change_pct":61.5,"units_change_pct":54.7,"margin_change_pts":-3.2},{"period":"2025-05","revenue":93818.798828125,"cost":42334.3017578125,"margin":54.9,"units":2742,"transactions":2186,"profit":51484.501953125,"revenue_change_pct":11.2,"units_change_pct":-10.9,"margin_change_pts":5.8},{"period":"2025-06","revenue":32731.07421875,"cost":15201.700439453125,"margin":53.6,"units":1242,"transactions":1016,"profit":17529.375,"revenue_change_pct":-65.1,"units_change_pct":-54.7,"margin_change_pts":-1.3},{"period":"2025-07","revenue":27576.75048828125,"cost":11977.650146484375,"margin":56.6,"units":1108,"transactions":850,"profit":15599.100341796875,"revenue_change_pct":-15.7,"units_change_pct":-10.8,"margin_change_pts":3.0},{"period":"2025-08","revenue":69559.0478515625,"cost":28686.72607421875,"margin":58.8,"units":2666,"transactions":1942,"profit":40872.32421875,"revenue_change_pct":152.2,"units_change_pct":140.6,"margin_change_pts":2.2},{"period":"2025-09","revenue":78967.32421875,"cost":32960.048828125,"margin":58.3,"units":3220,"transactions":2234,"profit":46007.275390625,"revenue_change_pct":13.5,"units_change_pct":20.8,"margin_change_pts":-0.5},{"period":"2025-10","revenue":54989.1259765625,"cost":22820.0,"margin":58.5,"units":2828,"transactions":1844,"profit":32169.1259765625,"revenue_change_pct":-30.4,"units_change_pct":-12.2,"margin_change_pts":0.2},{"period":"2025-11","revenue":57689.1015625,"cost":26220.0,"margin":54.5,"units":2490,"transactions":1792,"profit":31469.09912109375,"revenue_change_pct":4.9,"units_change_pct":-12.0,"margin_change_pts":-4.0},{"period":"2025-12","revenue":85721.5234375,"cost":35895.0,"margin":58.1,"units":3630,"transactions":2432,"profit":49826.5234375,"revenue_change_pct":48.6,"units_change_pct":45.8,"margin_change_pts":3.6},{"period":"2026-01","revenue":70370.6005859375,"cost":31115.0244140625,"margin":55.8,"units":2800,"transactions":1978,"profit":39255.576171875,"revenue_change_pct":-17.9,"units_change_pct":-22.9,"margin_change_pts":-2.3}]}