{"brand":"VIRTUE","date_range":"2024-01-01 00:00:00 to 2026-01-31 00:00:00","period_label":"All Time","summary":{"total_units":71696,"total_revenue":1964822.5,"total_cost":944322.03125,"total_discounts":460063.671875,"total_profit":1020500.46875,"overall_margin":51.900001525878906,"fp_margin":60.400001525878906,"disc_margin":45.099998474121094,"pct_full_price":44.5,"avg_discount_rate":19.0,"fp_revenue":875017.5,"disc_revenue":1089805.078125,"unique_customers":34206,"brand":"VIRTUE","date_range":"2024-01-01 00:00:00 to 2026-01-31 00:00:00","months_count":50,"avg_monthly_cost":37772.875,"cost_per_unit":26.349999999999998,"primary_category":"FLOWER","primary_cat_margin":54.099998474121094,"category_rank":22,"category_total":64,"margin_vs_category":-2.200000047683716,"velocity_rank":23},"category_breakdown":[{"category_clean":"FLOWER","units":24684,"revenue":1153981.328125,"cost":573892.8125,"profit":580088.515625,"discounts":293937.421875,"margin":50.29999923706055,"category_avg_margin":54.099998474121094,"vs_category":-3.8,"rank":22.0,"total_brands":64.0},{"category_clean":"PRE ROLL PACK","units":17788,"revenue":465530.7421875,"cost":211283.2421875,"profit":254247.5,"discounts":64306.748046875,"margin":54.599998474121094,"category_avg_margin":54.5,"vs_category":0.1,"rank":4.0,"total_brands":14.0},{"category_clean":"PRE ROLL","units":28892,"revenue":334364.765625,"cost":154270.99609375,"profit":180093.75,"discounts":98762.75390625,"margin":53.900001525878906,"category_avg_margin":48.29999923706055,"vs_category":5.6,"rank":13.0,"total_brands":46.0},{"category_clean":"CONCENTRATE","units":246,"revenue":5733.2501220703125,"cost":2460.0,"profit":3273.2501220703125,"discounts":1894.2500305175781,"margin":57.099998474121094,"category_avg_margin":45.900001525878906,"vs_category":11.2,"rank":19.0,"total_brands":27.0},{"category_clean":"INFUSED PRE ROLL","units":36,"revenue":675.0,"cost":540.0,"profit":135.0,"discounts":450.0,"margin":20.0,"category_avg_margin":47.29999923706055,"vs_category":-27.3,"rank":23.0,"total_brands":25.0}],"trend":[{"period":"2024-01","revenue":125385.37109375,"cost":63175.0,"margin":49.6,"units":4408,"transactions":3364,"profit":62210.3759765625,"revenue_change_pct":null,"units_change_pct":null,"margin_change_pts":null},{"period":"2024-02","revenue":81146.4013671875,"cost":41750.0,"margin":48.5,"units":3240,"transactions":2474,"profit":39396.39892578125,"revenue_change_pct":-35.3,"units_change_pct":-26.5,"margin_change_pts":-1.1},{"period":"2024-03","revenue":77260.126953125,"cost":40837.5,"margin":47.1,"units":3174,"transactions":2550,"profit":36422.62451171875,"revenue_change_pct":-4.8,"units_change_pct":-2.0,"margin_change_pts":-1.4},{"period":"2024-04","revenue":95077.87109375,"cost":49787.5,"margin":47.6,"units":3766,"transactions":2920,"profit":45290.3759765625,"revenue_change_pct":23.1,"units_change_pct":18.7,"margin_change_pts":0.5},{"period":"2024-05","revenue":100272.470703125,"cost":49422.5,"margin":50.7,"units":3936,"transactions":3140,"profit":50849.9755859375,"revenue_change_pct":5.5,"units_change_pct":4.5,"margin_change_pts":3.1},{"period":"2024-06","revenue":61941.8994140625,"cost":31077.5,"margin":49.8,"units":1990,"transactions":1566,"profit":30864.3994140625,"revenue_change_pct":-38.2,"units_change_pct":-49.4,"margin_change_pts":-0.9},{"period":"2024-07","revenue":79326.298828125,"cost":38562.5,"margin":51.4,"units":2736,"transactions":2188,"profit":40763.798828125,"revenue_change_pct":28.1,"units_change_pct":37.5,"margin_change_pts":1.6},{"period":"2024-08","revenue":53548.125,"cost":25960.0,"margin":51.5,"units":1522,"transactions":1182,"profit":27588.125,"revenue_change_pct":-32.5,"units_change_pct":-44.4,"margin_change_pts":0.1},{"period":"2024-09","revenue":89593.3203125,"cost":42965.0,"margin":52.0,"units":2730,"transactions":2164,"profit":46628.3251953125,"revenue_change_pct":67.3,"units_change_pct":79.4,"margin_change_pts":0.5},{"period":"2024-10","revenue":113354.8046875,"cost":53375.0,"margin":52.9,"units":3648,"transactions":2818,"profit":59979.7998046875,"revenue_change_pct":26.5,"units_change_pct":33.6,"margin_change_pts":0.9},{"period":"2024-11","revenue":132173.251953125,"cost":75296.25,"margin":43.0,"units":4780,"transactions":3400,"profit":56877.001953125,"revenue_change_pct":16.6,"units_change_pct":31.0,"margin_change_pts":-9.9},{"period":"2024-12","revenue":99463.49609375,"cost":45763.75,"margin":54.0,"units":2848,"transactions":2186,"profit":53699.7509765625,"revenue_change_pct":-24.7,"units_change_pct":-40.4,"margin_change_pts":11.0},{"period":"2025-01","revenue":64121.4990234375,"cost":30928.75,"margin":51.8,"units":2776,"transactions":1858,"profit":33192.7490234375,"revenue_change_pct":-35.5,"units_change_pct":-2.5,"margin_change_pts":-2.2},{"period":"2025-02","revenue":84128.779296875,"cost":40361.25,"margin":52.0,"units":2352,"transactions":1856,"profit":43767.5244140625,"revenue_change_pct":31.2,"units_change_pct":-15.3,"margin_change_pts":0.3},{"period":"2025-03","revenue":52240.751953125,"cost":24926.25,"margin":52.3,"units":1988,"transactions":1702,"profit":27314.49951171875,"revenue_change_pct":-37.9,"units_change_pct":-15.5,"margin_change_pts":0.3},{"period":"2025-04","revenue":84364.74609375,"cost":42922.8759765625,"margin":49.1,"units":3076,"transactions":2224,"profit":41441.875,"revenue_change_pct":61.5,"units_change_pct":54.7,"margin_change_pts":-3.2},{"period":"2025-05","revenue":93818.798828125,"cost":42334.3017578125,"margin":54.9,"units":2742,"transactions":2186,"profit":51484.501953125,"revenue_change_pct":11.2,"units_change_pct":-10.9,"margin_change_pts":5.8},{"period":"2025-06","revenue":32731.07421875,"cost":15201.700439453125,"margin":53.6,"units":1242,"transactions":1016,"profit":17529.375,"revenue_change_pct":-65.1,"units_change_pct":-54.7,"margin_change_pts":-1.3},{"period":"2025-07","revenue":27576.75048828125,"cost":11977.650146484375,"margin":56.6,"units":1108,"transactions":850,"profit":15599.100341796875,"revenue_change_pct":-15.7,"units_change_pct":-10.8,"margin_change_pts":3.0},{"period":"2025-08","revenue":69559.0478515625,"cost":28686.72607421875,"margin":58.8,"units":2666,"transactions":1942,"profit":40872.32421875,"revenue_change_pct":152.2,"units_change_pct":140.6,"margin_change_pts":2.2},{"period":"2025-09","revenue":78967.32421875,"cost":32960.048828125,"margin":58.3,"units":3220,"transactions":2234,"profit":46007.275390625,"revenue_change_pct":13.5,"units_change_pct":20.8,"margin_change_pts":-0.5},{"period":"2025-10","revenue":54989.1259765625,"cost":22820.0,"margin":58.5,"units":2828,"transactions":1844,"profit":32169.1259765625,"revenue_change_pct":-30.4,"units_change_pct":-12.2,"margin_change_pts":0.2},{"period":"2025-11","revenue":57689.1015625,"cost":26220.0,"margin":54.5,"units":2490,"transactions":1792,"profit":31469.09912109375,"revenue_change_pct":4.9,"units_change_pct":-12.0,"margin_change_pts":-4.0},{"period":"2025-12","revenue":85721.5234375,"cost":35895.0,"margin":58.1,"units":3630,"transactions":2432,"profit":49826.5234375,"revenue_change_pct":48.6,"units_change_pct":45.8,"margin_change_pts":3.6},{"period":"2026-01","revenue":70370.6005859375,"cost":31115.0244140625,"margin":55.8,"units":2800,"transactions":1978,"profit":39255.576171875,"revenue_change_pct":-17.9,"units_change_pct":-22.9,"margin_change_pts":-2.3}],"share_of_category":[{"category":"FLOWER","brand_revenue":1153981.40625,"category_revenue":77755450.0,"revenue_share_pct":1.5,"brand_units":24684,"category_units":2708446,"units_share_pct":0.9},{"category":"PRE ROLL PACK","brand_revenue":465530.7421875,"category_revenue":3903863.75,"revenue_share_pct":11.899999618530273,"brand_units":17788,"category_units":123714,"units_share_pct":14.4},{"category":"PRE ROLL","brand_revenue":334364.7265625,"category_revenue":14009791.25,"revenue_share_pct":2.4000000953674316,"brand_units":28892,"category_units":1485736,"units_share_pct":1.9},{"category":"CONCENTRATE","brand_revenue":5733.2501220703125,"category_revenue":7866357.5,"revenue_share_pct":0.10000000149011612,"brand_units":246,"category_units":316632,"units_share_pct":0.1},{"category":"INFUSED PRE ROLL","brand_revenue":675.0,"category_revenue":10308101.25,"revenue_share_pct":0.0,"brand_units":36,"category_units":488074,"units_share_pct":0.0},{"category":0.0,"brand_revenue":0.0,"category_revenue":0.0,"revenue_share_pct":0.0,"brand_units":0,"category_units":0,"units_share_pct":0.0}],"share_of_category_trend":{"FLOWER":[{"period":"2024-01","brand_revenue":69095.0,"category_revenue":3552357.8125,"share_pct":1.899999976158142},{"period":"2024-02","brand_revenue":34180.67626953125,"category_revenue":3535245.625,"share_pct":1.0},{"period":"2024-03","brand_revenue":33710.90087890625,"category_revenue":3693805.625,"share_pct":0.8999999761581421},{"period":"2024-04","brand_revenue":44064.7021484375,"category_revenue":3541899.6875,"share_pct":1.2000000476837158},{"period":"2024-05","brand_revenue":42862.8515625,"category_revenue":3537479.375,"share_pct":1.2000000476837158},{"period":"2024-06","brand_revenue":37625.0,"category_revenue":3403269.6875,"share_pct":1.100000023841858},{"period":"2024-07","brand_revenue":41529.873046875,"category_revenue":3457705.9375,"share_pct":1.2000000476837158},{"period":"2024-08","brand_revenue":34023.5009765625,"category_revenue":3453819.375,"share_pct":1.0},{"period":"2024-09","brand_revenue":62672.998046875,"category_revenue":3316441.5625,"share_pct":1.899999976158142},{"period":"2024-10","brand_revenue":71387.5244140625,"category_revenue":3585775.0,"share_pct":2.0},{"period":"2024-11","brand_revenue":90430.0,"category_revenue":3454855.3125,"share_pct":2.5999999046325684},{"period":"2024-12","brand_revenue":69089.501953125,"category_revenue":3226567.8125,"share_pct":2.0999999046325684},{"period":"2025-01","brand_revenue":25380.0,"category_revenue":2984938.125,"share_pct":0.8999999761581421},{"period":"2025-02","brand_revenue":62834.7509765625,"category_revenue":2816220.0,"share_pct":2.200000047683716},{"period":"2025-03","brand_revenue":26733.02490234375,"category_revenue":2911379.6875,"share_pct":0.8999999761581421},{"period":"2025-04","brand_revenue":55232.7490234375,"category_revenue":3118895.3125,"share_pct":1.7999999523162842},{"period":"2025-05","brand_revenue":64337.2265625,"category_revenue":2887345.0,"share_pct":2.200000047683716},{"period":"2025-06","brand_revenue":18410.0,"category_revenue":2773698.125,"share_pct":0.699999988079071},{"period":"2025-07","brand_revenue":16927.5,"category_revenue":2782763.125,"share_pct":0.6000000238418579},{"period":"2025-08","brand_revenue":40138.62548828125,"category_revenue":2733122.8125,"share_pct":1.5},{"period":"2025-09","brand_revenue":47226.25,"category_revenue":2603501.5625,"share_pct":1.7999999523162842},{"period":"2025-10","brand_revenue":26061.6748046875,"category_revenue":2663705.0,"share_pct":1.0},{"period":"2025-11","brand_revenue":35316.4501953125,"category_revenue":2700189.0625,"share_pct":1.2999999523162842},{"period":"2025-12","brand_revenue":55016.1767578125,"category_revenue":2515209.53125,"share_pct":2.200000047683716},{"period":"2026-01","brand_revenue":49694.375,"category_revenue":2505261.875,"share_pct":2.0}],"PRE ROLL PACK":[{"period":"2024-01","brand_revenue":26254.375,"category_revenue":169271.89453125,"share_pct":15.5},{"period":"2024-02","brand_revenue":30626.2255859375,"category_revenue":174199.375,"share_pct":17.600000381469727},{"period":"2024-03","brand_revenue":26011.42578125,"category_revenue":187083.0078125,"share_pct":13.899999618530273},{"period":"2024-04","brand_revenue":32880.50048828125,"category_revenue":179617.6171875,"share_pct":18.299999237060547},{"period":"2024-05","brand_revenue":32596.6748046875,"category_revenue":198875.703125,"share_pct":16.399999618530273},{"period":"2024-06","brand_revenue":13455.0,"category_revenue":182181.42578125,"share_pct":7.400000095367432},{"period":"2024-07","brand_revenue":21338.42529296875,"category_revenue":189754.43359375,"share_pct":11.199999809265137},{"period":"2024-08","brand_revenue":13742.62451171875,"category_revenue":163466.5234375,"share_pct":8.399999618530273},{"period":"2024-09","brand_revenue":15022.650146484375,"category_revenue":145157.197265625,"share_pct":10.300000190734863},{"period":"2024-10","brand_revenue":24146.2744140625,"category_revenue":143902.822265625,"share_pct":16.799999237060547},{"period":"2024-11","brand_revenue":26280.0,"category_revenue":169051.3671875,"share_pct":15.5},{"period":"2024-12","brand_revenue":18342.5,"category_revenue":186738.92578125,"share_pct":9.800000190734863},{"period":"2025-01","brand_revenue":22837.5,"category_revenue":222888.57421875,"share_pct":10.199999809265137},{"period":"2025-02","brand_revenue":11254.27490234375,"category_revenue":186213.06640625,"share_pct":6.0},{"period":"2025-03","brand_revenue":14792.80029296875,"category_revenue":195415.56640625,"share_pct":7.599999904632568},{"period":"2025-04","brand_revenue":14812.999267578125,"category_revenue":188683.2421875,"share_pct":7.900000095367432},{"period":"2025-05","brand_revenue":18384.825439453125,"category_revenue":231505.29296875,"share_pct":7.900000095367432},{"period":"2025-06","brand_revenue":7635.999755859375,"category_revenue":169830.2734375,"share_pct":4.5},{"period":"2025-07","brand_revenue":5304.000244140625,"category_revenue":130345.849609375,"share_pct":4.099999904632568},{"period":"2025-08","brand_revenue":14115.74951171875,"category_revenue":108797.099609375,"share_pct":13.0},{"period":"2025-09","brand_revenue":19919.925537109375,"category_revenue":99689.677734375,"share_pct":20.0},{"period":"2025-10","brand_revenue":15439.49951171875,"category_revenue":67141.8505859375,"share_pct":23.0},{"period":"2025-11","brand_revenue":13258.75,"category_revenue":80167.7978515625,"share_pct":16.5},{"period":"2025-12","brand_revenue":15036.75048828125,"category_revenue":71818.3740234375,"share_pct":20.899999618530273},{"period":"2026-01","brand_revenue":12040.999755859375,"category_revenue":62066.826171875,"share_pct":19.399999618530273}],"PRE ROLL":[{"period":"2024-01","brand_revenue":23627.7490234375,"category_revenue":508338.515625,"share_pct":4.599999904632568},{"period":"2024-02","brand_revenue":16339.49951171875,"category_revenue":489393.671875,"share_pct":3.299999952316284},{"period":"2024-03","brand_revenue":17537.80029296875,"category_revenue":520052.3828125,"share_pct":3.4000000953674316},{"period":"2024-04","brand_revenue":18132.674560546875,"category_revenue":491300.6640625,"share_pct":3.700000047683716},{"period":"2024-05","brand_revenue":24812.94921875,"category_revenue":542202.890625,"share_pct":4.599999904632568},{"period":"2024-06","brand_revenue":10861.8994140625,"category_revenue":507288.8671875,"share_pct":2.0999999046325684},{"period":"2024-07","brand_revenue":16458.00048828125,"category_revenue":524250.9765625,"share_pct":3.0999999046325684},{"period":"2024-08","brand_revenue":5782.0001220703125,"category_revenue":612518.7109375,"share_pct":0.8999999761581421},{"period":"2024-09","brand_revenue":11897.674560546875,"category_revenue":586543.0078125,"share_pct":2.0},{"period":"2024-10","brand_revenue":17820.999755859375,"category_revenue":641449.1796875,"share_pct":2.799999952316284},{"period":"2024-11","brand_revenue":15463.24951171875,"category_revenue":579866.71875,"share_pct":2.700000047683716},{"period":"2024-12","brand_revenue":12031.500244140625,"category_revenue":582999.5703125,"share_pct":2.0999999046325684},{"period":"2025-01","brand_revenue":15904.000244140625,"category_revenue":544095.3125,"share_pct":2.9000000953674316},{"period":"2025-02","brand_revenue":10039.749755859375,"category_revenue":500875.5859375,"share_pct":2.0},{"period":"2025-03","brand_revenue":10714.92431640625,"category_revenue":551422.0703125,"share_pct":1.899999976158142},{"period":"2025-04","brand_revenue":14319.000244140625,"category_revenue":568189.375,"share_pct":2.5},{"period":"2025-05","brand_revenue":11096.75048828125,"category_revenue":565516.875,"share_pct":2.0},{"period":"2025-06","brand_revenue":6685.0750732421875,"category_revenue":560506.71875,"share_pct":1.2000000476837158},{"period":"2025-07","brand_revenue":5345.250244140625,"category_revenue":600916.09375,"share_pct":0.8999999761581421},{"period":"2025-08","brand_revenue":10767.17529296875,"category_revenue":620247.5,"share_pct":1.7000000476837158},{"period":"2025-09","brand_revenue":11821.14990234375,"category_revenue":608971.09375,"share_pct":1.899999976158142},{"period":"2025-10","brand_revenue":13487.950439453125,"category_revenue":645293.1640625,"share_pct":2.0999999046325684},{"period":"2025-11","brand_revenue":9113.900146484375,"category_revenue":581113.4765625,"share_pct":1.600000023841858},{"period":"2025-12","brand_revenue":15668.599853515625,"category_revenue":553088.5546875,"share_pct":2.799999952316284},{"period":"2026-01","brand_revenue":8635.225219726562,"category_revenue":523350.9375,"share_pct":1.600000023841858}],"CONCENTRATE":[{"period":"2024-01","brand_revenue":5733.2501220703125,"category_revenue":351129.609375,"share_pct":1.600000023841858},{"period":"2024-02","brand_revenue":0.0,"category_revenue":371224.4921875,"share_pct":0.0},{"period":"2024-03","brand_revenue":0.0,"category_revenue":375964.296875,"share_pct":0.0},{"period":"2024-04","brand_revenue":0.0,"category_revenue":352745.859375,"share_pct":0.0},{"period":"2024-05","brand_revenue":0.0,"category_revenue":346027.5,"share_pct":0.0},{"period":"2024-06","brand_revenue":0.0,"category_revenue":310723.3984375,"share_pct":0.0},{"period":"2024-07","brand_revenue":0.0,"category_revenue":336220.078125,"share_pct":0.0},{"period":"2024-08","brand_revenue":0.0,"category_revenue":324004.04296875,"share_pct":0.0},{"period":"2024-09","brand_revenue":0.0,"category_revenue":326834.1796875,"share_pct":0.0},{"period":"2024-10","brand_revenue":0.0,"category_revenue":324500.859375,"share_pct":0.0},{"period":"2024-11","brand_revenue":0.0,"category_revenue":351240.0390625,"share_pct":0.0},{"period":"2024-12","brand_revenue":0.0,"category_revenue":324145.4296875,"share_pct":0.0},{"period":"2025-01","brand_revenue":0.0,"category_revenue":325749.19921875,"share_pct":0.0},{"period":"2025-02","brand_revenue":0.0,"category_revenue":300499.0234375,"share_pct":0.0},{"period":"2025-03","brand_revenue":0.0,"category_revenue":298171.5234375,"share_pct":0.0},{"period":"2025-04","brand_revenue":0.0,"category_revenue":343355.625,"share_pct":0.0},{"period":"2025-05","brand_revenue":0.0,"category_revenue":288836.62109375,"share_pct":0.0},{"period":"2025-06","brand_revenue":0.0,"category_revenue":280928.33984375,"share_pct":0.0},{"period":"2025-07","brand_revenue":0.0,"category_revenue":283604.1796875,"share_pct":0.0},{"period":"2025-08","brand_revenue":0.0,"category_revenue":274773.76953125,"share_pct":0.0},{"period":"2025-09","brand_revenue":0.0,"category_revenue":264599.19921875,"share_pct":0.0},{"period":"2025-10","brand_revenue":0.0,"category_revenue":277515.46875,"share_pct":0.0},{"period":"2025-11","brand_revenue":0.0,"category_revenue":295773.3203125,"share_pct":0.0},{"period":"2025-12","brand_revenue":0.0,"category_revenue":267042.05078125,"share_pct":0.0},{"period":"2026-01","brand_revenue":0.0,"category_revenue":270749.70703125,"share_pct":0.0}],"INFUSED PRE ROLL":[{"period":"2024-01","brand_revenue":675.0,"category_revenue":410907.8515625,"share_pct":0.20000000298023224},{"period":"2024-02","brand_revenue":0.0,"category_revenue":458711.484375,"share_pct":0.0},{"period":"2024-03","brand_revenue":0.0,"category_revenue":427464.375,"share_pct":0.0},{"period":"2024-04","brand_revenue":0.0,"category_revenue":428699.9609375,"share_pct":0.0},{"period":"2024-05","brand_revenue":0.0,"category_revenue":501098.3203125,"share_pct":0.0},{"period":"2024-06","brand_revenue":0.0,"category_revenue":477320.78125,"share_pct":0.0},{"period":"2024-07","brand_revenue":0.0,"category_revenue":479382.109375,"share_pct":0.0},{"period":"2024-08","brand_revenue":0.0,"category_revenue":474359.1015625,"share_pct":0.0},{"period":"2024-09","brand_revenue":0.0,"category_revenue":424280.1171875,"share_pct":0.0},{"period":"2024-10","brand_revenue":0.0,"category_revenue":470840.6640625,"share_pct":0.0},{"period":"2024-11","brand_revenue":0.0,"category_revenue":424285.1171875,"share_pct":0.0},{"period":"2024-12","brand_revenue":0.0,"category_revenue":432093.1640625,"share_pct":0.0},{"period":"2025-01","brand_revenue":0.0,"category_revenue":358002.890625,"share_pct":0.0},{"period":"2025-02","brand_revenue":0.0,"category_revenue":325080.17578125,"share_pct":0.0},{"period":"2025-03","brand_revenue":0.0,"category_revenue":347380.078125,"share_pct":0.0},{"period":"2025-04","brand_revenue":0.0,"category_revenue":401341.40625,"share_pct":0.0},{"period":"2025-05","brand_revenue":0.0,"category_revenue":378076.09375,"share_pct":0.0},{"period":"2025-06","brand_revenue":0.0,"category_revenue":354019.6484375,"share_pct":0.0},{"period":"2025-07","brand_revenue":0.0,"category_revenue":416008.203125,"share_pct":0.0},{"period":"2025-08","brand_revenue":0.0,"category_revenue":425283.28125,"share_pct":0.0},{"period":"2025-09","brand_revenue":0.0,"category_revenue":378313.75,"share_pct":0.0},{"period":"2025-10","brand_revenue":0.0,"category_revenue":389168.3203125,"share_pct":0.0},{"period":"2025-11","brand_revenue":0.0,"category_revenue":390541.3671875,"share_pct":0.0},{"period":"2025-12","brand_revenue":0.0,"category_revenue":392812.34375,"share_pct":0.0},{"period":"2026-01","brand_revenue":0.0,"category_revenue":342630.7421875,"share_pct":0.0}]},"discount_depth":[{"tier":"0% (Full Price)","transactions":23348,"pct_of_transactions":40.2,"revenue":875017.5,"avg_discount":0.0},{"tier":"1-10%","transactions":3792,"pct_of_transactions":6.5,"revenue":175986.5625,"avg_discount":20.0},{"tier":"11-20%","transactions":2640,"pct_of_transactions":4.5,"revenue":143830.8984375,"avg_discount":36.400001525878906},{"tier":"21-30%","transactions":11424,"pct_of_transactions":19.7,"revenue":261870.1953125,"avg_discount":58.599998474121094},{"tier":"31%+","transactions":8852,"pct_of_transactions":15.2,"revenue":162487.1484375,"avg_discount":96.0}],"velocity":{"units_per_day":94.08,"revenue_per_day":2578.5000610351562,"avg_units_per_txn":2.66,"days_of_data":762,"total_units":71696,"total_transactions":53866},"velocity_by_category":[{"category":"PRE ROLL PACK","brand_units_per_day":23.34,"category_avg_units_per_day":11.6,"velocity_index":201.3,"brand_rev_per_unit":20.94,"category_rev_per_unit":25.24,"brands_in_category":14},{"category":"PRE ROLL","brand_units_per_day":37.92,"category_avg_units_per_day":42.38,"velocity_index":89.5,"brand_rev_per_unit":9.26,"category_rev_per_unit":7.54,"brands_in_category":46},{"category":"FLOWER","brand_units_per_day":32.4,"category_avg_units_per_day":55.54,"velocity_index":58.3,"brand_rev_per_unit":37.4,"category_rev_per_unit":22.97,"brands_in_category":64},{"category":"CONCENTRATE","brand_units_per_day":0.32,"category_avg_units_per_day":15.38,"velocity_index":2.1,"brand_rev_per_unit":18.64,"category_rev_per_unit":19.88,"brands_in_category":27},{"category":"INFUSED PRE ROLL","brand_units_per_day":0.04,"category_avg_units_per_day":25.62,"velocity_index":0.2,"brand_rev_per_unit":15.0,"category_rev_per_unit":16.9,"brands_in_category":25},{"category":0.0,"brand_units_per_day":0.0,"category_avg_units_per_day":0,"velocity_index":0,"brand_rev_per_unit":0.0,"category_rev_per_unit":0.0,"brands_in_category":0}],"deals":[{"deal_name":"Industry - 30% Off","times_used":8458,"units":10767.0,"revenue":254185.797842741,"discounts":109049.19950246811,"cost":148969.599999981,"profit":105216.20063114911,"pre_discount_revenue":363235.0,"margin":41.4,"avg_discount":60.0},{"deal_name":"Lit4Less - PR - 5 for $30","times_used":3602,"units":6182.0,"revenue":46258.90000090003,"discounts":46456.099992990494,"cost":23595.074999998324,"profit":22663.8250005804,"pre_discount_revenue":92715.0,"margin":49.0,"avg_discount":100.2},{"deal_name":"Industry 30% Off","times_used":1996,"units":2689.0,"revenue":71672.28688001633,"discounts":30803.962343931198,"cost":36638.92499999609,"profit":35033.36265385151,"pre_discount_revenue":102476.25,"margin":48.9,"avg_discount":60.2},{"deal_name":"Lit4Less - 1/4 for $50","times_used":1962,"units":3187.0,"revenue":99339.92500782013,"discounts":40128.825001716614,"cost":47675.24999999441,"profit":51664.67499256134,"pre_discount_revenue":139468.75,"margin":52.0,"avg_discount":57.6},{"deal_name":"Senior - 10% Off","times_used":1718,"units":2540.0,"revenue":101043.12668323517,"discounts":11341.875024437904,"cost":44971.59999999218,"profit":56071.525053977966,"pre_discount_revenue":112385.0,"margin":55.5,"avg_discount":20.2},{"deal_name":"30% Off Special","times_used":1066,"units":1350.0,"revenue":24363.374683856964,"discounts":10570.374920368195,"cost":13871.25,"profit":10492.12507918477,"pre_discount_revenue":34933.75,"margin":43.1,"avg_discount":60.6},{"deal_name":"Senior / Veterans - 20% Off","times_used":788,"units":1842.0,"revenue":69689.3748986721,"discounts":17650.624973773956,"cost":35210.04999999888,"profit":34479.32461172342,"pre_discount_revenue":87340.0,"margin":49.5,"avg_discount":40.4},{"deal_name":"Veterans - 10% Off","times_used":784,"units":917.0,"revenue":30609.150528907776,"discounts":3593.3500257134438,"cost":13765.074999998324,"profit":16844.07505750656,"pre_discount_revenue":34202.5,"margin":55.0,"avg_discount":21.0},{"deal_name":"GW - 50% Off Flower","times_used":674,"units":1098.0,"revenue":32936.25,"discounts":32936.25,"cost":26715.0,"profit":6221.25,"pre_discount_revenue":65872.5,"margin":18.9,"avg_discount":100.0},{"deal_name":"Jackpot - Locals 30% Off","times_used":612,"units":786.0,"revenue":37089.62522268295,"discounts":15899.125055670738,"cost":20427.5,"profit":16662.12494432926,"pre_discount_revenue":52988.75,"margin":44.9,"avg_discount":60.0},{"deal_name":"4/20 2025 - Flower / Infused","times_used":522,"units":786.0,"revenue":13268.000001907349,"discounts":13324.499998092651,"cost":10482.5,"profit":2785.499999523163,"pre_discount_revenue":26592.5,"margin":21.0,"avg_discount":100.2},{"deal_name":"4/20 40% Off!!!!","times_used":444,"units":634.0,"revenue":13673.99988412857,"discounts":9116.00011587143,"cost":9575.0,"profit":4099.000028967857,"pre_discount_revenue":22790.0,"margin":30.0,"avg_discount":80.0},{"deal_name":"50% Off - G2B","times_used":340,"units":468.0,"revenue":10202.5,"discounts":10202.5,"cost":6860.0,"profit":3342.5,"pre_discount_revenue":20405.0,"margin":32.8,"avg_discount":100.0},{"deal_name":"50% Off IPR  / PR Packs","times_used":330,"units":431.0,"revenue":6473.999996185303,"discounts":6455.999999046326,"cost":5272.5,"profit":1201.5000009536743,"pre_discount_revenue":12930.0,"margin":18.6,"avg_discount":99.8},{"deal_name":"LVAC - 25% Off","times_used":222,"units":306.0,"revenue":4914.375,"discounts":1655.625,"cost":2474.0249999938533,"profit":2440.3499937057495,"pre_discount_revenue":6570.0,"margin":49.7,"avg_discount":50.4},{"deal_name":"DogWalkers / Virtue 2 for $40  5pk / 4pk PR","times_used":166,"units":300.0,"revenue":7491.424999237061,"discounts":1508.5750007629395,"cost":3672.5,"profit":3818.9249992370605,"pre_discount_revenue":9000.0,"margin":51.0,"avg_discount":33.6},{"deal_name":"Employee 30% - NOT FRIDAYS","times_used":164,"units":196.0,"revenue":5577.249960899353,"discounts":2390.2499902248383,"cost":3023.75,"profit":2553.5000097751617,"pre_discount_revenue":7967.5,"margin":45.8,"avg_discount":60.0},{"deal_name":"DogWalkers / Virtue /ama  2 for $40  5pk / 4pk PR","times_used":160,"units":260.0,"revenue":6500.0,"discounts":1300.0,"cost":3250.0,"profit":3250.0,"pre_discount_revenue":7800.0,"margin":50.0,"avg_discount":33.4},{"deal_name":"DogWalkers / virtue / ama 2 for $40","times_used":136,"units":196.0,"revenue":4900.0,"discounts":980.0,"cost":2450.0,"profit":2450.0,"pre_discount_revenue":5880.0,"margin":50.0,"avg_discount":33.4},{"deal_name":"Employee - 40% OFF","times_used":114,"units":146.0,"revenue":3701.9999957084656,"discounts":2468.0000042915344,"cost":2330.0,"profit":1372.0000076293945,"pre_discount_revenue":6170.0,"margin":37.1,"avg_discount":80.0},{"deal_name":"Virtue Pre-Rolls 4 for $40","times_used":108,"units":442.0,"revenue":5530.0,"discounts":1100.0,"cost":2605.0,"profit":2925.0,"pre_discount_revenue":6630.0,"margin":52.9,"avg_discount":33.2},{"deal_name":"25% OFF SALE","times_used":90,"units":112.0,"revenue":2598.75,"discounts":866.25,"cost":1120.0,"profit":1478.75,"pre_discount_revenue":3465.0,"margin":56.9,"avg_discount":50.0},{"deal_name":"Pre-Rolls 5 for $40","times_used":74,"units":114.0,"revenue":1140.0,"discounts":570.0,"cost":712.5,"profit":427.5,"pre_discount_revenue":1710.0,"margin":37.5,"avg_discount":66.6},{"deal_name":"30% Off Special!","times_used":38,"units":38.0,"revenue":793.2999658584595,"discounts":346.6999912261963,"cost":475.0,"profit":318.3000087738037,"pre_discount_revenue":1140.0,"margin":40.1,"avg_discount":60.8},{"deal_name":"40% Off Virtue Hash Infused Pre Roll","times_used":32,"units":36.0,"revenue":675.0,"discounts":450.0,"cost":540.0,"profit":135.0,"pre_discount_revenue":1125.0,"margin":20.0,"avg_discount":80.0},{"deal_name":"Store Credit - $15","times_used":30,"units":25.0,"revenue":428.47500056028366,"discounts":295.275000333786,"cost":232.5,"profit":195.9749998152256,"pre_discount_revenue":723.75,"margin":45.7,"avg_discount":81.6},{"deal_name":"25-30% Off","times_used":16,"units":20.0,"revenue":225.0,"discounts":75.0,"cost":125.0,"profit":100.0,"pre_discount_revenue":300.0,"margin":44.4,"avg_discount":50.0},{"deal_name":"5 FOR $40 Mix N Match Pre Roll","times_used":16,"units":24.0,"revenue":240.0,"discounts":120.0,"cost":150.0,"profit":90.0,"pre_discount_revenue":360.0,"margin":37.5,"avg_discount":66.6},{"deal_name":"Medical - 10%","times_used":14,"units":22.0,"revenue":425.2500057220459,"discounts":64.75000083446503,"cost":185.0,"profit":240.2500057220459,"pre_discount_revenue":490.0,"margin":56.5,"avg_discount":26.4},{"deal_name":"Store Credit - $25","times_used":14,"units":14.0,"revenue":140.91250076889992,"discounts":222.8374981880188,"cost":128.75,"profit":12.162500154227018,"pre_discount_revenue":363.75,"margin":8.6,"avg_discount":122.6},{"deal_name":"Store Credit - $50","times_used":12,"units":18.0,"revenue":305.52499771118164,"discounts":339.4749975204468,"cost":213.75,"profit":91.77499830722809,"pre_discount_revenue":645.0,"margin":30.0,"avg_discount":105.2},{"deal_name":"Sammy Davis Early Bird - 15% Off","times_used":10,"units":10.0,"revenue":252.8749966621399,"discounts":44.62499916553497,"cost":97.5,"profit":155.3749966621399,"pre_discount_revenue":297.5,"margin":61.4,"avg_discount":30.0},{"deal_name":"Veterans Day - 30% Off For Veterans!","times_used":10,"units":30.0,"revenue":1050.0,"discounts":450.0,"cost":600.0,"profit":450.0,"pre_discount_revenue":1500.0,"margin":42.9,"avg_discount":60.0},{"deal_name":"Store Credit - $100","times_used":6,"units":15.0,"revenue":286.875,"discounts":341.875,"cost":215.0,"profit":71.875,"pre_discount_revenue":628.75,"margin":25.1,"avg_discount":108.8},{"deal_name":"Senior Sunday - SAHARA ONLY - 20% Off","times_used":4,"units":6.0,"revenue":72.00000286102295,"discounts":18.000000715255737,"cost":33.75,"profit":38.24999928474426,"pre_discount_revenue":90.0,"margin":53.1,"avg_discount":40.0},{"deal_name":"Reno - Early Bird - Senior / Veterans - 20%","times_used":4,"units":4.0,"revenue":118.00000190734863,"discounts":29.500000476837158,"cost":50.0,"profit":67.99999952316284,"pre_discount_revenue":147.5,"margin":57.6,"avg_discount":40.0},{"deal_name":"Store Credit - $75","times_used":2,"units":1.0,"revenue":15.0,"discounts":28.75,"cost":15.0,"profit":0.0,"pre_discount_revenue":43.75,"margin":0.0,"avg_discount":131.4},{"deal_name":"4 for $30 Pre Rolls","times_used":2,"units":8.0,"revenue":75.0,"discounts":45.0,"cost":50.0,"profit":25.0,"pre_discount_revenue":120.0,"margin":33.3,"avg_discount":75.0},{"deal_name":"Voucher - 35% Off One Item","times_used":2,"units":2.0,"revenue":39.000000953674316,"discounts":20.999999046325684,"cost":25.0,"profit":13.999999761581421,"pre_discount_revenue":60.0,"margin":35.9,"avg_discount":70.0}],"top_products":[{"product":"ORANGE PUSH POP EIGHTH - VIRTUE","units":7298,"revenue":296724.921875,"cost":151200.0,"profit":145524.921875,"transactions":4922,"margin":49.0},{"product":"FIG BAR EIGHTH - VIRTUE","units":4628,"revenue":178263.0078125,"cost":96350.0,"profit":81912.998046875,"transactions":3418,"margin":46.0},{"product":"DIAMOND DUST EIGHTH - VIRTUE","units":4432,"revenue":175497.75390625,"cost":88580.322265625,"profit":86917.421875,"transactions":3562,"margin":49.5},{"product":"FIG BAR 4 PK PRE ROLL - VIRTUE","units":4992,"revenue":129781.25,"cost":59700.126953125,"profit":70081.123046875,"transactions":4516,"margin":54.0},{"product":"FIG BAR HALF OUNCE - VIRTUE","units":1042,"revenue":108069.052734375,"cost":51107.5,"profit":56961.5478515625,"transactions":936,"margin":52.70000076293945},{"product":"ORANGE PUSH POP 4 PK PRE ROLL - VIRTUE","units":3872,"revenue":103018.30078125,"cost":46480.0,"profit":56538.30078125,"transactions":3464,"margin":54.900001525878906},{"product":"DIAMOND DUST 4 PK PRE ROLL - VIRTUE","units":3482,"revenue":90766.50390625,"cost":39797.5,"profit":50968.9990234375,"transactions":3118,"margin":56.20000076293945},{"product":"FIG BAR PRE ROLL - VIRTUE","units":7170,"revenue":82798.671875,"cost":40192.5,"profit":42606.1767578125,"transactions":5662,"margin":51.5},{"product":"ORANGE PUSH POP HALF OUNCE - VIRTUE","units":708,"revenue":75246.748046875,"cost":33275.0,"profit":41971.748046875,"transactions":608,"margin":55.79999923706055},{"product":"FIGUEROA OG EIGHTH - VIRTUE","units":1756,"revenue":67110.498046875,"cost":34600.0,"profit":32510.50048828125,"transactions":1466,"margin":48.400001525878906},{"product":"ORANGE PUSH POP PRE ROLL - VIRTUE","units":5276,"revenue":61339.3017578125,"cost":28805.0,"profit":32534.29931640625,"transactions":4116,"margin":53.0},{"product":"PRIVATE RESERVE 4 PK PRE ROLL - VIRTUE","units":2042,"revenue":52832.275390625,"cost":25525.0,"profit":27307.275390625,"transactions":1820,"margin":51.70000076293945},{"product":"DIAMOND BAR EIGHTH - VIRTUE","units":1158,"revenue":47180.673828125,"cost":23760.0,"profit":23420.673828125,"transactions":956,"margin":49.599998474121094},{"product":"DIAMOND BAR HALF OUNCE - VIRTUE","units":488,"revenue":46074.6240234375,"cost":21737.5,"profit":24337.1240234375,"transactions":448,"margin":52.79999923706055},{"product":"PRIVATE RESERVE PRE ROLL - VIRTUE","units":3630,"revenue":45081.826171875,"cost":21100.97412109375,"profit":23980.849609375,"transactions":2918,"margin":53.20000076293945},{"product":"DIAMOND DUST PRE ROLL - VIRTUE","units":3490,"revenue":40484.32373046875,"cost":18951.25,"profit":21533.076171875,"transactions":2812,"margin":53.20000076293945},{"product":"DIAMOND BAR 4 PK PRE ROLL - VIRTUE","units":1370,"revenue":35837.82470703125,"cost":17115.0,"profit":18722.82470703125,"transactions":1260,"margin":52.20000076293945},{"product":"DIAMOND BAR PRE ROLL - VIRTUE","units":3154,"revenue":31880.048828125,"cost":14692.5,"profit":17187.550048828125,"transactions":2440,"margin":53.900001525878906},{"product":"EMERALD GHOST COOKIES PRE ROLL - VIRTUE","units":2140,"revenue":25095.4248046875,"cost":7728.75,"profit":17366.6748046875,"transactions":1688,"margin":69.19999694824219},{"product":"TRIPLE G EIGHTH - VIRTUE","units":710,"revenue":23186.6748046875,"cost":10650.0,"profit":12536.6748046875,"transactions":564,"margin":54.099998474121094},{"product":"EMERALD GHOST COOKIES EIGHTH - VIRTUE","units":500,"revenue":19559.849853515625,"cost":10780.0,"profit":8779.849853515625,"transactions":438,"margin":44.900001525878906},{"product":"FIGUEROA OG HALF OUNCE - VIRTUE","units":180,"revenue":19394.749755859375,"cost":8625.0,"profit":10769.749755859375,"transactions":160,"margin":55.5},{"product":"J1 PRE ROLL - VIRTUE","units":1528,"revenue":19046.25,"cost":8982.5,"profit":10063.75,"transactions":1230,"margin":52.79999923706055},{"product":"G13 EIGHTH - VIRTUE","units":594,"revenue":18894.375,"cost":8910.0,"profit":9984.375,"transactions":490,"margin":52.79999923706055},{"product":"J1 4 PK PRE ROLL - VIRTUE","units":644,"revenue":17059.525146484375,"cost":7250.625,"profit":9808.900146484375,"transactions":562,"margin":57.5}],"products_by_store":{"Elevation Springs":[{"product":"ORANGE PUSH POP EIGHTH - VIRTUE","units":1724,"revenue":69045.751953125,"cost":35860.0,"profit":33185.74951171875,"transactions":1406,"margin":48.099998474121094},{"product":"FIG BAR EIGHTH - VIRTUE","units":1412,"revenue":54521.376953125,"cost":29720.0,"profit":24801.37451171875,"transactions":1012,"margin":45.5},{"product":"DIAMOND DUST EIGHTH - VIRTUE","units":1066,"revenue":40590.74951171875,"cost":20770.0,"profit":19820.74951171875,"transactions":856,"margin":48.79999923706055},{"product":"FIG BAR 4 PK PRE ROLL - VIRTUE","units":1278,"revenue":32494.25048828125,"cost":15690.0,"profit":16804.25048828125,"transactions":1182,"margin":51.70000076293945},{"product":"ORANGE PUSH POP 4 PK PRE ROLL - VIRTUE","units":1094,"revenue":29214.7509765625,"cost":13175.0,"profit":16039.749755859375,"transactions":982,"margin":54.900001525878906},{"product":"FIGUEROA OG EIGHTH - VIRTUE","units":616,"revenue":23815.0,"cost":12670.0,"profit":11145.0,"transactions":532,"margin":46.79999923706055},{"product":"FIG BAR PRE ROLL - VIRTUE","units":1690,"revenue":19389.375,"cost":9461.25,"profit":9928.125,"transactions":1344,"margin":51.20000076293945},{"product":"PRIVATE RESERVE 4 PK PRE ROLL - VIRTUE","units":690,"revenue":17537.37548828125,"cost":8625.0,"profit":8912.374877929688,"transactions":600,"margin":50.79999923706055},{"product":"DIAMOND DUST 4 PK PRE ROLL - VIRTUE","units":666,"revenue":16649.249267578125,"cost":7605.0,"profit":9044.249877929688,"transactions":586,"margin":54.29999923706055},{"product":"PRIVATE RESERVE PRE ROLL - VIRTUE","units":1026,"revenue":12138.00048828125,"cost":6038.75,"profit":6099.2498779296875,"transactions":862,"margin":50.20000076293945},{"product":"ORANGE PUSH POP PRE ROLL - VIRTUE","units":1026,"revenue":12092.999267578125,"cost":5733.75,"profit":6359.2498779296875,"transactions":820,"margin":52.599998474121094},{"product":"DIAMOND BAR PRE ROLL - VIRTUE","units":1034,"revenue":10813.499755859375,"cost":4968.75,"profit":5844.749755859375,"transactions":764,"margin":54.099998474121094},{"product":"DIAMOND BAR 4 PK PRE ROLL - VIRTUE","units":354,"revenue":9225.8251953125,"cost":4425.0,"profit":4800.824890136719,"transactions":320,"margin":52.0},{"product":"DIAMOND DUST PRE ROLL - VIRTUE","units":746,"revenue":9164.5751953125,"cost":4231.25,"profit":4933.3251953125,"transactions":584,"margin":53.79999923706055},{"product":"EMERALD GHOST COOKIES PRE ROLL - VIRTUE","units":682,"revenue":8389.500122070312,"cost":2822.5,"profit":5567.0001220703125,"transactions":510,"margin":66.4000015258789}],"Elevation Mesa":[{"product":"ORANGE PUSH POP EIGHTH - VIRTUE","units":1554,"revenue":61285.4248046875,"cost":32450.0,"profit":28835.4248046875,"transactions":1062,"margin":47.099998474121094},{"product":"DIAMOND DUST EIGHTH - VIRTUE","units":1090,"revenue":42062.373046875,"cost":21860.0,"profit":20202.37548828125,"transactions":962,"margin":48.0},{"product":"FIG BAR EIGHTH - VIRTUE","units":1032,"revenue":39185.4248046875,"cost":21610.0,"profit":17575.4248046875,"transactions":786,"margin":44.900001525878906},{"product":"FIG BAR PRE ROLL - VIRTUE","units":1658,"revenue":19419.874267578125,"cost":9622.5,"profit":9797.374877929688,"transactions":1334,"margin":50.5},{"product":"FIG BAR 4 PK PRE ROLL - VIRTUE","units":624,"revenue":15187.5,"cost":7412.5,"profit":7775.0,"transactions":552,"margin":51.20000076293945},{"product":"ORANGE PUSH POP PRE ROLL - VIRTUE","units":1286,"revenue":14517.999267578125,"cost":7137.5,"profit":7380.4998779296875,"transactions":984,"margin":50.79999923706055},{"product":"ORANGE PUSH POP 4 PK PRE ROLL - VIRTUE","units":518,"revenue":13065.999755859375,"cost":6312.5,"profit":6753.5003662109375,"transactions":452,"margin":51.70000076293945},{"product":"FIGUEROA OG EIGHTH - VIRTUE","units":322,"revenue":12246.175537109375,"cost":6470.0,"profit":5776.1749267578125,"transactions":280,"margin":47.20000076293945},{"product":"DIAMOND BAR 4 PK PRE ROLL - VIRTUE","units":446,"revenue":11211.500244140625,"cost":5575.0,"profit":5636.500244140625,"transactions":414,"margin":50.29999923706055},{"product":"DIAMOND DUST 4 PK PRE ROLL - VIRTUE","units":448,"revenue":11035.250244140625,"cost":5192.5,"profit":5842.750244140625,"transactions":432,"margin":52.900001525878906},{"product":"DIAMOND BAR EIGHTH - VIRTUE","units":288,"revenue":10906.624755859375,"cost":5710.0,"profit":5196.624755859375,"transactions":254,"margin":47.599998474121094},{"product":"DIAMOND DUST PRE ROLL - VIRTUE","units":902,"revenue":9613.875122070312,"cost":4507.5,"profit":5106.3751220703125,"transactions":730,"margin":53.099998474121094},{"product":"PRIVATE RESERVE PRE ROLL - VIRTUE","units":664,"revenue":8324.89990234375,"cost":4025.0,"profit":4299.89990234375,"transactions":512,"margin":51.70000076293945},{"product":"TRIPLE G EIGHTH - VIRTUE","units":200,"revenue":6552.5,"cost":3000.0,"profit":3552.5,"transactions":182,"margin":54.20000076293945},{"product":"PRIVATE RESERVE 4 PK PRE ROLL - VIRTUE","units":224,"revenue":5492.9998779296875,"cost":2800.0,"profit":2692.9998779296875,"transactions":204,"margin":49.0}],"Elevation Oasis":[{"product":"FIG BAR HALF OUNCE - VIRTUE","units":1042,"revenue":108069.052734375,"cost":51107.5,"profit":56961.5478515625,"transactions":936,"margin":52.70000076293945},{"product":"ORANGE PUSH POP HALF OUNCE - VIRTUE","units":708,"revenue":75246.748046875,"cost":33275.0,"profit":41971.748046875,"transactions":608,"margin":55.79999923706055},{"product":"ORANGE PUSH POP EIGHTH - VIRTUE","units":1160,"revenue":50323.251953125,"cost":23680.0,"profit":26643.24951171875,"transactions":812,"margin":52.900001525878906},{"product":"DIAMOND BAR HALF OUNCE - VIRTUE","units":488,"revenue":46074.6240234375,"cost":21737.5,"profit":24337.1240234375,"transactions":448,"margin":52.79999923706055},{"product":"DIAMOND DUST EIGHTH - VIRTUE","units":632,"revenue":23678.24951171875,"cost":12640.0,"profit":11038.24951171875,"transactions":372,"margin":46.599998474121094},{"product":"FIG BAR EIGHTH - VIRTUE","units":576,"revenue":22448.5009765625,"cost":10970.0,"profit":11478.499755859375,"transactions":390,"margin":51.099998474121094},{"product":"FIG BAR 4 PK PRE ROLL - VIRTUE","units":702,"revenue":19516.324462890625,"cost":8150.0,"profit":11366.324462890625,"transactions":634,"margin":58.20000076293945},{"product":"FIGUEROA OG HALF OUNCE - VIRTUE","units":180,"revenue":19394.749755859375,"cost":8625.0,"profit":10769.749755859375,"transactions":160,"margin":55.5},{"product":"PRIVATE RESERVE HALF OUNCE - VIRTUE","units":148,"revenue":16805.374755859375,"cost":7400.0,"profit":9405.374755859375,"transactions":138,"margin":56.0},{"product":"DIAMOND DUST 4 PK PRE ROLL - VIRTUE","units":600,"revenue":15542.125244140625,"cost":6700.0,"profit":8842.125244140625,"transactions":506,"margin":56.900001525878906},{"product":"ORANGE PUSH POP 4 PK PRE ROLL - VIRTUE","units":578,"revenue":15496.25,"cost":6725.0,"profit":8771.25,"transactions":496,"margin":56.599998474121094},{"product":"DIAMOND BAR EIGHTH - VIRTUE","units":314,"revenue":13704.375,"cost":6460.0,"profit":7244.375,"transactions":224,"margin":52.900001525878906},{"product":"DIAMOND DUST HALF OUNCE - VIRTUE","units":120,"revenue":12397.62451171875,"cost":5125.0,"profit":7272.6251220703125,"transactions":112,"margin":58.70000076293945},{"product":"FIGUEROA OG EIGHTH - VIRTUE","units":284,"revenue":11155.0,"cost":5350.0,"profit":5805.0,"transactions":178,"margin":52.0},{"product":"G13 HALF OUNCE - VIRTUE","units":120,"revenue":10242.5,"cost":4500.0,"profit":5742.5,"transactions":108,"margin":56.099998474121094}],"Elevation Midtown":[{"product":"DIAMOND DUST EIGHTH - VIRTUE","units":788,"revenue":36095.8740234375,"cost":16000.32470703125,"profit":20095.550537109375,"transactions":642,"margin":55.70000076293945},{"product":"ORANGE PUSH POP EIGHTH - VIRTUE","units":852,"revenue":36060.625,"cost":17390.0,"profit":18670.625,"transactions":434,"margin":51.79999923706055},{"product":"FIG BAR EIGHTH - VIRTUE","units":586,"revenue":24092.9248046875,"cost":12290.0,"profit":11802.9248046875,"transactions":426,"margin":49.0},{"product":"FIG BAR 4 PK PRE ROLL - VIRTUE","units":650,"revenue":16668.375244140625,"cost":7815.0,"profit":8853.375244140625,"transactions":568,"margin":53.099998474121094},{"product":"DIAMOND DUST 4 PK PRE ROLL - VIRTUE","units":606,"revenue":16426.25,"cost":6890.0,"profit":9536.25,"transactions":572,"margin":58.099998474121094},{"product":"ORANGE PUSH POP 4 PK PRE ROLL - VIRTUE","units":516,"revenue":13793.675537109375,"cost":6125.0,"profit":7668.6749267578125,"transactions":476,"margin":55.599998474121094},{"product":"ORANGE PUSH POP PRE ROLL - VIRTUE","units":854,"revenue":10089.5751953125,"cost":4618.75,"profit":5470.8251953125,"transactions":682,"margin":54.20000076293945},{"product":"DIAMOND BAR EIGHTH - VIRTUE","units":226,"revenue":10062.100219726562,"cost":4850.0,"profit":5212.1002197265625,"transactions":178,"margin":51.79999923706055},{"product":"FIG BAR PRE ROLL - VIRTUE","units":806,"revenue":9115.675048828125,"cost":4301.25,"profit":4814.425048828125,"transactions":660,"margin":52.79999923706055},{"product":"FIGUEROA OG EIGHTH - VIRTUE","units":178,"revenue":7385.574951171875,"cost":3740.0,"profit":3645.574951171875,"transactions":152,"margin":49.400001525878906},{"product":"PRIVATE RESERVE PRE ROLL - VIRTUE","units":436,"revenue":5712.5,"cost":2063.4750366210938,"profit":3649.0249633789062,"transactions":364,"margin":63.900001525878906},{"product":"PRIVATE RESERVE 4 PK PRE ROLL - VIRTUE","units":202,"revenue":5366.7498779296875,"cost":2525.0,"profit":2841.7498779296875,"transactions":196,"margin":53.0},{"product":"G13 EIGHTH - VIRTUE","units":120,"revenue":3975.0,"cost":1800.0,"profit":2175.0,"transactions":96,"margin":54.70000076293945},{"product":"DIAMOND BAR PRE ROLL - VIRTUE","units":366,"revenue":3797.6748657226562,"cost":1706.25,"profit":2091.425018310547,"transactions":332,"margin":55.099998474121094},{"product":"EMERALD GHOST COOKIES PRE ROLL - VIRTUE","units":320,"revenue":3662.5,"cost":1076.25,"profit":2586.25,"transactions":258,"margin":70.5999984741211}],"Elevation Boulevard":[{"product":"ORANGE PUSH POP EIGHTH - VIRTUE","units":1180,"revenue":46519.82421875,"cost":25050.0,"profit":21469.82421875,"transactions":650,"margin":46.20000076293945},{"product":"FIG BAR EIGHTH - VIRTUE","units":518,"revenue":18390.274658203125,"cost":11100.0,"profit":7290.2752685546875,"transactions":446,"margin":39.599998474121094},{"product":"DIAMOND DUST EIGHTH - VIRTUE","units":456,"revenue":17180.74951171875,"cost":9390.0,"profit":7790.7501220703125,"transactions":392,"margin":45.29999923706055},{"product":"FIG BAR 4 PK PRE ROLL - VIRTUE","units":644,"revenue":15511.624755859375,"cost":7717.5,"profit":7794.124755859375,"transactions":558,"margin":50.20000076293945},{"product":"FIG BAR PRE ROLL - VIRTUE","units":1364,"revenue":15266.500244140625,"cost":7507.5,"profit":7759.000244140625,"transactions":1126,"margin":50.79999923706055},{"product":"ORANGE PUSH POP PRE ROLL - VIRTUE","units":1036,"revenue":12199.974365234375,"cost":5758.75,"profit":6441.2249755859375,"transactions":814,"margin":52.79999923706055},{"product":"ORANGE PUSH POP 4 PK PRE ROLL - VIRTUE","units":482,"revenue":12031.37451171875,"cost":5840.0,"profit":6191.3751220703125,"transactions":422,"margin":51.5},{"product":"DIAMOND DUST 4 PK PRE ROLL - VIRTUE","units":420,"revenue":10380.625,"cost":4860.0,"profit":5520.625,"transactions":358,"margin":53.20000076293945},{"product":"FIGUEROA OG EIGHTH - VIRTUE","units":256,"revenue":8926.25,"cost":4620.0,"profit":4306.25,"transactions":232,"margin":48.20000076293945},{"product":"DIAMOND DUST PRE ROLL - VIRTUE","units":670,"revenue":7770.374755859375,"cost":3848.75,"profit":3921.6250610351562,"transactions":580,"margin":50.5},{"product":"DIAMOND BAR EIGHTH - VIRTUE","units":182,"revenue":7276.6998291015625,"cost":4020.0,"profit":3256.7001342773438,"transactions":166,"margin":44.79999923706055},{"product":"PRIVATE RESERVE PRE ROLL - VIRTUE","units":578,"revenue":7023.75,"cost":3581.25,"profit":3442.5,"transactions":438,"margin":49.0},{"product":"J1 PRE ROLL - VIRTUE","units":448,"revenue":5365.0,"cost":2613.75,"profit":2751.25,"transactions":380,"margin":51.29999923706055},{"product":"PRIVATE RESERVE 4 PK PRE ROLL - VIRTUE","units":206,"revenue":4834.599914550781,"cost":2575.0,"profit":2259.600067138672,"transactions":192,"margin":46.70000076293945},{"product":"DIAMOND BAR 4 PK PRE ROLL - VIRTUE","units":160,"revenue":4077.2500610351562,"cost":2000.0,"profit":2077.2500610351562,"transactions":154,"margin":50.900001525878906}],"Elevation Parkway":[{"product":"ORANGE PUSH POP EIGHTH - VIRTUE","units":828,"revenue":33490.05126953125,"cost":16770.0,"profit":16720.050048828125,"transactions":558,"margin":49.900001525878906},{"product":"FIG BAR 4 PK PRE ROLL - VIRTUE","units":1094,"revenue":30403.173828125,"cost":12915.12451171875,"profit":17488.050537109375,"transactions":1022,"margin":57.5},{"product":"DIAMOND DUST 4 PK PRE ROLL - VIRTUE","units":742,"revenue":20733.00048828125,"cost":8550.0,"profit":12183.00048828125,"transactions":664,"margin":58.79999923706055},{"product":"FIG BAR EIGHTH - VIRTUE","units":504,"revenue":19624.49951171875,"cost":10660.0,"profit":8964.500122070312,"transactions":358,"margin":45.70000076293945},{"product":"ORANGE PUSH POP 4 PK PRE ROLL - VIRTUE","units":684,"revenue":19416.25,"cost":8302.5,"profit":11113.75,"transactions":636,"margin":57.20000076293945},{"product":"DIAMOND DUST EIGHTH - VIRTUE","units":400,"revenue":15889.749755859375,"cost":7920.0,"profit":7969.749755859375,"transactions":338,"margin":50.20000076293945},{"product":"FIG BAR PRE ROLL - VIRTUE","units":982,"revenue":12495.0,"cost":5705.0,"profit":6790.0,"transactions":714,"margin":54.29999923706055},{"product":"PRIVATE RESERVE 4 PK PRE ROLL - VIRTUE","units":382,"revenue":10375.050048828125,"cost":4775.0,"profit":5600.050048828125,"transactions":364,"margin":54.0},{"product":"PRIVATE RESERVE PRE ROLL - VIRTUE","units":612,"revenue":8090.999755859375,"cost":3497.5,"profit":4593.500061035156,"transactions":492,"margin":56.79999923706055},{"product":"J1 4 PK PRE ROLL - VIRTUE","units":280,"revenue":7749.625244140625,"cost":3500.0,"profit":4249.624938964844,"transactions":244,"margin":54.79999923706055},{"product":"ORANGE PUSH POP PRE ROLL - VIRTUE","units":576,"revenue":7033.499755859375,"cost":3085.0,"profit":3948.5000610351562,"transactions":460,"margin":56.099998474121094},{"product":"DIAMOND DUST PRE ROLL - VIRTUE","units":406,"revenue":4983.999938964844,"cost":2201.25,"profit":2782.7499389648438,"transactions":324,"margin":55.79999923706055},{"product":"DIAMOND BAR 4 PK PRE ROLL - VIRTUE","units":142,"revenue":3957.9998779296875,"cost":1775.0,"profit":2183.000030517578,"transactions":136,"margin":55.20000076293945},{"product":"FIGUEROA OG EIGHTH - VIRTUE","units":100,"revenue":3582.5,"cost":1750.0,"profit":1832.5,"transactions":92,"margin":51.20000076293945},{"product":"EMERALD GHOST COOKIES PRE ROLL - VIRTUE","units":270,"revenue":3418.175048828125,"cost":888.75,"profit":2529.425048828125,"transactions":210,"margin":74.0}]},"store_summary":[{"store_clean":"Elevation Oasis","units":12648,"revenue":562844.5703125,"cost":258498.76953125,"profit":304345.78125,"discounts":101829.19921875,"margin":54.099998474121094,"discount_rate":15.300000190734863},{"store_clean":"Elevation Springs","units":17138,"revenue":413057.265625,"cost":204793.75,"profit":208263.515625,"discounts":110326.474609375,"margin":50.400001525878906,"discount_rate":21.100000381469727},{"store_clean":"Elevation Mesa","units":13508,"revenue":316774.58984375,"cost":161043.75,"profit":155730.849609375,"discounts":93796.650390625,"margin":49.20000076293945,"discount_rate":22.799999237060547},{"store_clean":"Elevation Midtown","units":8722,"revenue":225367.1484375,"cost":102750.673828125,"profit":122616.474609375,"discounts":44234.1015625,"margin":54.400001525878906,"discount_rate":16.399999618530273},{"store_clean":"Elevation Parkway","units":9194,"revenue":223567.6953125,"cost":102050.126953125,"profit":121517.578125,"discounts":37588.5498046875,"margin":54.400001525878906,"discount_rate":14.399999618530273},{"store_clean":"Elevation Boulevard","units":10486,"revenue":223211.30859375,"cost":115185.0,"profit":108026.298828125,"discounts":72288.701171875,"margin":48.400001525878906,"discount_rate":24.5}],"recommendations":[{"severity":"red","title":"INFUSED PRE ROLL: BELOW CATEGORY AVERAGE","detail":"Margin (20.0%) is 27 pts below INFUSED PRE ROLL average. Ranked #23 of 25. Strong case for cost negotiation.","action":"Request 14% cost reduction or evaluate alternative INFUSED PRE ROLL brands."},{"severity":"info","title":"VOLUME LEVERAGE","detail":"$785,929 revenue provides negotiating leverage.","action":"Use volume as leverage in next vendor meeting."}],"comparison":null}