{"brand":"HAUS","date_range":"2024-01-01 00:00:00 to 2026-01-31 00:00:00","period_label":"All Time","summary":{"total_units":321340,"total_revenue":5527828.75,"total_cost":2659088.4375,"total_discounts":6399594.375,"total_profit":2868740.625,"overall_margin":51.900001525878906,"fp_margin":73.30000305175781,"disc_margin":50.0,"pct_full_price":8.300000190734863,"avg_discount_rate":53.70000076293945,"fp_revenue":457042.5,"disc_revenue":5070786.875,"brand":"HAUS","date_range":"2024-01-01 00:00:00 to 2026-01-31 00:00:00","primary_category":"FLOWER","store_coverage":"7/7","stores_present":["Elevation Springs","Elevation Mesa","Elevation Oasis","Elevation Downtown","Elevation Midtown","Elevation Boulevard","Elevation Parkway"],"stores_missing":[],"velocity_rank":2,"velocity_total":64},"distribution":[{"store":"Elevation Springs","carries_brand":true,"sku_count":88,"revenue":1097348.203125,"units":65364,"store_total_revenue":51138750.0,"brand_share_pct":2.0999999046325684},{"store":"Elevation Mesa","carries_brand":true,"sku_count":102,"revenue":1415056.25,"units":84432,"store_total_revenue":47532240.0,"brand_share_pct":3.0},{"store":"Elevation Oasis","carries_brand":true,"sku_count":100,"revenue":1303387.109375,"units":70304,"store_total_revenue":56050145.0,"brand_share_pct":2.299999952316284},{"store":"Elevation Downtown","carries_brand":true,"sku_count":8,"revenue":18013.7255859375,"units":1000,"store_total_revenue":1945237.1875,"brand_share_pct":0.8999999761581421},{"store":"Elevation Midtown","carries_brand":true,"sku_count":70,"revenue":684796.40625,"units":39846,"store_total_revenue":30850185.0,"brand_share_pct":2.200000047683716},{"store":"Elevation Boulevard","carries_brand":true,"sku_count":76,"revenue":900191.171875,"units":54104,"store_total_revenue":28757865.0,"brand_share_pct":3.0999999046325684},{"store":"Elevation Parkway","carries_brand":true,"sku_count":34,"revenue":109036.26953125,"units":6290,"store_total_revenue":21987007.5,"brand_share_pct":0.5}],"share_of_category":[{"category":"FLOWER","brand_revenue":5515498.75,"category_revenue":77755450.0,"revenue_share_pct":7.099999904632568,"brand_units":320586,"category_units":2708446,"units_share_pct":11.8},{"category":0.0,"brand_revenue":0.0,"category_revenue":0.0,"revenue_share_pct":0.0,"brand_units":0,"category_units":0,"units_share_pct":0.0}],"share_of_category_trend":{"FLOWER":[{"period":"2024-01","brand_revenue":64175.4736328125,"category_revenue":3552357.8125,"share_pct":1.7999999523162842},{"period":"2024-02","brand_revenue":68051.875,"category_revenue":3535245.625,"share_pct":1.899999976158142},{"period":"2024-03","brand_revenue":40902.35107421875,"category_revenue":3693805.625,"share_pct":1.100000023841858},{"period":"2024-04","brand_revenue":40726.32568359375,"category_revenue":3541899.6875,"share_pct":1.100000023841858},{"period":"2024-05","brand_revenue":613692.109375,"category_revenue":3537479.375,"share_pct":17.299999237060547},{"period":"2024-06","brand_revenue":579342.3828125,"category_revenue":3403269.6875,"share_pct":17.0},{"period":"2024-07","brand_revenue":169772.59765625,"category_revenue":3457705.9375,"share_pct":4.900000095367432},{"period":"2024-08","brand_revenue":329015.9375,"category_revenue":3453819.375,"share_pct":9.5},{"period":"2024-09","brand_revenue":362792.5390625,"category_revenue":3316441.5625,"share_pct":10.899999618530273},{"period":"2024-10","brand_revenue":352312.5390625,"category_revenue":3585775.0,"share_pct":9.800000190734863},{"period":"2024-11","brand_revenue":203944.609375,"category_revenue":3454855.3125,"share_pct":5.900000095367432},{"period":"2024-12","brand_revenue":366078.9453125,"category_revenue":3226567.8125,"share_pct":11.300000190734863},{"period":"2025-01","brand_revenue":314041.62109375,"category_revenue":2984938.125,"share_pct":10.5},{"period":"2025-02","brand_revenue":282736.58203125,"category_revenue":2816220.0,"share_pct":10.0},{"period":"2025-03","brand_revenue":301769.78515625,"category_revenue":2911379.6875,"share_pct":10.399999618530273},{"period":"2025-04","brand_revenue":223943.2421875,"category_revenue":3118895.3125,"share_pct":7.199999809265137},{"period":"2025-05","brand_revenue":231041.85546875,"category_revenue":2887345.0,"share_pct":8.0},{"period":"2025-06","brand_revenue":121930.52734375,"category_revenue":2773698.125,"share_pct":4.400000095367432},{"period":"2025-07","brand_revenue":117584.951171875,"category_revenue":2782763.125,"share_pct":4.199999809265137},{"period":"2025-08","brand_revenue":62729.6240234375,"category_revenue":2733122.8125,"share_pct":2.299999952316284},{"period":"2025-09","brand_revenue":98701.904296875,"category_revenue":2603501.5625,"share_pct":3.799999952316284},{"period":"2025-10","brand_revenue":187135.05859375,"category_revenue":2663705.0,"share_pct":7.0},{"period":"2025-11","brand_revenue":220637.34375,"category_revenue":2700189.0625,"share_pct":8.199999809265137},{"period":"2025-12","brand_revenue":98925.1953125,"category_revenue":2515209.53125,"share_pct":3.9000000953674316},{"period":"2026-01","brand_revenue":63513.7744140625,"category_revenue":2505261.875,"share_pct":2.5}]},"velocity_by_category":[{"category":"FLOWER","brand_units_per_day":420.72,"category_avg_units_per_day":55.54,"velocity_index":757.5,"brand_rev_per_unit":13.76,"category_rev_per_unit":22.97,"brands_in_category":64},{"category":0.0,"brand_units_per_day":0.0,"category_avg_units_per_day":0,"velocity_index":0,"brand_rev_per_unit":0.0,"category_rev_per_unit":0.0,"brands_in_category":0}],"store_gaps":[],"product_mix":{"top":[{"product":"RUNTZ EIGHTH - HAUS","units":19448,"revenue":329081.3671875,"cost":160932.197265625,"profit":168149.1796875,"stores":5,"transactions":5690,"margin":51.099998474121094},{"product":"ORANGE RAINBOW EIGHTH - HAUS","units":19546,"revenue":318412.0703125,"cost":161743.14453125,"profit":156668.92578125,"stores":6,"transactions":4650,"margin":49.20000076293945},{"product":"GELATO 33 EIGHTH - HAUS","units":17666,"revenue":293059.47265625,"cost":146186.15234375,"profit":146873.330078125,"stores":5,"transactions":5130,"margin":50.099998474121094},{"product":"APPLES & BANANAS EIGHTH - HAUS","units":17634,"revenue":285139.62890625,"cost":145921.34765625,"profit":139218.28125,"stores":7,"transactions":4336,"margin":48.79999923706055},{"product":"GRAND DADS OG EIGHTH - HAUS","units":17076,"revenue":279856.69921875,"cost":141303.896484375,"profit":138552.802734375,"stores":6,"transactions":4776,"margin":49.5},{"product":"WEDDING CRASHER EIGHTH - HAUS","units":14012,"revenue":250044.62890625,"cost":115949.296875,"profit":134095.33203125,"stores":5,"transactions":4124,"margin":53.599998474121094},{"product":"BLIZZ BERRY EIGHTH - HAUS","units":13726,"revenue":214360.9765625,"cost":113582.646484375,"profit":100778.330078125,"stores":6,"transactions":3498,"margin":47.0},{"product":"PK X OG EIGHTH - HAUS","units":12870,"revenue":206128.80859375,"cost":106499.248046875,"profit":99629.55078125,"stores":5,"transactions":3386,"margin":48.29999923706055},{"product":"HEADLOCK EIGHTH - HAUS","units":12016,"revenue":201940.3515625,"cost":99432.40234375,"profit":102507.94921875,"stores":6,"transactions":3134,"margin":50.79999923706055},{"product":"WIFI X SUNDAE DRIVER EIGHTH - HAUS","units":10516,"revenue":192641.796875,"cost":87019.90234375,"profit":105621.904296875,"stores":6,"transactions":3844,"margin":54.79999923706055},{"product":"WHITE TRUFFLE EIGHTH - HAUS","units":10600,"revenue":185481.0546875,"cost":87715.0,"profit":97766.0546875,"stores":5,"transactions":3420,"margin":52.70000076293945},{"product":"CHERRY MIMOSA EIGHTH - HAUS","units":10614,"revenue":179261.09375,"cost":87830.849609375,"profit":91430.25390625,"stores":6,"transactions":2612,"margin":51.0},{"product":"GOVERNMINT OASIS EIGHTH - HAUS","units":9274,"revenue":154409.248046875,"cost":76742.3486328125,"profit":77666.904296875,"stores":6,"transactions":2454,"margin":50.29999923706055},{"product":"BACIO EIGHTH - HAUS","units":9670,"revenue":150983.095703125,"cost":80019.248046875,"profit":70963.8525390625,"stores":6,"transactions":2714,"margin":47.0},{"product":"RESERVE OG EIGHTH - HAUS","units":9030,"revenue":142458.5546875,"cost":74723.2470703125,"profit":67735.302734375,"stores":6,"transactions":2328,"margin":47.5},{"product":"SIDE PEACE EIGHTH - HAUS","units":7998,"revenue":138500.625,"cost":66183.447265625,"profit":72317.177734375,"stores":7,"transactions":2658,"margin":52.20000076293945},{"product":"WHITE PAPAYA EIGHTH - HAUS","units":7998,"revenue":137962.978515625,"cost":66183.447265625,"profit":71779.5263671875,"stores":6,"transactions":2438,"margin":52.0},{"product":"BLUE GELATTI EIGHTH - HAUS","units":7792,"revenue":134360.99609375,"cost":64478.798828125,"profit":69882.2021484375,"stores":6,"transactions":2120,"margin":52.0},{"product":"93 TURBO EIGHTH - HAUS","units":6870,"revenue":121851.474609375,"cost":56849.248046875,"profit":65002.2265625,"stores":5,"transactions":2816,"margin":53.29999923706055},{"product":"GUSH MINTS EIGHTH - HAUS","units":7514,"revenue":117040.224609375,"cost":62178.349609375,"profit":54861.875,"stores":5,"transactions":1748,"margin":46.900001525878906}],"bottom":[{"product":"ACAI GELATO EIGHTH - HAUS","units":812,"revenue":13178.699951171875,"cost":6719.2999267578125,"profit":6459.4000244140625,"stores":2,"transactions":208,"margin":49.0},{"product":"93 TURBO OUNCE - HAUS","units":78,"revenue":11861.650390625,"cost":645.4499816894531,"profit":11216.199951171875,"stores":1,"transactions":70,"margin":94.5999984741211},{"product":"WEDDING STOMPER EIGHTH - HAUS","units":492,"revenue":11648.824462890625,"cost":4071.300048828125,"profit":7577.5250244140625,"stores":2,"transactions":420,"margin":65.0},{"product":"GRAND DADS OG HALF OUNCE - HAUS","units":100,"revenue":8247.5,"cost":827.5,"profit":7420.0,"stores":1,"transactions":66,"margin":90.0},{"product":"93 TURBO HALF OUNCE - HAUS","units":100,"revenue":8213.75,"cost":827.5,"profit":7386.25,"stores":1,"transactions":72,"margin":89.9000015258789},{"product":"GRAND DADS OG OUNCE - HAUS","units":64,"revenue":7240.0,"cost":529.5999908447266,"profit":6710.3997802734375,"stores":1,"transactions":56,"margin":92.69999694824219},{"product":"WEDDING CAKE EIGHTH - HAUS","units":224,"revenue":6213.5498046875,"cost":1853.6000061035156,"profit":4359.950256347656,"stores":2,"transactions":172,"margin":70.19999694824219},{"product":"GARLIC COOKIES EIGHTH - HAUS","units":194,"revenue":5551.875,"cost":1605.3500366210938,"profit":3946.5252685546875,"stores":1,"transactions":172,"margin":71.0999984741211},{"product":"MAC EIGHTH - HAUS","units":54,"revenue":1526.25,"cost":446.8499755859375,"profit":1079.4000244140625,"stores":1,"transactions":28,"margin":70.69999694824219},{"product":"ORANGE BELTZ EIGHTH - HAUS","units":6,"revenue":146.25,"cost":49.650001525878906,"profit":96.5999984741211,"stores":1,"transactions":6,"margin":66.0999984741211}],"expansion":[{"product":"RUNTZ EIGHTH - HAUS","current_stores":5,"total_stores":7,"missing_stores":["Elevation Downtown","Elevation Parkway"],"revenue":329081.3671875},{"product":"ORANGE RAINBOW EIGHTH - HAUS","current_stores":6,"total_stores":7,"missing_stores":["Elevation Downtown"],"revenue":318412.0703125},{"product":"GELATO 33 EIGHTH - HAUS","current_stores":5,"total_stores":7,"missing_stores":["Elevation Downtown","Elevation Parkway"],"revenue":293059.47265625},{"product":"GRAND DADS OG EIGHTH - HAUS","current_stores":6,"total_stores":7,"missing_stores":["Elevation Downtown"],"revenue":279856.69921875},{"product":"WEDDING CRASHER EIGHTH - HAUS","current_stores":5,"total_stores":7,"missing_stores":["Elevation Downtown","Elevation Parkway"],"revenue":250044.62890625},{"product":"BLIZZ BERRY EIGHTH - HAUS","current_stores":6,"total_stores":7,"missing_stores":["Elevation Downtown"],"revenue":214360.9765625},{"product":"PK X OG EIGHTH - HAUS","current_stores":5,"total_stores":7,"missing_stores":["Elevation Downtown","Elevation Parkway"],"revenue":206128.80859375},{"product":"HEADLOCK EIGHTH - HAUS","current_stores":6,"total_stores":7,"missing_stores":["Elevation Downtown"],"revenue":201940.3515625},{"product":"WIFI X SUNDAE DRIVER EIGHTH - HAUS","current_stores":6,"total_stores":7,"missing_stores":["Elevation Downtown"],"revenue":192641.796875},{"product":"WHITE TRUFFLE EIGHTH - HAUS","current_stores":5,"total_stores":7,"missing_stores":["Elevation Downtown","Elevation Parkway"],"revenue":185481.0546875}]},"pricing_consistency":[{"product":"HEADLOCK EIGHTH - HAUS","min_price":31.227050310390553,"max_price":48.09459376979518,"avg_price":35.87558353090545,"std_dev":2.476082153500316,"store_count":12,"price_range":16.86754345940463,"range_pct":47.0},{"product":"BISCOTTI MINTZ EIGHTH - HAUS","min_price":30.747881355932204,"max_price":47.5331785968531,"avg_price":40.07802347590983,"std_dev":2.8215258525075093,"store_count":10,"price_range":16.78529724092089,"range_pct":41.9},{"product":"FRUITY P EIGHTH - HAUS","min_price":37.386056360495516,"max_price":59.08680555555556,"avg_price":52.20006996226354,"std_dev":4.000933187395817,"store_count":8,"price_range":21.700749195060038,"range_pct":41.6},{"product":"WEDDING CAKE EIGHTH - HAUS","min_price":48.26850395698052,"max_price":71.33928571428571,"avg_price":59.80389483563311,"std_dev":6.525402491146158,"store_count":4,"price_range":23.0707817573052,"range_pct":38.6},{"product":"BLUE DASHI EIGHTH - HAUS","min_price":29.97500022746021,"max_price":42.78961611465669,"avg_price":36.528213321227014,"std_dev":2.564915905760163,"store_count":6,"price_range":12.814615887196478,"range_pct":35.1},{"product":"WHITE PAPAYA EIGHTH - HAUS","min_price":29.65296699755789,"max_price":41.312161007442995,"avg_price":34.78008779441609,"std_dev":1.5879652308497034,"store_count":12,"price_range":11.659194009885105,"range_pct":33.5},{"product":"SIDE PEACE EIGHTH - HAUS","min_price":32.08898695459906,"max_price":42.20508959469379,"avg_price":35.794468153563635,"std_dev":1.396420066491478,"store_count":14,"price_range":10.116102640094734,"range_pct":28.3},{"product":"WHITE TRUFFLE EIGHTH - HAUS","min_price":31.63253120754076,"max_price":40.81861223493304,"avg_price":35.20418792268821,"std_dev":1.42054452958273,"store_count":10,"price_range":9.186081027392277,"range_pct":26.1},{"product":"GAS PLANET EIGHTH - HAUS","min_price":29.92304484049479,"max_price":38.96171808242798,"avg_price":35.173575685481836,"std_dev":1.8773742716179895,"store_count":6,"price_range":9.03867324193319,"range_pct":25.7},{"product":"WIFI X SUNDAE DRIVER EIGHTH - HAUS","min_price":32.92264509606622,"max_price":42.70833333333333,"avg_price":38.22134970106719,"std_dev":1.414022525055999,"store_count":12,"price_range":9.78568823726711,"range_pct":25.6},{"product":"SOUR DIESEL X OG KUSH EIGHTH - HAUS","min_price":30.29930404469937,"max_price":38.691345885559755,"avg_price":33.92606220436944,"std_dev":1.3587533963813412,"store_count":10,"price_range":8.392041840860385,"range_pct":24.7},{"product":"LA KUSH CAKE EIGHTH - HAUS","min_price":29.56774459601684,"max_price":37.12227561257102,"avg_price":32.88136968839816,"std_dev":1.2524745598896896,"store_count":8,"price_range":7.55453101655418,"range_pct":23.0},{"product":"SEX CANDY EIGHTH - HAUS","min_price":31.95401478962726,"max_price":40.06745383522727,"avg_price":35.65523805406047,"std_dev":1.3492184900252335,"store_count":8,"price_range":8.11343904560001,"range_pct":22.8},{"product":"APPLES & BANANAS EIGHTH - HAUS","min_price":31.635649551522338,"max_price":39.05236138237847,"avg_price":33.69643595276863,"std_dev":1.128256513071345,"store_count":14,"price_range":7.416711830856135,"range_pct":22.0},{"product":"PINEAPPLE BREEZE EIGHTH - HAUS","min_price":31.948808942522323,"max_price":39.6834519330193,"avg_price":35.389894005508935,"std_dev":1.5046208431075767,"store_count":8,"price_range":7.7346429904969805,"range_pct":21.9},{"product":"SUPER LEMON HAZE EIGHTH - HAUS","min_price":32.688937154218536,"max_price":40.395724647923515,"avg_price":36.36939596441831,"std_dev":1.5460071329836547,"store_count":6,"price_range":7.706787493704983,"range_pct":21.2},{"product":"WEDDING CRASHER EIGHTH - HAUS","min_price":31.89329075168919,"max_price":39.412661345108695,"avg_price":35.92172103073182,"std_dev":1.0949070680204367,"store_count":10,"price_range":7.519370593419508,"range_pct":20.9},{"product":"GOVERNMINT OASIS EIGHTH - HAUS","min_price":30.588048042271673,"max_price":37.62179396997779,"avg_price":33.62494200099264,"std_dev":1.1844815828827657,"store_count":12,"price_range":7.03374592770611,"range_pct":20.9},{"product":"CHERRY MIMOSA EIGHTH - HAUS","min_price":31.22153905767151,"max_price":38.36721701700179,"avg_price":34.83227123077534,"std_dev":1.1174114335202212,"store_count":12,"price_range":7.145677959330281,"range_pct":20.5},{"product":"WEDDING STOMPER EIGHTH - HAUS","min_price":41.25,"max_price":49.978630598201306,"avg_price":45.61431529910065,"std_dev":2.468829554584213,"store_count":4,"price_range":8.728630598201308,"range_pct":19.1},{"product":"RESERVE OG EIGHTH - HAUS","min_price":30.163023372214486,"max_price":36.255211068802524,"avg_price":32.01507267919918,"std_dev":0.8735471292131197,"store_count":12,"price_range":6.092187696588036,"range_pct":19.0},{"product":"BLUE GELATTI EIGHTH - HAUS","min_price":32.27763174317249,"max_price":38.2314974182444,"avg_price":34.5227579266573,"std_dev":0.8274189065035701,"store_count":12,"price_range":5.95386567507191,"range_pct":17.2},{"product":"GLUEBALL EIGHTH - HAUS","min_price":29.371155958909256,"max_price":33.66292546304424,"avg_price":31.8177733012448,"std_dev":0.6330278829773768,"store_count":10,"price_range":4.291769504134986,"range_pct":13.5},{"product":"BLUE DREAM EIGHTH - HAUS","min_price":35.08453369140625,"max_price":39.893844376749065,"avg_price":37.48918903407766,"std_dev":1.3602784793755323,"store_count":4,"price_range":4.809310685342818,"range_pct":12.8},{"product":"BACIO EIGHTH - HAUS","min_price":30.401676820394,"max_price":34.434615818001106,"avg_price":31.712580252069156,"std_dev":0.5854988863918286,"store_count":12,"price_range":4.032938997607105,"range_pct":12.7},{"product":"GELATO 33 EIGHTH - HAUS","min_price":30.519471237779328,"max_price":34.355765464774024,"avg_price":32.731315517980455,"std_dev":0.6245671711456986,"store_count":10,"price_range":3.836294226994692,"range_pct":11.7},{"product":"93 TURBO EIGHTH - HAUS","min_price":33.548952653104024,"max_price":37.66388133338628,"avg_price":35.575790031820844,"std_dev":0.7224359827392585,"store_count":10,"price_range":4.114928680282253,"range_pct":11.6},{"product":"G-KANDY EIGHTH - HAUS","min_price":33.459599933353076,"max_price":37.14166814630681,"avg_price":35.300634039829944,"std_dev":1.0414461608684082,"store_count":4,"price_range":3.6820682129537374,"range_pct":10.4},{"product":"ORANGE RAINBOW EIGHTH - HAUS","min_price":30.596762012255653,"max_price":33.80311824216535,"avg_price":32.45052536452957,"std_dev":0.4639610397572394,"store_count":12,"price_range":3.2063562299096926,"range_pct":9.9},{"product":"SIDE PIECE EIGHTH - HAUS","min_price":28.1875,"max_price":31.104903875612745,"avg_price":29.970925125421264,"std_dev":0.6253506906156754,"store_count":6,"price_range":2.917403875612745,"range_pct":9.7}],"promotional_effectiveness":{"lift":{"fp_units_per_day":22.86,"disc_units_per_day":403.4,"lift_pct":1664.1,"fp_avg_revenue_per_unit":61.974999999999994,"disc_avg_revenue_per_unit":33.075},"by_deal":[{"deal_name":"$99 Ounce","uses":13682,"revenue":2814403.5715326667,"discounts":3825285.95757246,"units":181910.0,"cost":1505305.2291166782,"margin":46.5,"discount_depth":115.2},{"deal_name":"1/2 Ounce H+G for $60","uses":6614,"revenue":805196.7124795914,"discounts":792065.7875061035,"units":42972.0,"cost":355593.2943177223,"margin":55.8,"discount_depth":99.2},{"deal_name":"Lit4Less - 1/4 for $40","uses":2105,"revenue":150042.07502484322,"discounts":87986.04998707771,"units":6061.0,"cost":50154.774153232574,"margin":66.6,"discount_depth":74.0},{"deal_name":"$200 - 2.5 oz","uses":1643,"revenue":583256.6624951363,"discounts":1194852.7124881744,"units":46751.0,"cost":386864.51362133026,"margin":33.7,"discount_depth":134.4},{"deal_name":"Stock & Save - 1/4 for $40","uses":808,"revenue":66822.77499675751,"discounts":33689.72500085831,"units":2680.0,"cost":22176.99963569641,"margin":66.8,"discount_depth":67.0},{"deal_name":"Industry - 30% Off","uses":633,"revenue":36125.599994659424,"discounts":15605.650005340576,"units":1442.0,"cost":11932.549803256989,"margin":67.0,"discount_depth":60.4},{"deal_name":"60% Off Internal - G2B","uses":389,"revenue":25515.14999985695,"discounts":38372.350001335144,"units":1401.0,"cost":11593.274837732315,"margin":54.6,"discount_depth":120.2},{"deal_name":"HAUS OUNCE - $130 (PRE-PACKED 14G ONLY)","uses":343,"revenue":123405.45000076294,"discounts":37882.04999923706,"units":1518.0,"cost":12561.449790000916,"margin":89.8,"discount_depth":47.0},{"deal_name":"35% Off G+G / Haus / Pistola","uses":334,"revenue":28326.599888801575,"discounts":15204.649984836578,"units":1096.0,"cost":9069.399859905243,"margin":68.0,"discount_depth":69.8},{"deal_name":"40% Off Elevation House Brands","uses":228,"revenue":15750.0,"discounts":10500.0,"units":658.0,"cost":5444.949910640717,"margin":65.4,"discount_depth":80.0},{"deal_name":"Spark the Summer Sale","uses":226,"revenue":14868.35000038147,"discounts":9981.64999961853,"units":648.0,"cost":5362.199909687042,"margin":63.9,"discount_depth":80.4},{"deal_name":"4/20! 60% Off!!!","uses":162,"revenue":9870.0,"discounts":14805.0,"units":586.0,"cost":4849.149923324585,"margin":50.9,"discount_depth":120.0},{"deal_name":"Senior - 10% Off","uses":161,"revenue":16122.287502288818,"discounts":2121.4624977111816,"units":419.0,"cost":3467.2249507904053,"margin":78.5,"discount_depth":23.2},{"deal_name":"Veterans - 10% Off","uses":140,"revenue":11452.5,"discounts":1272.5,"units":330.0,"cost":2730.7499527931213,"margin":76.2,"discount_depth":20.0},{"deal_name":"30% Off Special","uses":118,"revenue":6176.725001335144,"discounts":2673.2750010490417,"units":236.0,"cost":1952.8999662399292,"margin":68.4,"discount_depth":60.4},{"deal_name":"50% Off Elevation House Brands","uses":107,"revenue":5731.25,"discounts":5731.25,"units":262.0,"cost":2168.049964904785,"margin":62.2,"discount_depth":100.0},{"deal_name":"Industry 30% Off","uses":100,"revenue":8825.0,"discounts":3750.0,"units":232.0,"cost":1919.7999691963196,"margin":78.2,"discount_depth":59.6},{"deal_name":"Senior / Veterans - 20% Off","uses":93,"revenue":10488.92499923706,"discounts":2704.8250007629395,"units":299.0,"cost":2474.2249584198,"margin":76.4,"discount_depth":41.0},{"deal_name":"25-30% Off","uses":71,"revenue":4462.5,"discounts":1912.5,"units":170.0,"cost":1406.7499780654907,"margin":68.5,"discount_depth":60.0},{"deal_name":"G+G / Pistola 1/4 for $50","uses":68,"revenue":8837.5,"discounts":3368.75,"units":282.0,"cost":2333.549964427948,"margin":73.6,"discount_depth":55.2}]},"growth_opportunities":[{"type":"sku_expansion","title":"Add '93 TURBO EIGHTH - HAUS' to 2 more store(s)","detail":"Carried in 5 stores. Missing from: Elevation Downtown, Elevation Parkway","priority":"medium"},{"type":"sku_expansion","title":"Add 'ACAI GELATO EIGHTH - HAUS' to 5 more store(s)","detail":"Carried in 2 stores. Missing from: Elevation Springs, Elevation Oasis, Elevation Downtown, Elevation Midtown, Elevation Parkway","priority":"medium"},{"type":"sku_expansion","title":"Add 'BACIO EIGHTH - HAUS' to 1 more store(s)","detail":"Carried in 6 stores. Missing from: Elevation Downtown","priority":"medium"},{"type":"sku_expansion","title":"Add 'BISCOTTI MINTZ EIGHTH - HAUS' to 2 more store(s)","detail":"Carried in 5 stores. Missing from: Elevation Downtown, Elevation Parkway","priority":"medium"},{"type":"sku_expansion","title":"Add 'BLIZZ BERRY EIGHTH - HAUS' to 1 more store(s)","detail":"Carried in 6 stores. Missing from: Elevation Downtown","priority":"medium"},{"type":"velocity","title":"Improve velocity in nan","detail":"Velocity index 0 (below category average). 0.0 units/day vs 0.0 avg.","priority":"medium"}],"trend":[{"period":"2024-01","revenue":64175.4736328125,"cost":17559.549560546875,"margin":72.6,"units":2122,"transactions":1504,"profit":46615.927734375,"revenue_change_pct":null,"units_change_pct":null,"margin_change_pts":null},{"period":"2024-02","revenue":68051.875,"cost":21018.49853515625,"margin":69.1,"units":2540,"transactions":1692,"profit":47033.37890625,"revenue_change_pct":6.0,"units_change_pct":19.7,"margin_change_pts":-3.5},{"period":"2024-03","revenue":40902.35107421875,"cost":11353.299560546875,"margin":72.2,"units":1372,"transactions":1058,"profit":29549.05029296875,"revenue_change_pct":-39.9,"units_change_pct":-46.0,"margin_change_pts":3.1},{"period":"2024-04","revenue":40726.32568359375,"cost":14315.74951171875,"margin":64.8,"units":1730,"transactions":1208,"profit":26410.576171875,"revenue_change_pct":-0.4,"units_change_pct":26.1,"margin_change_pts":-7.4},{"period":"2024-05","revenue":613692.109375,"cost":284312.44140625,"margin":53.7,"units":34358,"transactions":9456,"profit":329379.6484375,"revenue_change_pct":1406.9,"units_change_pct":1886.0,"margin_change_pts":-11.2},{"period":"2024-06","revenue":579342.3828125,"cost":280257.6953125,"margin":51.6,"units":33868,"transactions":7792,"profit":299084.6875,"revenue_change_pct":-5.6,"units_change_pct":-1.4,"margin_change_pts":-2.0},{"period":"2024-07","revenue":169772.59765625,"cost":87483.30078125,"margin":48.5,"units":10572,"transactions":2166,"profit":82289.306640625,"revenue_change_pct":-70.7,"units_change_pct":-68.8,"margin_change_pts":-3.2},{"period":"2024-08","revenue":329015.9375,"cost":172186.19140625,"margin":47.7,"units":20808,"transactions":4192,"profit":156829.7265625,"revenue_change_pct":93.8,"units_change_pct":96.8,"margin_change_pts":-0.8},{"period":"2024-09","revenue":362792.5390625,"cost":190275.3515625,"margin":47.6,"units":22994,"transactions":4348,"profit":172517.1875,"revenue_change_pct":10.3,"units_change_pct":10.5,"margin_change_pts":-0.1},{"period":"2024-10","revenue":352393.828125,"cost":185575.15625,"margin":47.3,"units":22426,"transactions":4232,"profit":166818.671875,"revenue_change_pct":-2.9,"units_change_pct":-2.5,"margin_change_pts":-0.2},{"period":"2024-11","revenue":216193.41796875,"cost":114277.744140625,"margin":47.1,"units":13810,"transactions":2548,"profit":101915.673828125,"revenue_change_pct":-38.7,"units_change_pct":-38.4,"margin_change_pts":-0.2},{"period":"2024-12","revenue":366078.9453125,"cost":192509.58984375,"margin":47.4,"units":23264,"transactions":3990,"profit":173569.35546875,"revenue_change_pct":69.3,"units_change_pct":68.5,"margin_change_pts":0.3},{"period":"2025-01","revenue":314041.62109375,"cost":163861.54296875,"margin":47.8,"units":19802,"transactions":3560,"profit":150180.078125,"revenue_change_pct":-14.2,"units_change_pct":-14.9,"margin_change_pts":0.4},{"period":"2025-02","revenue":282736.58203125,"cost":150257.451171875,"margin":46.9,"units":18158,"transactions":2926,"profit":132479.130859375,"revenue_change_pct":-10.0,"units_change_pct":-8.3,"margin_change_pts":-1.0},{"period":"2025-03","revenue":301769.78515625,"cost":160584.6484375,"margin":46.8,"units":19406,"transactions":3192,"profit":141185.126953125,"revenue_change_pct":6.7,"units_change_pct":6.9,"margin_change_pts":-0.1},{"period":"2025-04","revenue":223943.2421875,"cost":119838.544921875,"margin":46.5,"units":14482,"transactions":2168,"profit":104104.70703125,"revenue_change_pct":-25.8,"units_change_pct":-25.4,"margin_change_pts":-0.3},{"period":"2025-05","revenue":231041.85546875,"cost":113632.294921875,"margin":50.8,"units":13732,"transactions":2730,"profit":117409.55078125,"revenue_change_pct":3.2,"units_change_pct":-5.2,"margin_change_pts":4.3},{"period":"2025-06","revenue":121930.52734375,"cost":24841.55029296875,"margin":79.6,"units":3002,"transactions":1994,"profit":97088.974609375,"revenue_change_pct":-47.2,"units_change_pct":-78.1,"margin_change_pts":28.8},{"period":"2025-07","revenue":117584.951171875,"cost":21994.94873046875,"margin":81.3,"units":2658,"transactions":1644,"profit":95590.0,"revenue_change_pct":-3.6,"units_change_pct":-11.5,"margin_change_pts":1.7},{"period":"2025-08","revenue":62729.6240234375,"cost":16169.349365234375,"margin":74.2,"units":1954,"transactions":1410,"profit":46560.2734375,"revenue_change_pct":-46.7,"units_change_pct":-26.5,"margin_change_pts":-7.1},{"period":"2025-09","revenue":98701.904296875,"cost":46621.34765625,"margin":52.8,"units":5634,"transactions":1630,"profit":52080.5517578125,"revenue_change_pct":57.3,"units_change_pct":188.3,"margin_change_pts":-21.5},{"period":"2025-10","revenue":187135.05859375,"cost":94368.095703125,"margin":49.6,"units":11404,"transactions":2402,"profit":92766.953125,"revenue_change_pct":89.6,"units_change_pct":102.4,"margin_change_pts":-3.2},{"period":"2025-11","revenue":220637.34375,"cost":107144.697265625,"margin":51.4,"units":12948,"transactions":3446,"profit":113492.65625,"revenue_change_pct":17.9,"units_change_pct":13.5,"margin_change_pts":1.9},{"period":"2025-12","revenue":98925.1953125,"cost":44320.8984375,"margin":55.2,"units":5356,"transactions":1470,"profit":54604.3017578125,"revenue_change_pct":-55.2,"units_change_pct":-58.6,"margin_change_pts":3.8},{"period":"2026-01","revenue":63513.7744140625,"cost":24328.49853515625,"margin":61.7,"units":2940,"transactions":1386,"profit":39185.27587890625,"revenue_change_pct":-35.8,"units_change_pct":-45.1,"margin_change_pts":6.5}]}