{"brand":"HAUS","date_range":"2024-01-01 00:00:00 to 2026-01-31 00:00:00","period_label":"All Time","summary":{"total_units":321340,"total_revenue":5527828.75,"total_cost":2659088.4375,"total_discounts":6399594.375,"total_profit":2868740.625,"overall_margin":51.900001525878906,"fp_margin":73.30000305175781,"disc_margin":50.0,"pct_full_price":8.300000190734863,"avg_discount_rate":53.70000076293945,"fp_revenue":457042.5,"disc_revenue":5070786.875,"unique_customers":34312,"brand":"HAUS","date_range":"2024-01-01 00:00:00 to 2026-01-31 00:00:00","months_count":50,"avg_monthly_cost":106363.54999999999,"cost_per_unit":16.55,"primary_category":"FLOWER","primary_cat_margin":54.099998474121094,"category_rank":4,"category_total":64,"margin_vs_category":-2.200000047683716,"velocity_rank":2},"category_breakdown":[{"category_clean":"FLOWER","units":320586,"revenue":5515499.375,"cost":2652849.0625,"profit":2862650.0,"discounts":6383650.0,"margin":51.900001525878906,"category_avg_margin":54.099998474121094,"vs_category":-2.2,"rank":4.0,"total_brands":64.0}],"trend":[{"period":"2024-01","revenue":64175.4736328125,"cost":17559.549560546875,"margin":72.6,"units":2122,"transactions":1504,"profit":46615.927734375,"revenue_change_pct":null,"units_change_pct":null,"margin_change_pts":null},{"period":"2024-02","revenue":68051.875,"cost":21018.49853515625,"margin":69.1,"units":2540,"transactions":1692,"profit":47033.37890625,"revenue_change_pct":6.0,"units_change_pct":19.7,"margin_change_pts":-3.5},{"period":"2024-03","revenue":40902.35107421875,"cost":11353.299560546875,"margin":72.2,"units":1372,"transactions":1058,"profit":29549.05029296875,"revenue_change_pct":-39.9,"units_change_pct":-46.0,"margin_change_pts":3.1},{"period":"2024-04","revenue":40726.32568359375,"cost":14315.74951171875,"margin":64.8,"units":1730,"transactions":1208,"profit":26410.576171875,"revenue_change_pct":-0.4,"units_change_pct":26.1,"margin_change_pts":-7.4},{"period":"2024-05","revenue":613692.109375,"cost":284312.44140625,"margin":53.7,"units":34358,"transactions":9456,"profit":329379.6484375,"revenue_change_pct":1406.9,"units_change_pct":1886.0,"margin_change_pts":-11.2},{"period":"2024-06","revenue":579342.3828125,"cost":280257.6953125,"margin":51.6,"units":33868,"transactions":7792,"profit":299084.6875,"revenue_change_pct":-5.6,"units_change_pct":-1.4,"margin_change_pts":-2.0},{"period":"2024-07","revenue":169772.59765625,"cost":87483.30078125,"margin":48.5,"units":10572,"transactions":2166,"profit":82289.306640625,"revenue_change_pct":-70.7,"units_change_pct":-68.8,"margin_change_pts":-3.2},{"period":"2024-08","revenue":329015.9375,"cost":172186.19140625,"margin":47.7,"units":20808,"transactions":4192,"profit":156829.7265625,"revenue_change_pct":93.8,"units_change_pct":96.8,"margin_change_pts":-0.8},{"period":"2024-09","revenue":362792.5390625,"cost":190275.3515625,"margin":47.6,"units":22994,"transactions":4348,"profit":172517.1875,"revenue_change_pct":10.3,"units_change_pct":10.5,"margin_change_pts":-0.1},{"period":"2024-10","revenue":352393.828125,"cost":185575.15625,"margin":47.3,"units":22426,"transactions":4232,"profit":166818.671875,"revenue_change_pct":-2.9,"units_change_pct":-2.5,"margin_change_pts":-0.2},{"period":"2024-11","revenue":216193.41796875,"cost":114277.744140625,"margin":47.1,"units":13810,"transactions":2548,"profit":101915.673828125,"revenue_change_pct":-38.7,"units_change_pct":-38.4,"margin_change_pts":-0.2},{"period":"2024-12","revenue":366078.9453125,"cost":192509.58984375,"margin":47.4,"units":23264,"transactions":3990,"profit":173569.35546875,"revenue_change_pct":69.3,"units_change_pct":68.5,"margin_change_pts":0.3},{"period":"2025-01","revenue":314041.62109375,"cost":163861.54296875,"margin":47.8,"units":19802,"transactions":3560,"profit":150180.078125,"revenue_change_pct":-14.2,"units_change_pct":-14.9,"margin_change_pts":0.4},{"period":"2025-02","revenue":282736.58203125,"cost":150257.451171875,"margin":46.9,"units":18158,"transactions":2926,"profit":132479.130859375,"revenue_change_pct":-10.0,"units_change_pct":-8.3,"margin_change_pts":-1.0},{"period":"2025-03","revenue":301769.78515625,"cost":160584.6484375,"margin":46.8,"units":19406,"transactions":3192,"profit":141185.126953125,"revenue_change_pct":6.7,"units_change_pct":6.9,"margin_change_pts":-0.1},{"period":"2025-04","revenue":223943.2421875,"cost":119838.544921875,"margin":46.5,"units":14482,"transactions":2168,"profit":104104.70703125,"revenue_change_pct":-25.8,"units_change_pct":-25.4,"margin_change_pts":-0.3},{"period":"2025-05","revenue":231041.85546875,"cost":113632.294921875,"margin":50.8,"units":13732,"transactions":2730,"profit":117409.55078125,"revenue_change_pct":3.2,"units_change_pct":-5.2,"margin_change_pts":4.3},{"period":"2025-06","revenue":121930.52734375,"cost":24841.55029296875,"margin":79.6,"units":3002,"transactions":1994,"profit":97088.974609375,"revenue_change_pct":-47.2,"units_change_pct":-78.1,"margin_change_pts":28.8},{"period":"2025-07","revenue":117584.951171875,"cost":21994.94873046875,"margin":81.3,"units":2658,"transactions":1644,"profit":95590.0,"revenue_change_pct":-3.6,"units_change_pct":-11.5,"margin_change_pts":1.7},{"period":"2025-08","revenue":62729.6240234375,"cost":16169.349365234375,"margin":74.2,"units":1954,"transactions":1410,"profit":46560.2734375,"revenue_change_pct":-46.7,"units_change_pct":-26.5,"margin_change_pts":-7.1},{"period":"2025-09","revenue":98701.904296875,"cost":46621.34765625,"margin":52.8,"units":5634,"transactions":1630,"profit":52080.5517578125,"revenue_change_pct":57.3,"units_change_pct":188.3,"margin_change_pts":-21.5},{"period":"2025-10","revenue":187135.05859375,"cost":94368.095703125,"margin":49.6,"units":11404,"transactions":2402,"profit":92766.953125,"revenue_change_pct":89.6,"units_change_pct":102.4,"margin_change_pts":-3.2},{"period":"2025-11","revenue":220637.34375,"cost":107144.697265625,"margin":51.4,"units":12948,"transactions":3446,"profit":113492.65625,"revenue_change_pct":17.9,"units_change_pct":13.5,"margin_change_pts":1.9},{"period":"2025-12","revenue":98925.1953125,"cost":44320.8984375,"margin":55.2,"units":5356,"transactions":1470,"profit":54604.3017578125,"revenue_change_pct":-55.2,"units_change_pct":-58.6,"margin_change_pts":3.8},{"period":"2026-01","revenue":63513.7744140625,"cost":24328.49853515625,"margin":61.7,"units":2940,"transactions":1386,"profit":39185.27587890625,"revenue_change_pct":-35.8,"units_change_pct":-45.1,"margin_change_pts":6.5}],"share_of_category":[{"category":"FLOWER","brand_revenue":5515498.75,"category_revenue":77755450.0,"revenue_share_pct":7.099999904632568,"brand_units":320586,"category_units":2708446,"units_share_pct":11.8},{"category":0.0,"brand_revenue":0.0,"category_revenue":0.0,"revenue_share_pct":0.0,"brand_units":0,"category_units":0,"units_share_pct":0.0}],"share_of_category_trend":{"FLOWER":[{"period":"2024-01","brand_revenue":64175.4736328125,"category_revenue":3552357.8125,"share_pct":1.7999999523162842},{"period":"2024-02","brand_revenue":68051.875,"category_revenue":3535245.625,"share_pct":1.899999976158142},{"period":"2024-03","brand_revenue":40902.35107421875,"category_revenue":3693805.625,"share_pct":1.100000023841858},{"period":"2024-04","brand_revenue":40726.32568359375,"category_revenue":3541899.6875,"share_pct":1.100000023841858},{"period":"2024-05","brand_revenue":613692.109375,"category_revenue":3537479.375,"share_pct":17.299999237060547},{"period":"2024-06","brand_revenue":579342.3828125,"category_revenue":3403269.6875,"share_pct":17.0},{"period":"2024-07","brand_revenue":169772.59765625,"category_revenue":3457705.9375,"share_pct":4.900000095367432},{"period":"2024-08","brand_revenue":329015.9375,"category_revenue":3453819.375,"share_pct":9.5},{"period":"2024-09","brand_revenue":362792.5390625,"category_revenue":3316441.5625,"share_pct":10.899999618530273},{"period":"2024-10","brand_revenue":352312.5390625,"category_revenue":3585775.0,"share_pct":9.800000190734863},{"period":"2024-11","brand_revenue":203944.609375,"category_revenue":3454855.3125,"share_pct":5.900000095367432},{"period":"2024-12","brand_revenue":366078.9453125,"category_revenue":3226567.8125,"share_pct":11.300000190734863},{"period":"2025-01","brand_revenue":314041.62109375,"category_revenue":2984938.125,"share_pct":10.5},{"period":"2025-02","brand_revenue":282736.58203125,"category_revenue":2816220.0,"share_pct":10.0},{"period":"2025-03","brand_revenue":301769.78515625,"category_revenue":2911379.6875,"share_pct":10.399999618530273},{"period":"2025-04","brand_revenue":223943.2421875,"category_revenue":3118895.3125,"share_pct":7.199999809265137},{"period":"2025-05","brand_revenue":231041.85546875,"category_revenue":2887345.0,"share_pct":8.0},{"period":"2025-06","brand_revenue":121930.52734375,"category_revenue":2773698.125,"share_pct":4.400000095367432},{"period":"2025-07","brand_revenue":117584.951171875,"category_revenue":2782763.125,"share_pct":4.199999809265137},{"period":"2025-08","brand_revenue":62729.6240234375,"category_revenue":2733122.8125,"share_pct":2.299999952316284},{"period":"2025-09","brand_revenue":98701.904296875,"category_revenue":2603501.5625,"share_pct":3.799999952316284},{"period":"2025-10","brand_revenue":187135.05859375,"category_revenue":2663705.0,"share_pct":7.0},{"period":"2025-11","brand_revenue":220637.34375,"category_revenue":2700189.0625,"share_pct":8.199999809265137},{"period":"2025-12","brand_revenue":98925.1953125,"category_revenue":2515209.53125,"share_pct":3.9000000953674316},{"period":"2026-01","brand_revenue":63513.7744140625,"category_revenue":2505261.875,"share_pct":2.5}]},"discount_depth":[{"tier":"0% (Full Price)","transactions":13252,"pct_of_transactions":14.0,"revenue":456862.5,"avg_discount":0.0},{"tier":"1-10%","transactions":822,"pct_of_transactions":0.9,"revenue":37010.4248046875,"avg_discount":19.600000381469727},{"tier":"11-20%","transactions":584,"pct_of_transactions":0.6,"revenue":47510.498046875,"avg_discount":37.400001525878906},{"tier":"21-30%","transactions":2178,"pct_of_transactions":2.3,"revenue":195285.546875,"avg_discount":49.400001525878906},{"tier":"31%+","transactions":74576,"pct_of_transactions":78.7,"revenue":4694196.5625,"avg_discount":107.4000015258789}],"velocity":{"units_per_day":421.7,"revenue_per_day":7254.375,"avg_units_per_txn":8.66,"days_of_data":762,"total_units":321340,"total_transactions":74144},"velocity_by_category":[{"category":"FLOWER","brand_units_per_day":420.72,"category_avg_units_per_day":55.54,"velocity_index":757.5,"brand_rev_per_unit":13.76,"category_rev_per_unit":22.97,"brands_in_category":64},{"category":0.0,"brand_units_per_day":0.0,"category_avg_units_per_day":0,"velocity_index":0,"brand_rev_per_unit":0.0,"category_rev_per_unit":0.0,"brands_in_category":0}],"deals":[{"deal_name":"$99 Ounce","times_used":27364,"units":181910.0,"revenue":2814403.5715326667,"discounts":3825285.95757246,"cost":1505305.2291166782,"profit":1309098.3423399925,"pre_discount_revenue":6639689.375,"margin":46.5,"avg_discount":115.2},{"deal_name":"1/2 Ounce H+G for $60","times_used":13228,"units":42972.0,"revenue":805196.7124795914,"discounts":792065.7875061035,"cost":355593.2943177223,"profit":449603.4181857109,"pre_discount_revenue":1597262.5,"margin":55.8,"avg_discount":99.2},{"deal_name":"Lit4Less - 1/4 for $40","times_used":4210,"units":6061.0,"revenue":150042.07502484322,"discounts":87986.04998707771,"cost":50154.774153232574,"profit":99887.30087161064,"pre_discount_revenue":238028.125,"margin":66.6,"avg_discount":74.0},{"deal_name":"$200 - 2.5 oz","times_used":3286,"units":46751.0,"revenue":583256.6624951363,"discounts":1194852.7124881744,"cost":386864.51362133026,"profit":196392.148873806,"pre_discount_revenue":1778109.375,"margin":33.7,"avg_discount":134.4},{"deal_name":"Stock & Save - 1/4 for $40","times_used":1616,"units":2680.0,"revenue":66822.77499675751,"discounts":33689.72500085831,"cost":22176.99963569641,"profit":44645.77537059784,"pre_discount_revenue":100512.5,"margin":66.8,"avg_discount":67.0},{"deal_name":"Industry - 30% Off","times_used":1266,"units":1442.0,"revenue":36125.599994659424,"discounts":15605.650005340576,"cost":11932.549803256989,"profit":24193.05063009262,"pre_discount_revenue":51731.25,"margin":67.0,"avg_discount":60.4},{"deal_name":"60% Off Internal - G2B","times_used":778,"units":1401.0,"revenue":25515.14999985695,"discounts":38372.350001335144,"cost":11593.274837732315,"profit":13921.875011920929,"pre_discount_revenue":63887.5,"margin":54.6,"avg_discount":120.2},{"deal_name":"HAUS OUNCE - $130 (PRE-PACKED 14G ONLY)","times_used":686,"units":1518.0,"revenue":123405.45000076294,"discounts":37882.04999923706,"cost":12561.449790000916,"profit":110844.00194168091,"pre_discount_revenue":161287.5,"margin":89.8,"avg_discount":47.0},{"deal_name":"35% Off G+G / Haus / Pistola","times_used":668,"units":1096.0,"revenue":28326.599888801575,"discounts":15204.649984836578,"cost":9069.399859905243,"profit":19257.200808525085,"pre_discount_revenue":43531.25,"margin":68.0,"avg_discount":69.8},{"deal_name":"40% Off Elevation House Brands","times_used":456,"units":658.0,"revenue":15750.0,"discounts":10500.0,"cost":5444.949910640717,"profit":10305.050089359283,"pre_discount_revenue":26250.0,"margin":65.4,"avg_discount":80.0},{"deal_name":"Spark the Summer Sale","times_used":452,"units":648.0,"revenue":14868.35000038147,"discounts":9981.64999961853,"cost":5362.199909687042,"profit":9506.15010023117,"pre_discount_revenue":24850.0,"margin":63.9,"avg_discount":80.4},{"deal_name":"4/20! 60% Off!!!","times_used":324,"units":586.0,"revenue":9870.0,"discounts":14805.0,"cost":4849.149923324585,"profit":5020.850076675415,"pre_discount_revenue":24675.0,"margin":50.9,"avg_discount":120.0},{"deal_name":"Senior - 10% Off","times_used":322,"units":419.0,"revenue":16122.287502288818,"discounts":2121.4624977111816,"cost":3467.2249507904053,"profit":12655.062725543976,"pre_discount_revenue":18243.75,"margin":78.5,"avg_discount":23.2},{"deal_name":"Veterans - 10% Off","times_used":280,"units":330.0,"revenue":11452.5,"discounts":1272.5,"cost":2730.7499527931213,"profit":8721.750206947327,"pre_discount_revenue":12725.0,"margin":76.2,"avg_discount":20.0},{"deal_name":"30% Off Special","times_used":236,"units":236.0,"revenue":6176.725001335144,"discounts":2673.2750010490417,"cost":1952.8999662399292,"profit":4223.825035095215,"pre_discount_revenue":8850.0,"margin":68.4,"avg_discount":60.4},{"deal_name":"50% Off Elevation House Brands","times_used":214,"units":262.0,"revenue":5731.25,"discounts":5731.25,"cost":2168.049964904785,"profit":3563.200035095215,"pre_discount_revenue":11462.5,"margin":62.2,"avg_discount":100.0},{"deal_name":"Industry 30% Off","times_used":200,"units":232.0,"revenue":8825.0,"discounts":3750.0,"cost":1919.7999691963196,"profit":6905.2001214027405,"pre_discount_revenue":12575.0,"margin":78.2,"avg_discount":59.6},{"deal_name":"Senior / Veterans - 20% Off","times_used":186,"units":299.0,"revenue":10488.92499923706,"discounts":2704.8250007629395,"cost":2474.2249584198,"profit":8014.7002148628235,"pre_discount_revenue":13193.75,"margin":76.4,"avg_discount":41.0},{"deal_name":"25-30% Off","times_used":142,"units":170.0,"revenue":4462.5,"discounts":1912.5,"cost":1406.7499780654907,"profit":3055.7500219345093,"pre_discount_revenue":6375.0,"margin":68.5,"avg_discount":60.0},{"deal_name":"G+G / Pistola 1/4 for $50","times_used":136,"units":282.0,"revenue":8837.5,"discounts":3368.75,"cost":2333.549964427948,"profit":6503.950357437134,"pre_discount_revenue":12206.25,"margin":73.6,"avg_discount":55.2},{"deal_name":"40% Off Special","times_used":130,"units":171.0,"revenue":4021.875,"discounts":2718.75,"cost":1415.0249767303467,"profit":2606.8500232696533,"pre_discount_revenue":6740.625,"margin":64.8,"avg_discount":80.6},{"deal_name":"Jackpot - Locals 30% Off","times_used":114,"units":134.0,"revenue":3535.0,"discounts":1515.0,"cost":1108.8499808311462,"profit":2426.1500692367554,"pre_discount_revenue":5050.0,"margin":68.6,"avg_discount":60.0},{"deal_name":"G+G / Pistola / HAUS 1/4 for $50","times_used":90,"units":148.0,"revenue":4625.0,"discounts":1625.0,"cost":1224.6999788284302,"profit":3400.3001976013184,"pre_discount_revenue":6250.0,"margin":73.5,"avg_discount":52.0},{"deal_name":"HAUS 1/4 for $45","times_used":78,"units":176.0,"revenue":4950.0,"discounts":2387.5,"cost":1456.399974822998,"profit":3493.600025177002,"pre_discount_revenue":7337.5,"margin":70.6,"avg_discount":65.0},{"deal_name":"4/20 2025 - Flower / Infused","times_used":64,"units":91.0,"revenue":1724.399995803833,"discounts":1750.600004196167,"cost":753.0249857902527,"profit":971.3750100135803,"pre_discount_revenue":3475.0,"margin":56.3,"avg_discount":100.8},{"deal_name":"Employee 30% - NOT FRIDAYS","times_used":40,"units":40.0,"revenue":1058.75,"discounts":453.75,"cost":330.9999942779541,"profit":727.7500104904175,"pre_discount_revenue":1512.5,"margin":68.7,"avg_discount":60.0},{"deal_name":"Sunset Flower - Cactus","times_used":32,"units":44.0,"revenue":962.5,"discounts":562.5,"cost":364.0999937057495,"profit":598.4000062942505,"pre_discount_revenue":1525.0,"margin":62.2,"avg_discount":73.8},{"deal_name":"LVAC - 25% Off","times_used":30,"units":32.0,"revenue":862.5,"discounts":287.5,"cost":264.7999954223633,"profit":597.7000093460083,"pre_discount_revenue":1150.0,"margin":69.3,"avg_discount":50.0},{"deal_name":"Employee - 40% OFF","times_used":28,"units":32.0,"revenue":727.5,"discounts":485.0,"cost":264.7999954223633,"profit":462.7000045776367,"pre_discount_revenue":1212.5,"margin":63.6,"avg_discount":80.0},{"deal_name":"Store Credit - $25","times_used":26,"units":53.0,"revenue":704.7125017642975,"discounts":1329.662528038025,"cost":438.574994802475,"profit":266.1375069618225,"pre_discount_revenue":2034.375,"margin":37.8,"avg_discount":130.8},{"deal_name":"35% Off Special","times_used":24,"units":24.0,"revenue":585.0,"discounts":315.0,"cost":198.59999656677246,"profit":386.40000343322754,"pre_discount_revenue":900.0,"margin":66.1,"avg_discount":70.0},{"deal_name":"Store Credit - $15","times_used":24,"units":91.0,"revenue":1222.2749972343445,"discounts":2371.4750170707703,"cost":753.0249845981598,"profit":469.2500126361847,"pre_discount_revenue":3593.75,"margin":38.4,"avg_discount":132.0},{"deal_name":"Store Credit - $50","times_used":12,"units":31.0,"revenue":310.2250048518181,"discounts":883.5250282287598,"cost":256.52499556541443,"profit":53.70000958442688,"pre_discount_revenue":1193.75,"margin":17.3,"avg_discount":148.0},{"deal_name":"G+G / Pistola / HAUS 1/4 for $55","times_used":10,"units":22.0,"revenue":618.75,"discounts":343.75,"cost":182.04999685287476,"profit":436.70000314712524,"pre_discount_revenue":962.5,"margin":70.6,"avg_discount":71.4},{"deal_name":"40% Off Internal Brands","times_used":8,"units":10.0,"revenue":1500.0,"discounts":1000.0,"cost":82.74999856948853,"profit":1417.2499656677246,"pre_discount_revenue":2500.0,"margin":94.5,"avg_discount":80.0},{"deal_name":"Store Credit - $75","times_used":8,"units":13.0,"revenue":86.5375018119812,"discounts":404.08750891685486,"cost":107.57499814033508,"profit":-21.037496328353882,"pre_discount_revenue":490.625,"margin":-24.3,"avg_discount":164.8},{"deal_name":"Store Credit - $100","times_used":6,"units":21.0,"revenue":257.08750009536743,"discounts":549.1624927520752,"cost":173.7750005722046,"profit":83.31249952316284,"pre_discount_revenue":806.25,"margin":32.4,"avg_discount":136.2},{"deal_name":"Main St Happy Hour - 25% Off","times_used":4,"units":4.0,"revenue":112.5,"discounts":37.5,"cost":33.09999942779541,"profit":79.40000057220459,"pre_discount_revenue":150.0,"margin":70.6,"avg_discount":50.0},{"deal_name":"Medical - 10%","times_used":4,"units":4.0,"revenue":135.0,"discounts":15.0,"cost":33.09999942779541,"profit":101.90000534057617,"pre_discount_revenue":150.0,"margin":75.5,"avg_discount":20.0},{"deal_name":"Store Credit - $150","times_used":2,"units":12.0,"revenue":59.375,"discounts":390.625,"cost":99.30000305175781,"profit":-39.92500305175781,"pre_discount_revenue":450.0,"margin":-67.2,"avg_discount":173.6}],"top_products":[{"product":"RUNTZ EIGHTH - HAUS","units":19448,"revenue":329081.3671875,"cost":160932.197265625,"profit":168149.1796875,"transactions":5690,"margin":51.099998474121094},{"product":"ORANGE RAINBOW EIGHTH - HAUS","units":19546,"revenue":318412.0703125,"cost":161743.14453125,"profit":156668.92578125,"transactions":4650,"margin":49.20000076293945},{"product":"GELATO 33 EIGHTH - HAUS","units":17666,"revenue":293059.47265625,"cost":146186.15234375,"profit":146873.330078125,"transactions":5130,"margin":50.099998474121094},{"product":"APPLES & BANANAS EIGHTH - HAUS","units":17634,"revenue":285139.62890625,"cost":145921.34765625,"profit":139218.28125,"transactions":4336,"margin":48.79999923706055},{"product":"GRAND DADS OG EIGHTH - HAUS","units":17076,"revenue":279856.69921875,"cost":141303.896484375,"profit":138552.802734375,"transactions":4776,"margin":49.5},{"product":"WEDDING CRASHER EIGHTH - HAUS","units":14012,"revenue":250044.62890625,"cost":115949.296875,"profit":134095.33203125,"transactions":4124,"margin":53.599998474121094},{"product":"BLIZZ BERRY EIGHTH - HAUS","units":13726,"revenue":214360.9765625,"cost":113582.646484375,"profit":100778.330078125,"transactions":3498,"margin":47.0},{"product":"PK X OG EIGHTH - HAUS","units":12870,"revenue":206128.80859375,"cost":106499.248046875,"profit":99629.55078125,"transactions":3386,"margin":48.29999923706055},{"product":"HEADLOCK EIGHTH - HAUS","units":12016,"revenue":201940.3515625,"cost":99432.40234375,"profit":102507.94921875,"transactions":3134,"margin":50.79999923706055},{"product":"WIFI X SUNDAE DRIVER EIGHTH - HAUS","units":10516,"revenue":192641.796875,"cost":87019.90234375,"profit":105621.904296875,"transactions":3844,"margin":54.79999923706055},{"product":"WHITE TRUFFLE EIGHTH - HAUS","units":10600,"revenue":185481.0546875,"cost":87715.0,"profit":97766.0546875,"transactions":3420,"margin":52.70000076293945},{"product":"CHERRY MIMOSA EIGHTH - HAUS","units":10614,"revenue":179261.09375,"cost":87830.849609375,"profit":91430.25390625,"transactions":2612,"margin":51.0},{"product":"GOVERNMINT OASIS EIGHTH - HAUS","units":9274,"revenue":154409.248046875,"cost":76742.3486328125,"profit":77666.904296875,"transactions":2454,"margin":50.29999923706055},{"product":"BACIO EIGHTH - HAUS","units":9670,"revenue":150983.095703125,"cost":80019.248046875,"profit":70963.8525390625,"transactions":2714,"margin":47.0},{"product":"RESERVE OG EIGHTH - HAUS","units":9030,"revenue":142458.5546875,"cost":74723.2470703125,"profit":67735.302734375,"transactions":2328,"margin":47.5},{"product":"SIDE PEACE EIGHTH - HAUS","units":7998,"revenue":138500.625,"cost":66183.447265625,"profit":72317.177734375,"transactions":2658,"margin":52.20000076293945},{"product":"WHITE PAPAYA EIGHTH - HAUS","units":7998,"revenue":137962.978515625,"cost":66183.447265625,"profit":71779.5263671875,"transactions":2438,"margin":52.0},{"product":"BLUE GELATTI EIGHTH - HAUS","units":7792,"revenue":134360.99609375,"cost":64478.798828125,"profit":69882.2021484375,"transactions":2120,"margin":52.0},{"product":"93 TURBO EIGHTH - HAUS","units":6870,"revenue":121851.474609375,"cost":56849.248046875,"profit":65002.2265625,"transactions":2816,"margin":53.29999923706055},{"product":"GUSH MINTS EIGHTH - HAUS","units":7514,"revenue":117040.224609375,"cost":62178.349609375,"profit":54861.875,"transactions":1748,"margin":46.900001525878906},{"product":"GOOEY GLUE EIGHTH - HAUS","units":6254,"revenue":104449.47265625,"cost":51751.8505859375,"profit":52697.626953125,"transactions":1670,"margin":50.5},{"product":"SOUR DIESEL X OG KUSH EIGHTH - HAUS","units":5544,"revenue":92376.42578125,"cost":45876.6015625,"profit":46499.82421875,"transactions":1492,"margin":50.29999923706055},{"product":"MILKY ZKITTLEZ EIGHTH - HAUS","units":5654,"revenue":89758.57421875,"cost":46786.8505859375,"profit":42971.728515625,"transactions":1632,"margin":47.900001525878906},{"product":"SEX CANDY EIGHTH - HAUS","units":4338,"revenue":77598.2275390625,"cost":35896.9482421875,"profit":41701.2744140625,"transactions":1558,"margin":53.70000076293945},{"product":"TRUE OG EIGHTH - HAUS","units":4584,"revenue":71139.5751953125,"cost":37932.60009765625,"profit":33206.97509765625,"transactions":1228,"margin":46.70000076293945}],"products_by_store":{"Elevation Springs":[{"product":"RUNTZ EIGHTH - HAUS","units":6218,"revenue":105717.9296875,"cost":51453.9501953125,"profit":54263.974609375,"transactions":1808,"margin":51.29999923706055},{"product":"PK X OG EIGHTH - HAUS","units":5550,"revenue":92029.150390625,"cost":45926.25,"profit":46102.900390625,"transactions":1556,"margin":50.099998474121094},{"product":"APPLES & BANANAS EIGHTH - HAUS","units":4242,"revenue":69402.4267578125,"cost":35102.548828125,"profit":34299.87548828125,"transactions":1060,"margin":49.400001525878906},{"product":"GELATO 33 EIGHTH - HAUS","units":3604,"revenue":60174.9267578125,"cost":29823.1005859375,"profit":30351.826171875,"transactions":1026,"margin":50.400001525878906},{"product":"ORANGE RAINBOW EIGHTH - HAUS","units":3526,"revenue":59594.90234375,"cost":29177.64892578125,"profit":30417.2509765625,"transactions":942,"margin":51.0},{"product":"BLIZZ BERRY EIGHTH - HAUS","units":3688,"revenue":57332.2021484375,"cost":30518.20068359375,"profit":26814.00146484375,"transactions":942,"margin":46.79999923706055},{"product":"WIFI X SUNDAE DRIVER EIGHTH - HAUS","units":2080,"revenue":38741.8994140625,"cost":17211.99951171875,"profit":21529.89990234375,"transactions":816,"margin":55.599998474121094},{"product":"SIDE PEACE EIGHTH - HAUS","units":1936,"revenue":31100.90087890625,"cost":16020.399169921875,"profit":15080.50048828125,"transactions":514,"margin":48.5},{"product":"GRAND DADS OG EIGHTH - HAUS","units":1778,"revenue":30385.6494140625,"cost":14712.94921875,"profit":15672.7001953125,"transactions":622,"margin":51.599998474121094},{"product":"93 TURBO EIGHTH - HAUS","units":1704,"revenue":29349.150390625,"cost":14100.599365234375,"profit":15248.5498046875,"transactions":708,"margin":52.0},{"product":"GOVERNMINT OASIS EIGHTH - HAUS","units":1840,"revenue":28875.74951171875,"cost":15225.999755859375,"profit":13649.7509765625,"transactions":432,"margin":47.29999923706055},{"product":"BACIO EIGHTH - HAUS","units":1812,"revenue":28665.80078125,"cost":14994.29931640625,"profit":13671.500244140625,"transactions":582,"margin":47.70000076293945},{"product":"HEADLOCK EIGHTH - HAUS","units":1784,"revenue":28558.9990234375,"cost":14762.60009765625,"profit":13796.400146484375,"transactions":418,"margin":48.29999923706055},{"product":"CHERRY MIMOSA EIGHTH - HAUS","units":1630,"revenue":28174.55078125,"cost":13488.24951171875,"profit":14686.300048828125,"transactions":448,"margin":52.099998474121094},{"product":"TRUE OG EIGHTH - HAUS","units":1798,"revenue":27654.09912109375,"cost":14878.44970703125,"profit":12775.650634765625,"transactions":528,"margin":46.20000076293945}],"Elevation Mesa":[{"product":"ORANGE RAINBOW EIGHTH - HAUS","units":5320,"revenue":86923.427734375,"cost":44022.998046875,"profit":42900.4248046875,"transactions":1376,"margin":49.400001525878906},{"product":"RUNTZ EIGHTH - HAUS","units":4960,"revenue":85946.474609375,"cost":41043.9990234375,"profit":44902.4755859375,"transactions":1760,"margin":52.20000076293945},{"product":"APPLES & BANANAS EIGHTH - HAUS","units":4884,"revenue":77880.6005859375,"cost":40415.10009765625,"profit":37465.50048828125,"transactions":1174,"margin":48.099998474121094},{"product":"GRAND DADS OG EIGHTH - HAUS","units":4586,"revenue":75318.076171875,"cost":37949.150390625,"profit":37368.92578125,"transactions":1448,"margin":49.599998474121094},{"product":"GELATO 33 EIGHTH - HAUS","units":4122,"revenue":69326.5234375,"cost":34109.54833984375,"profit":35216.97509765625,"transactions":1238,"margin":50.79999923706055},{"product":"HEADLOCK EIGHTH - HAUS","units":4016,"revenue":67783.173828125,"cost":33232.39990234375,"profit":34550.7763671875,"transactions":1100,"margin":51.0},{"product":"CHERRY MIMOSA EIGHTH - HAUS","units":3652,"revenue":61485.673828125,"cost":30220.30029296875,"profit":31265.3759765625,"transactions":956,"margin":50.79999923706055},{"product":"WEDDING CRASHER EIGHTH - HAUS","units":3338,"revenue":60267.40234375,"cost":27621.9482421875,"profit":32645.45166015625,"transactions":1234,"margin":54.20000076293945},{"product":"WHITE PAPAYA EIGHTH - HAUS","units":3226,"revenue":55922.2265625,"cost":26695.14892578125,"profit":29227.0751953125,"transactions":1004,"margin":52.29999923706055},{"product":"GOVERNMINT OASIS EIGHTH - HAUS","units":3326,"revenue":52153.9501953125,"cost":27522.64892578125,"profit":24631.30126953125,"transactions":798,"margin":47.20000076293945},{"product":"BLIZZ BERRY EIGHTH - HAUS","units":3016,"revenue":47502.3486328125,"cost":24957.39990234375,"profit":22544.951171875,"transactions":852,"margin":47.5},{"product":"GOOEY GLUE EIGHTH - HAUS","units":2630,"revenue":44700.2490234375,"cost":21763.24951171875,"profit":22936.99951171875,"transactions":844,"margin":51.29999923706055},{"product":"SOUR DIESEL X OG KUSH EIGHTH - HAUS","units":2444,"revenue":39657.17529296875,"cost":20224.09912109375,"profit":19433.076171875,"transactions":564,"margin":49.0},{"product":"PK X OG EIGHTH - HAUS","units":2518,"revenue":38658.2763671875,"cost":20836.4501953125,"profit":17821.826171875,"transactions":676,"margin":46.099998474121094},{"product":"WHITE TRUFFLE EIGHTH - HAUS","units":2316,"revenue":37925.27587890625,"cost":19164.89990234375,"profit":18760.3759765625,"transactions":768,"margin":49.5}],"Elevation Oasis":[{"product":"GRAND DADS OG EIGHTH - HAUS","units":5918,"revenue":98091.396484375,"cost":48971.4501953125,"profit":49119.951171875,"transactions":1304,"margin":50.099998474121094},{"product":"WEDDING CRASHER EIGHTH - HAUS","units":4084,"revenue":75453.02734375,"cost":33795.10009765625,"profit":41657.9248046875,"transactions":904,"margin":55.20000076293945},{"product":"WHITE TRUFFLE EIGHTH - HAUS","units":4208,"revenue":74884.1259765625,"cost":34821.19873046875,"profit":40062.9248046875,"transactions":1100,"margin":53.5},{"product":"SIDE PEACE HALF OUNCE - HAUS","units":794,"revenue":67597.7001953125,"cost":6570.3497314453125,"profit":61027.3486328125,"transactions":560,"margin":90.30000305175781},{"product":"BACIO EIGHTH - HAUS","units":3422,"revenue":52510.8740234375,"cost":28317.04833984375,"profit":24193.82568359375,"transactions":756,"margin":46.099998474121094},{"product":"APPLES & BANANAS EIGHTH - HAUS","units":3268,"revenue":51692.6513671875,"cost":27042.7001953125,"profit":24649.951171875,"transactions":578,"margin":47.70000076293945},{"product":"CHERRY MIMOSA EIGHTH - HAUS","units":3236,"revenue":50516.4501953125,"cost":26777.900390625,"profit":23738.5498046875,"transactions":530,"margin":47.0},{"product":"ORANGE RAINBOW EIGHTH - HAUS","units":3274,"revenue":50086.8994140625,"cost":27092.3486328125,"profit":22994.55078125,"transactions":520,"margin":45.900001525878906},{"product":"RUNTZ EIGHTH - HAUS","units":2918,"revenue":46470.2978515625,"cost":24146.4501953125,"profit":22323.85009765625,"transactions":514,"margin":48.0},{"product":"WIFI X SUNDAE DRIVER EIGHTH - HAUS","units":2392,"revenue":46172.373046875,"cost":19793.800048828125,"profit":26378.57666015625,"transactions":690,"margin":57.099998474121094},{"product":"RESERVE OG EIGHTH - HAUS","units":2872,"revenue":43314.1015625,"cost":23765.79833984375,"profit":19548.30078125,"transactions":484,"margin":45.099998474121094},{"product":"GOVERNMINT OASIS EIGHTH - HAUS","units":2138,"revenue":40217.7001953125,"cost":17691.949462890625,"profit":22525.751953125,"transactions":596,"margin":56.0},{"product":"BLIZZ BERRY EIGHTH - HAUS","units":2414,"revenue":37085.14892578125,"cost":19975.849609375,"profit":17109.300537109375,"transactions":390,"margin":46.099998474121094},{"product":"G-KANDY HALF OUNCE - HAUS","units":412,"revenue":34911.875,"cost":3409.2999267578125,"profit":31502.57568359375,"transactions":278,"margin":90.19999694824219},{"product":"SIDE PEACE EIGHTH - HAUS","units":2120,"revenue":34014.326171875,"cost":17542.999267578125,"profit":16471.32568359375,"transactions":430,"margin":48.400001525878906}],"Elevation Downtown":[{"product":"SIDE PEACE EIGHTH - HAUS","units":538,"revenue":9300.549926757812,"cost":4451.9500732421875,"profit":4848.600158691406,"transactions":178,"margin":52.099998474121094},{"product":"APPLES & BANANAS EIGHTH - HAUS","units":360,"revenue":7029.425048828125,"cost":2978.9999389648438,"profit":4050.4251098632812,"transactions":186,"margin":57.599998474121094},{"product":"DOUBLE DIAMOND EIGHTH - HAUS","units":62,"revenue":1120.0,"cost":513.0500030517578,"profit":606.9499969482422,"transactions":30,"margin":54.20000076293945},{"product":"SIDE PIECE EIGHTH - HAUS","units":40,"revenue":563.75,"cost":330.99998474121094,"profit":232.75001525878906,"transactions":4,"margin":41.29999923706055}],"Elevation Midtown":[{"product":"WEDDING CRASHER EIGHTH - HAUS","units":3450,"revenue":60792.8271484375,"cost":28548.75,"profit":32244.07470703125,"transactions":1094,"margin":53.0},{"product":"ORANGE RAINBOW EIGHTH - HAUS","units":3436,"revenue":57501.42578125,"cost":28432.900390625,"profit":29068.525390625,"transactions":832,"margin":50.599998474121094},{"product":"HEADLOCK EIGHTH - HAUS","units":2712,"revenue":47737.548828125,"cost":22441.79931640625,"profit":25295.74951171875,"transactions":806,"margin":53.0},{"product":"GELATO 33 EIGHTH - HAUS","units":2884,"revenue":45784.375,"cost":23865.10009765625,"profit":21919.27490234375,"transactions":792,"margin":47.900001525878906},{"product":"BLIZZ BERRY EIGHTH - HAUS","units":2344,"revenue":37174.1748046875,"cost":19396.59912109375,"profit":17777.57568359375,"transactions":754,"margin":47.79999923706055},{"product":"RUNTZ EIGHTH - HAUS","units":2058,"revenue":35227.7001953125,"cost":17029.949951171875,"profit":18197.750244140625,"transactions":666,"margin":51.70000076293945},{"product":"WIFI X SUNDAE DRIVER EIGHTH - HAUS","units":1240,"revenue":25662.22412109375,"cost":10260.999755859375,"profit":15401.2255859375,"transactions":552,"margin":60.0},{"product":"GRAND DADS OG EIGHTH - HAUS","units":1614,"revenue":25619.05029296875,"cost":13355.849609375,"profit":12263.20068359375,"transactions":422,"margin":47.900001525878906},{"product":"BACIO EIGHTH - HAUS","units":1592,"revenue":25509.09912109375,"cost":13173.800048828125,"profit":12335.30029296875,"transactions":454,"margin":48.400001525878906},{"product":"APPLES & BANANAS EIGHTH - HAUS","units":1568,"revenue":25474.45068359375,"cost":12975.2001953125,"profit":12499.25048828125,"transactions":422,"margin":49.099998474121094},{"product":"WHITE PAPAYA EIGHTH - HAUS","units":1184,"revenue":24456.79931640625,"cost":9797.60009765625,"profit":14659.200439453125,"transactions":576,"margin":59.900001525878906},{"product":"GUSH MINTS EIGHTH - HAUS","units":1536,"revenue":24204.89990234375,"cost":12710.399169921875,"profit":11494.500732421875,"transactions":394,"margin":47.5},{"product":"SEX CANDY EIGHTH - HAUS","units":1250,"revenue":22435.47607421875,"cost":10343.75,"profit":12091.724853515625,"transactions":460,"margin":53.900001525878906},{"product":"BLUE GELATTI EIGHTH - HAUS","units":1160,"revenue":20479.599609375,"cost":9598.999633789062,"profit":10880.6005859375,"transactions":320,"margin":53.099998474121094},{"product":"93 TURBO EIGHTH - HAUS","units":1192,"revenue":19995.174560546875,"cost":9863.800048828125,"profit":10131.375122070312,"transactions":456,"margin":50.70000076293945}],"Elevation Boulevard":[{"product":"GELATO 33 EIGHTH - HAUS","units":5266,"revenue":90458.720703125,"cost":43576.1474609375,"profit":46882.578125,"transactions":1816,"margin":51.79999923706055},{"product":"RUNTZ EIGHTH - HAUS","units":3294,"revenue":55718.974609375,"cost":27257.84912109375,"profit":28461.12548828125,"transactions":942,"margin":51.099998474121094},{"product":"ORANGE RAINBOW EIGHTH - HAUS","units":3444,"revenue":55606.7236328125,"cost":28499.09912109375,"profit":27107.626953125,"transactions":882,"margin":48.70000076293945},{"product":"WIFI X SUNDAE DRIVER EIGHTH - HAUS","units":3292,"revenue":54190.673828125,"cost":27241.298828125,"profit":26949.375,"transactions":1212,"margin":49.70000076293945},{"product":"WHITE TRUFFLE EIGHTH - HAUS","units":2704,"revenue":47627.998046875,"cost":22375.6005859375,"profit":25252.39990234375,"transactions":982,"margin":53.0},{"product":"APPLES & BANANAS EIGHTH - HAUS","units":2940,"revenue":46935.9521484375,"cost":24328.49853515625,"profit":22607.451171875,"transactions":790,"margin":48.20000076293945},{"product":"GRAND DADS OG EIGHTH - HAUS","units":2794,"revenue":44071.025390625,"cost":23120.34912109375,"profit":20950.67626953125,"transactions":874,"margin":47.5},{"product":"BLUE GELATTI EIGHTH - HAUS","units":2210,"revenue":37683.00048828125,"cost":18287.750244140625,"profit":19395.250244140625,"transactions":572,"margin":51.5},{"product":"WEDDING CRASHER EIGHTH - HAUS","units":2220,"revenue":35401.55029296875,"cost":18370.499267578125,"profit":17031.051025390625,"transactions":548,"margin":48.099998474121094},{"product":"CHERRY MIMOSA EIGHTH - HAUS","units":1548,"revenue":29350.92529296875,"cost":12809.69970703125,"profit":16541.2255859375,"transactions":498,"margin":56.400001525878906},{"product":"PK X OG EIGHTH - HAUS","units":1848,"revenue":29084.1259765625,"cost":15292.19970703125,"profit":13791.925048828125,"transactions":558,"margin":47.400001525878906},{"product":"BLIZZ BERRY EIGHTH - HAUS","units":1806,"revenue":28345.90087890625,"cost":14944.649658203125,"profit":13401.25,"transactions":494,"margin":47.29999923706055},{"product":"GOOEY GLUE EIGHTH - HAUS","units":1558,"revenue":26803.076171875,"cost":12892.449951171875,"profit":13910.625,"transactions":418,"margin":51.900001525878906},{"product":"HEADLOCK EIGHTH - HAUS","units":1356,"revenue":23698.67431640625,"cost":11220.899658203125,"profit":12477.77587890625,"transactions":462,"margin":52.70000076293945},{"product":"SEX CANDY EIGHTH - HAUS","units":1100,"revenue":22037.099609375,"cost":9102.5,"profit":12934.600830078125,"transactions":644,"margin":58.70000076293945}],"Elevation Parkway":[{"product":"BLUE GELATTI EIGHTH - HAUS","units":954,"revenue":16151.8505859375,"cost":7894.3499755859375,"profit":8257.5,"transactions":200,"margin":51.099998474121094},{"product":"RESERVE OG EIGHTH - HAUS","units":670,"revenue":10579.749755859375,"cost":5544.2498779296875,"profit":5035.500183105469,"transactions":138,"margin":47.599998474121094},{"product":"ORANGE RAINBOW EIGHTH - HAUS","units":546,"revenue":8698.699951171875,"cost":4518.1500244140625,"profit":4180.550231933594,"transactions":98,"margin":48.099998474121094},{"product":"LA KUSH CAKE EIGHTH - HAUS","units":440,"revenue":8166.9000244140625,"cost":3641.0000610351562,"profit":4525.899963378906,"transactions":178,"margin":55.400001525878906},{"product":"GOVERNMINT OASIS EIGHTH - HAUS","units":428,"revenue":7801.199951171875,"cost":3541.6998291015625,"profit":4259.5001220703125,"transactions":168,"margin":54.599998474121094},{"product":"BLIZZ BERRY EIGHTH - HAUS","units":458,"revenue":6921.199951171875,"cost":3789.949951171875,"profit":3131.25,"transactions":66,"margin":45.20000076293945},{"product":"APPLES & BANANAS EIGHTH - HAUS","units":372,"revenue":6724.124755859375,"cost":3078.2998657226562,"profit":3645.8251953125,"transactions":126,"margin":54.20000076293945},{"product":"BUBBA FETT EIGHTH - HAUS","units":392,"revenue":6470.250244140625,"cost":3243.800048828125,"profit":3226.4501953125,"transactions":88,"margin":49.900001525878906},{"product":"GRAND DADS OG EIGHTH - HAUS","units":386,"revenue":6371.500244140625,"cost":3194.1500854492188,"profit":3177.3501586914062,"transactions":106,"margin":49.900001525878906},{"product":"BACIO EIGHTH - HAUS","units":338,"revenue":5819.4500732421875,"cost":2796.9500732421875,"profit":3022.5,"transactions":124,"margin":51.900001525878906},{"product":"WHITE PAPAYA EIGHTH - HAUS","units":278,"revenue":5090.0,"cost":2300.449981689453,"profit":2789.5501708984375,"transactions":88,"margin":54.79999923706055},{"product":"SIDE PEACE EIGHTH - HAUS","units":262,"revenue":4752.099914550781,"cost":2168.0499267578125,"profit":2584.0499877929688,"transactions":106,"margin":54.400001525878906},{"product":"CHERRY MIMOSA EIGHTH - HAUS","units":244,"revenue":4680.799865722656,"cost":2019.1000366210938,"profit":2661.7001342773438,"transactions":60,"margin":56.900001525878906},{"product":"WEDDING CAKE EIGHTH - HAUS","units":154,"revenue":3716.6751098632812,"cost":1274.3499755859375,"profit":2442.324981689453,"transactions":124,"margin":65.69999694824219},{"product":"ZLUSHI EIGHTH - HAUS","units":192,"revenue":3134.1500854492188,"cost":1588.7998962402344,"profit":1545.3500366210938,"transactions":46,"margin":49.29999923706055}]},"store_summary":[{"store_clean":"Elevation Mesa","units":84432,"revenue":1415056.40625,"cost":698674.765625,"profit":716381.5625,"discounts":1628912.5,"margin":50.599998474121094,"discount_rate":53.5},{"store_clean":"Elevation Oasis","units":70304,"revenue":1303387.1875,"cost":581765.5859375,"profit":721621.5625,"discounts":1520555.3125,"margin":55.400001525878906,"discount_rate":53.79999923706055},{"store_clean":"Elevation Springs","units":65364,"revenue":1097348.203125,"cost":540887.109375,"profit":556461.09375,"discounts":1291839.375,"margin":50.70000076293945,"discount_rate":54.099998474121094},{"store_clean":"Elevation Boulevard","units":54104,"revenue":900191.171875,"cost":447710.5859375,"profit":452480.5859375,"discounts":1081346.328125,"margin":50.29999923706055,"discount_rate":54.599998474121094},{"store_clean":"Elevation Midtown","units":39846,"revenue":684796.40625,"cost":329725.625,"profit":355070.7421875,"discounts":727141.171875,"margin":51.900001525878906,"discount_rate":51.5},{"store_clean":"Elevation Parkway","units":6290,"revenue":109036.279296875,"cost":52049.7509765625,"profit":56986.5283203125,"discounts":130338.73046875,"margin":52.29999923706055,"discount_rate":54.400001525878906},{"store_clean":"Elevation Downtown","units":1000,"revenue":18013.7255859375,"cost":8275.0,"profit":9738.724975585938,"discounts":19461.275634765625,"margin":54.099998474121094,"discount_rate":51.900001525878906}],"recommendations":[{"severity":"red","title":"HIGH PROMOTION DEPENDENCY","detail":"Only 8% sells at full price. Heavy discounting required.","action":"Test reducing deal frequency \u2014 track velocity without promos."},{"severity":"info","title":"VOLUME LEVERAGE","detail":"$2,211,132 revenue provides negotiating leverage.","action":"Use volume as leverage in next vendor meeting."}],"comparison":null}