{"brand":"HILLSIDE","date_range":"2024-01-01 00:00:00 to 2026-01-31 00:00:00","period_label":"All Time","summary":{"total_units":14,"total_revenue":569.6500015258789,"total_cost":281.00000381469727,"total_discounts":29.600000381469727,"total_profit":288.65001678466797,"overall_margin":50.70000076293945,"fp_margin":52.20000076293945,"disc_margin":43.099998474121094,"pct_full_price":83.30000305175781,"avg_discount_rate":4.900000095367432,"fp_revenue":474.74998474121094,"disc_revenue":94.89999771118164,"unique_customers":14,"brand":"HILLSIDE","date_range":"2024-01-01 00:00:00 to 2026-01-31 00:00:00","months_count":10,"avg_monthly_cost":56.2,"cost_per_unit":40.15,"primary_category":"ACCESSORY","primary_cat_margin":61.099998474121094,"category_rank":132,"category_total":136,"margin_vs_category":-10.399999618530273,"velocity_rank":130},"category_breakdown":[{"category_clean":"ACCESSORY","units":2,"revenue":21.77500009536743,"cost":13.500000238418579,"profit":8.274999856948853,"discounts":9.350000023841858,"margin":38.0,"category_avg_margin":61.099998474121094,"vs_category":-23.1,"rank":132.0,"total_brands":136.0}],"trend":[{"period":"2025-03","revenue":27.999999523162842,"cost":13.500000238418579,"margin":51.8,"units":2,"transactions":2,"profit":14.500000476837158,"revenue_change_pct":null,"units_change_pct":null,"margin_change_pts":null},{"period":"2025-04","revenue":45.12499809265137,"cost":27.000000476837158,"margin":40.2,"units":4,"transactions":4,"profit":18.125,"revenue_change_pct":61.2,"units_change_pct":100.0,"margin_change_pts":-11.6},{"period":"2025-05","revenue":443.62499237060547,"cost":213.50000381469727,"margin":51.9,"units":4,"transactions":4,"profit":230.12500762939453,"revenue_change_pct":883.1,"units_change_pct":0,"margin_change_pts":11.7},{"period":"2025-07","revenue":31.124999523162842,"cost":13.500000238418579,"margin":56.6,"units":2,"transactions":2,"profit":17.625000476837158,"revenue_change_pct":-93.0,"units_change_pct":-50.0,"margin_change_pts":4.8},{"period":"2026-01","revenue":21.77500009536743,"cost":13.500000238418579,"margin":38.0,"units":2,"transactions":2,"profit":8.274999856948853,"revenue_change_pct":-30.0,"units_change_pct":0,"margin_change_pts":-18.6}],"share_of_category":[{"category":"ACCESSORY","brand_revenue":21.77500009536743,"category_revenue":4128754.0625,"revenue_share_pct":0.0,"brand_units":2,"category_units":2130096,"units_share_pct":0.0},{"category":0.0,"brand_revenue":0.0,"category_revenue":0.0,"revenue_share_pct":0.0,"brand_units":0,"category_units":0,"units_share_pct":0.0}],"share_of_category_trend":{"ACCESSORY":[{"period":"2024-01","brand_revenue":0.0,"category_revenue":153543.9453125,"share_pct":0.0},{"period":"2024-02","brand_revenue":0.0,"category_revenue":152399.47265625,"share_pct":0.0},{"period":"2024-03","brand_revenue":0.0,"category_revenue":154678.876953125,"share_pct":0.0},{"period":"2024-04","brand_revenue":0.0,"category_revenue":163353.65234375,"share_pct":0.0},{"period":"2024-05","brand_revenue":0.0,"category_revenue":179676.4453125,"share_pct":0.0},{"period":"2024-06","brand_revenue":0.0,"category_revenue":185008.828125,"share_pct":0.0},{"period":"2024-07","brand_revenue":0.0,"category_revenue":186675.46875,"share_pct":0.0},{"period":"2024-08","brand_revenue":0.0,"category_revenue":180226.328125,"share_pct":0.0},{"period":"2024-09","brand_revenue":0.0,"category_revenue":162386.298828125,"share_pct":0.0},{"period":"2024-10","brand_revenue":0.0,"category_revenue":166088.73046875,"share_pct":0.0},{"period":"2024-11","brand_revenue":0.0,"category_revenue":171706.09375,"share_pct":0.0},{"period":"2024-12","brand_revenue":0.0,"category_revenue":176502.03125,"share_pct":0.0},{"period":"2025-01","brand_revenue":0.0,"category_revenue":167261.34765625,"share_pct":0.0},{"period":"2025-02","brand_revenue":0.0,"category_revenue":155260.927734375,"share_pct":0.0},{"period":"2025-03","brand_revenue":0.0,"category_revenue":176420.390625,"share_pct":0.0},{"period":"2025-04","brand_revenue":0.0,"category_revenue":182694.82421875,"share_pct":0.0},{"period":"2025-05","brand_revenue":0.0,"category_revenue":179904.4921875,"share_pct":0.0},{"period":"2025-06","brand_revenue":0.0,"category_revenue":161148.75,"share_pct":0.0},{"period":"2025-07","brand_revenue":0.0,"category_revenue":165549.8046875,"share_pct":0.0},{"period":"2025-08","brand_revenue":0.0,"category_revenue":171752.05078125,"share_pct":0.0},{"period":"2025-09","brand_revenue":0.0,"category_revenue":168198.9453125,"share_pct":0.0},{"period":"2025-10","brand_revenue":0.0,"category_revenue":171844.55078125,"share_pct":0.0},{"period":"2025-11","brand_revenue":0.0,"category_revenue":172839.74609375,"share_pct":0.0},{"period":"2025-12","brand_revenue":0.0,"category_revenue":141954.873046875,"share_pct":0.0},{"period":"2026-01","brand_revenue":21.77500009536743,"category_revenue":81677.1484375,"share_pct":0.0}]},"discount_depth":[{"tier":"0% (Full Price)","transactions":6,"pct_of_transactions":42.9,"revenue":474.74998474121094,"avg_discount":0.0},{"tier":"1-10%","transactions":2,"pct_of_transactions":14.3,"revenue":29.574999809265137,"avg_discount":10.0},{"tier":"11-20%","transactions":2,"pct_of_transactions":14.3,"revenue":27.999999523162842,"avg_discount":20.0},{"tier":"21-30%","transactions":0,"pct_of_transactions":0.0,"revenue":0.0,"avg_discount":0},{"tier":"31%+","transactions":4,"pct_of_transactions":28.6,"revenue":37.32500076293945,"avg_discount":80.0}],"velocity":{"units_per_day":0.04,"revenue_per_day":1.850000023841858,"avg_units_per_txn":2.0,"days_of_data":309,"total_units":14,"total_transactions":14},"velocity_by_category":[{"category":"ACCESSORY","brand_units_per_day":0.0,"category_avg_units_per_day":20.56,"velocity_index":0.0,"brand_rev_per_unit":8.71,"category_rev_per_unit":1.55,"brands_in_category":136},{"category":0.0,"brand_units_per_day":0.0,"category_avg_units_per_day":0,"velocity_index":0,"brand_rev_per_unit":0.0,"category_rev_per_unit":0.0,"brands_in_category":0}],"deals":[{"deal_name":"Jackpot - Locals 30% Off","times_used":2,"units":2.0,"revenue":21.77500009536743,"discounts":9.350000023841858,"cost":13.500000238418579,"profit":8.274999856948853,"pre_discount_revenue":31.124999523162842,"margin":38.0,"avg_discount":60.0},{"deal_name":"Senior - 10% Off","times_used":2,"units":2.0,"revenue":27.999999523162842,"discounts":3.125,"cost":13.500000238418579,"profit":14.500000476837158,"pre_discount_revenue":31.124999523162842,"margin":51.8,"avg_discount":20.0}],"top_products":[{"product":"BENT NECK BONG","units":2,"revenue":412.5,"cost":200.0,"profit":212.5,"transactions":2,"margin":51.5},{"product":"CARB CAP - HILLSIDE","units":12,"revenue":157.1500015258789,"cost":81.00000381469727,"profit":76.15000247955322,"transactions":12,"margin":48.5}],"products_by_store":{"Elevation Oasis":[{"product":"BENT NECK BONG","units":2,"revenue":412.5,"cost":200.0,"profit":212.5,"transactions":2,"margin":51.5},{"product":"CARB CAP - HILLSIDE","units":12,"revenue":157.1500015258789,"cost":81.00000381469727,"profit":76.15000247955322,"transactions":12,"margin":48.5}]},"store_summary":[{"store_clean":"Elevation Oasis","units":14,"revenue":569.6500015258789,"cost":280.99998474121094,"profit":288.65001678466797,"discounts":29.600000381469727,"margin":50.70000076293945,"discount_rate":4.900000095367432}],"recommendations":[{"severity":"red","title":"ACCESSORY: BELOW CATEGORY AVERAGE","detail":"Margin (38.0%) is 23 pts below ACCESSORY average. Ranked #132 of 136. Strong case for cost negotiation.","action":"Request 12% cost reduction or evaluate alternative ACCESSORY brands."},{"severity":"yellow","title":"CATEGORY BENCHMARK GAP","detail":"Overall margin (50.7%) trails ACCESSORY average (61.1%) by 10.4 pts.","action":"Negotiate cost reduction or increase retail price."}],"comparison":null}