{"brand":"ALIVE PRINT SHOP","date_range":"2024-01-01 00:00:00 to 2026-01-31 00:00:00","period_label":"All Time","summary":{"total_units":414,"total_revenue":12242.774658203125,"total_cost":5433.800048828125,"total_discounts":2301.9500732421875,"total_profit":6808.9752197265625,"overall_margin":55.599998474121094,"fp_margin":64.0999984741211,"disc_margin":42.79999923706055,"pct_full_price":60.20000076293945,"avg_discount_rate":15.800000190734863,"fp_revenue":7372.39990234375,"disc_revenue":4870.374755859375,"brand":"ALIVE PRINT SHOP","date_range":"2024-01-01 00:00:00 to 2026-01-31 00:00:00","primary_category":"APPAREL","store_coverage":"6/7","stores_present":["Elevation Springs","Elevation Mesa","Elevation Oasis","Elevation Midtown","Elevation Boulevard","Elevation Parkway"],"stores_missing":["Elevation Downtown"],"velocity_rank":1,"velocity_total":8},"distribution":[{"store":"Elevation Springs","carries_brand":true,"sku_count":18,"revenue":1559.27490234375,"units":60,"store_total_revenue":51138750.0,"brand_share_pct":0.0},{"store":"Elevation Mesa","carries_brand":true,"sku_count":32,"revenue":1686.77490234375,"units":54,"store_total_revenue":47532240.0,"brand_share_pct":0.0},{"store":"Elevation Oasis","carries_brand":true,"sku_count":8,"revenue":757.5,"units":30,"store_total_revenue":56050145.0,"brand_share_pct":0.0},{"store":"Elevation Downtown","carries_brand":false,"sku_count":0,"revenue":0.0,"units":0,"store_total_revenue":1945237.1875,"brand_share_pct":0},{"store":"Elevation Midtown","carries_brand":true,"sku_count":32,"revenue":2118.6749267578125,"units":62,"store_total_revenue":30850185.0,"brand_share_pct":0.0},{"store":"Elevation Boulevard","carries_brand":true,"sku_count":24,"revenue":1545.5499267578125,"units":50,"store_total_revenue":28757865.0,"brand_share_pct":0.0},{"store":"Elevation Parkway","carries_brand":true,"sku_count":14,"revenue":4575.0,"units":158,"store_total_revenue":21987007.5,"brand_share_pct":0.0}],"share_of_category":[{"category":"APPAREL","brand_revenue":10648.67431640625,"category_revenue":37619.05029296875,"revenue_share_pct":28.299999237060547,"brand_units":352,"category_units":1088,"units_share_pct":32.4},{"category":"ACCESSORY","brand_revenue":325.49999237060547,"category_revenue":4128754.0625,"revenue_share_pct":0.0,"brand_units":12,"category_units":2130096,"units_share_pct":0.0},{"category":0.0,"brand_revenue":0.0,"category_revenue":0.0,"revenue_share_pct":0.0,"brand_units":0,"category_units":0,"units_share_pct":0.0}],"share_of_category_trend":{"APPAREL":[{"period":"2024-01","brand_revenue":300.0,"category_revenue":300.0,"share_pct":100.0},{"period":"2024-02","brand_revenue":837.5,"category_revenue":837.5,"share_pct":100.0},{"period":"2024-03","brand_revenue":1097.4250030517578,"category_revenue":1097.4250030517578,"share_pct":100.0},{"period":"2024-04","brand_revenue":770.625,"category_revenue":770.625,"share_pct":100.0},{"period":"2024-05","brand_revenue":231.25,"category_revenue":4345.0,"share_pct":5.300000190734863},{"period":"2024-06","brand_revenue":695.0,"category_revenue":5618.75,"share_pct":12.399999618530273},{"period":"2024-07","brand_revenue":1077.5,"category_revenue":3827.5,"share_pct":28.200000762939453},{"period":"2024-08","brand_revenue":760.0,"category_revenue":822.5,"share_pct":92.4000015258789},{"period":"2024-09","brand_revenue":770.0,"category_revenue":810.0,"share_pct":95.0999984741211},{"period":"2024-10","brand_revenue":493.75,"category_revenue":493.75,"share_pct":100.0},{"period":"2024-11","brand_revenue":550.0,"category_revenue":2087.5,"share_pct":26.299999237060547},{"period":"2024-12","brand_revenue":503.125,"category_revenue":928.125,"share_pct":54.20000076293945},{"period":"2025-01","brand_revenue":533.75,"category_revenue":702.5,"share_pct":76.0},{"period":"2025-02","brand_revenue":168.75,"category_revenue":268.75,"share_pct":62.79999923706055},{"period":"2025-03","brand_revenue":382.5,"category_revenue":382.5,"share_pct":100.0},{"period":"2025-04","brand_revenue":277.5,"category_revenue":421.25,"share_pct":65.9000015258789},{"period":"2025-05","brand_revenue":237.5,"category_revenue":879.4999694824219,"share_pct":27.0},{"period":"2025-06","brand_revenue":0.0,"category_revenue":525.0,"share_pct":0.0},{"period":"2025-07","brand_revenue":62.5,"category_revenue":218.75,"share_pct":28.600000381469727},{"period":"2025-08","brand_revenue":612.5,"category_revenue":1616.25,"share_pct":37.900001525878906},{"period":"2025-09","brand_revenue":0.0,"category_revenue":920.0,"share_pct":0.0},{"period":"2025-10","brand_revenue":112.5,"category_revenue":1917.5,"share_pct":5.900000095367432},{"period":"2025-11","brand_revenue":125.0,"category_revenue":3255.3750610351562,"share_pct":3.799999952316284},{"period":"2025-12","brand_revenue":0.0,"category_revenue":2027.5,"share_pct":0.0},{"period":"2026-01","brand_revenue":50.0,"category_revenue":2545.500030517578,"share_pct":2.0}],"ACCESSORY":[{"period":"2024-01","brand_revenue":0.0,"category_revenue":153543.9453125,"share_pct":0.0},{"period":"2024-02","brand_revenue":0.0,"category_revenue":152399.47265625,"share_pct":0.0},{"period":"2024-03","brand_revenue":0.0,"category_revenue":154678.876953125,"share_pct":0.0},{"period":"2024-04","brand_revenue":0.0,"category_revenue":163353.65234375,"share_pct":0.0},{"period":"2024-05","brand_revenue":0.0,"category_revenue":179676.4453125,"share_pct":0.0},{"period":"2024-06","brand_revenue":43.72499942779541,"category_revenue":185008.828125,"share_pct":0.0},{"period":"2024-07","brand_revenue":43.72499942779541,"category_revenue":186675.46875,"share_pct":0.0},{"period":"2024-08","brand_revenue":72.5,"category_revenue":180226.328125,"share_pct":0.0},{"period":"2024-09","brand_revenue":0.0,"category_revenue":162386.298828125,"share_pct":0.0},{"period":"2024-10","brand_revenue":46.84999942779541,"category_revenue":166088.73046875,"share_pct":0.0},{"period":"2024-11","brand_revenue":0.0,"category_revenue":171706.09375,"share_pct":0.0},{"period":"2024-12","brand_revenue":0.0,"category_revenue":176502.03125,"share_pct":0.0},{"period":"2025-01","brand_revenue":62.47499942779541,"category_revenue":167261.34765625,"share_pct":0.0},{"period":"2025-02","brand_revenue":0.0,"category_revenue":155260.927734375,"share_pct":0.0},{"period":"2025-03","brand_revenue":0.0,"category_revenue":176420.390625,"share_pct":0.0},{"period":"2025-04","brand_revenue":0.0,"category_revenue":182694.82421875,"share_pct":0.0},{"period":"2025-05","brand_revenue":0.0,"category_revenue":179904.4921875,"share_pct":0.0},{"period":"2025-06","brand_revenue":0.0,"category_revenue":161148.75,"share_pct":0.0},{"period":"2025-07","brand_revenue":0.0,"category_revenue":165549.8046875,"share_pct":0.0},{"period":"2025-08","brand_revenue":56.22499942779541,"category_revenue":171752.05078125,"share_pct":0.0},{"period":"2025-09","brand_revenue":0.0,"category_revenue":168198.9453125,"share_pct":0.0},{"period":"2025-10","brand_revenue":0.0,"category_revenue":171844.55078125,"share_pct":0.0},{"period":"2025-11","brand_revenue":0.0,"category_revenue":172839.74609375,"share_pct":0.0},{"period":"2025-12","brand_revenue":0.0,"category_revenue":141954.873046875,"share_pct":0.0},{"period":"2026-01","brand_revenue":0.0,"category_revenue":81677.1484375,"share_pct":0.0}]},"velocity_by_category":[{"category":"APPAREL","brand_units_per_day":0.46,"category_avg_units_per_day":0.18,"velocity_index":258.8,"brand_rev_per_unit":24.2,"category_rev_per_unit":27.66,"brands_in_category":8},{"category":"ACCESSORY","brand_units_per_day":0.02,"category_avg_units_per_day":20.56,"velocity_index":0.1,"brand_rev_per_unit":21.7,"category_rev_per_unit":1.55,"brands_in_category":136},{"category":0.0,"brand_units_per_day":0.0,"category_avg_units_per_day":0,"velocity_index":0,"brand_rev_per_unit":0.0,"category_rev_per_unit":0.0,"brands_in_category":0}],"store_gaps":[{"store":"Elevation Oasis","category":"ACCESSORY","category_revenue_at_store":917304.21875,"opportunity":"Category not carried at this store"},{"store":"Elevation Midtown","category":"ACCESSORY","category_revenue_at_store":796566.25,"opportunity":"Category not carried at this store"},{"store":"Elevation Parkway","category":"ACCESSORY","category_revenue_at_store":435759.453125,"opportunity":"Category not carried at this store"},{"store":"Elevation Downtown","category":"ACCESSORY","category_revenue_at_store":61539.7021484375,"opportunity":"Brand not carried"},{"store":"Elevation Downtown","category":"APPAREL","category_revenue_at_store":2012.5,"opportunity":"Brand not carried"}],"product_mix":{"top":[{"product":"Blue Titleist Shirt","units":80,"revenue":2331.25,"cost":850.0,"profit":1481.25,"stores":3,"transactions":76,"margin":63.5},{"product":"BLUE CARD SHIRT","units":32,"revenue":950.0,"cost":340.0,"profit":610.0,"stores":2,"transactions":32,"margin":64.19999694824219},{"product":"BONE ZIP-UP JACKET (WM) - M","units":18,"revenue":859.375,"cost":500.625,"profit":358.75,"stores":2,"transactions":18,"margin":41.70000076293945},{"product":"Red Elevation Shirt","units":28,"revenue":796.875,"cost":297.5,"profit":499.375,"stores":1,"transactions":28,"margin":62.70000076293945},{"product":"Black T Elevation Shirt","units":24,"revenue":671.875,"cost":255.0,"profit":416.875,"stores":2,"transactions":22,"margin":62.0},{"product":"Navy Elevation Shirt","units":24,"revenue":637.5,"cost":255.0,"profit":382.5,"stores":2,"transactions":22,"margin":60.0},{"product":"SAND THRIVE SHIRT","units":22,"revenue":600.0,"cost":233.75,"profit":366.25,"stores":3,"transactions":22,"margin":61.0},{"product":"Bone Zipper - Sahara","units":8,"revenue":426.25,"cost":222.5,"profit":203.75,"stores":1,"transactions":8,"margin":47.79999923706055},{"product":"BLUE CROP CREWNECK- LARGE","units":10,"revenue":420.0,"cost":338.37501525878906,"profit":81.62500381469727,"stores":1,"transactions":8,"margin":19.399999618530273},{"product":"Black Elevation Shirt","units":12,"revenue":290.4750061035156,"cost":127.5,"profit":162.97500610351562,"stores":3,"transactions":12,"margin":56.099998474121094},{"product":"WOMEN'S BLACK TEE - M","units":10,"revenue":287.5,"cost":106.25,"profit":181.25,"stores":3,"transactions":10,"margin":63.0},{"product":"Royal Blue Shirt","units":10,"revenue":252.99999237060547,"cost":106.25,"profit":146.74999237060547,"stores":2,"transactions":10,"margin":58.0},{"product":"CASCADES CURSIVE THRIVE LOGO T-SHIRT (GREY) - XL","units":8,"revenue":237.5,"cost":114.70000267028809,"profit":122.79999732971191,"stores":1,"transactions":8,"margin":51.70000076293945},{"product":"Black Card Shirt","units":10,"revenue":231.25,"cost":106.25,"profit":125.0,"stores":1,"transactions":10,"margin":54.099998474121094},{"product":"Navy Tee - Sahara","units":8,"revenue":212.5,"cost":75.0,"profit":137.5,"stores":1,"transactions":8,"margin":64.69999694824219},{"product":"NAVY THRIVE TEE - XL","units":8,"revenue":206.25,"cost":85.0,"profit":121.25,"stores":1,"transactions":6,"margin":58.79999923706055},{"product":"WOMEN'S BLACK TEE - L","units":8,"revenue":200.0,"cost":85.0,"profit":115.0,"stores":3,"transactions":8,"margin":57.5},{"product":"BONE ZIP-UP JACKET (WM) - S","units":4,"revenue":196.25,"cost":111.25,"profit":85.0,"stores":1,"transactions":4,"margin":43.29999923706055},{"product":"THRIVE HAT","units":10,"revenue":181.25,"cost":113.75,"profit":67.5,"stores":2,"transactions":10,"margin":37.20000076293945},{"product":"Bone Hoodie - Sahara","units":2,"revenue":162.5,"cost":85.625,"profit":76.875,"stores":1,"transactions":2,"margin":47.29999923706055}],"bottom":[{"product":"Black Elevation Hoodies - Sahara","units":2,"revenue":70.0,"cost":37.5,"profit":32.5,"stores":1,"transactions":2,"margin":46.400001525878906},{"product":"BLUE CROP CREWNECK- MEDIUM","units":2,"revenue":70.0,"cost":67.67499923706055,"profit":2.3250000178813934,"stores":1,"transactions":2,"margin":3.299999952316284},{"product":"Short Sleeve Black Tee - Sahara","units":2,"revenue":62.5,"cost":18.75,"profit":43.75,"stores":1,"transactions":2,"margin":70.0},{"product":"NAVY THRIVE TEE - M","units":2,"revenue":62.5,"cost":21.25,"profit":41.25,"stores":1,"transactions":2,"margin":66.0},{"product":"PINK SUPERHERO CROP - L","units":2,"revenue":62.5,"cost":17.74999976158142,"profit":44.749999046325684,"stores":1,"transactions":2,"margin":71.5999984741211},{"product":"YELLOW THRIVE LOGO T-SHIRT (GREEN) - SMALL","units":2,"revenue":56.25,"cost":28.67500066757202,"profit":27.57499933242798,"stores":1,"transactions":2,"margin":49.0},{"product":"Crop Crewneck - Sahara","units":4,"revenue":50.0,"cost":135.3499984741211,"profit":-85.3499984741211,"stores":1,"transactions":4,"margin":-170.6999969482422},{"product":"ROYAL BLUE TEE - SAHARA","units":2,"revenue":43.75,"cost":18.75,"profit":25.0,"stores":1,"transactions":2,"margin":57.099998474121094},{"product":"WOMEN'S BLACK TEE - XL","units":2,"revenue":31.25,"cost":21.25,"profit":10.0,"stores":1,"transactions":2,"margin":32.0},{"product":"SHOWGIRL LOGO T-SHIRT (BLACK) - SMALL","units":2,"revenue":28.67500066757202,"cost":28.67500066757202,"profit":0.0,"stores":1,"transactions":2,"margin":0.0}],"expansion":[{"product":"Blue Titleist Shirt","current_stores":3,"total_stores":6,"missing_stores":["Elevation Mesa","Elevation Midtown","Elevation Boulevard"],"revenue":2331.25},{"product":"BLUE CARD SHIRT","current_stores":2,"total_stores":6,"missing_stores":["Elevation Mesa","Elevation Oasis","Elevation Midtown","Elevation Boulevard"],"revenue":950.0},{"product":"BONE ZIP-UP JACKET (WM) - M","current_stores":2,"total_stores":6,"missing_stores":["Elevation Springs","Elevation Oasis","Elevation Boulevard","Elevation Parkway"],"revenue":859.375},{"product":"Black T Elevation Shirt","current_stores":2,"total_stores":6,"missing_stores":["Elevation Springs","Elevation Mesa","Elevation Midtown","Elevation Boulevard"],"revenue":671.875},{"product":"Navy Elevation Shirt","current_stores":2,"total_stores":6,"missing_stores":["Elevation Mesa","Elevation Oasis","Elevation Midtown","Elevation Boulevard"],"revenue":637.5},{"product":"SAND THRIVE SHIRT","current_stores":3,"total_stores":6,"missing_stores":["Elevation Mesa","Elevation Midtown","Elevation Boulevard"],"revenue":600.0},{"product":"Black Elevation Shirt","current_stores":3,"total_stores":6,"missing_stores":["Elevation Oasis","Elevation Midtown","Elevation Parkway"],"revenue":290.4750061035156},{"product":"WOMEN'S BLACK TEE - M","current_stores":3,"total_stores":6,"missing_stores":["Elevation Oasis","Elevation Boulevard","Elevation Parkway"],"revenue":287.5},{"product":"Royal Blue Shirt","current_stores":2,"total_stores":6,"missing_stores":["Elevation Oasis","Elevation Midtown","Elevation Boulevard","Elevation Parkway"],"revenue":252.99999237060547},{"product":"WOMEN'S BLACK TEE - L","current_stores":3,"total_stores":6,"missing_stores":["Elevation Oasis","Elevation Boulevard","Elevation Parkway"],"revenue":200.0}]},"pricing_consistency":[{"product":"BLUE THRIVE CROP - L","min_price":31.25,"max_price":62.5,"avg_price":46.875,"std_dev":8.838834764831844,"store_count":4,"price_range":31.25,"range_pct":66.7},{"product":"Navy Elevation Shirt","min_price":39.0625,"max_price":60.15625,"avg_price":49.609375,"std_dev":5.966213466261495,"store_count":4,"price_range":21.09375,"range_pct":42.5},{"product":"BLUE THRIVE CROP - S","min_price":43.75,"max_price":62.5,"avg_price":53.125,"std_dev":5.303300858899107,"store_count":4,"price_range":18.75,"range_pct":35.3},{"product":"PINK THRIVE CROP - M","min_price":43.75,"max_price":62.5,"avg_price":53.125,"std_dev":5.303300858899107,"store_count":4,"price_range":18.75,"range_pct":35.3},{"product":"Black Elevation Shirt","min_price":44.766667683919266,"max_price":62.47499942779541,"avg_price":51.363888846503365,"std_dev":3.871488634642454,"store_count":6,"price_range":17.708331743876144,"range_pct":34.5},{"product":"SAND THRIVE SHIRT","min_price":43.75,"max_price":59.375,"avg_price":51.73611111111111,"std_dev":3.127313958110473,"store_count":6,"price_range":15.625,"range_pct":30.2},{"product":"BLUE THRIVE CROP - M","min_price":46.875,"max_price":62.5,"avg_price":54.6875,"std_dev":4.419417382415922,"store_count":4,"price_range":15.625,"range_pct":28.6},{"product":"Royal Blue Shirt","min_price":44.766667683919266,"max_price":59.34999942779541,"avg_price":52.05833355585733,"std_dev":4.124789107355145,"store_count":4,"price_range":14.583331743876142,"range_pct":28.0},{"product":"BONE ZIP-UP JACKET (WM) - M","min_price":80.20833333333334,"max_price":103.125,"avg_price":91.66666666666669,"std_dev":6.481812160876681,"store_count":4,"price_range":22.91666666666666,"range_pct":25.0},{"product":"WOMEN'S BLACK TEE - L","min_price":43.75,"max_price":53.125,"avg_price":48.95833333333333,"std_dev":1.9094065395649336,"store_count":6,"price_range":9.375,"range_pct":19.1},{"product":"Black T Elevation Shirt","min_price":55.39772727272727,"max_price":62.5,"avg_price":58.94886363636363,"std_dev":2.0088260829163262,"store_count":4,"price_range":7.102272727272725,"range_pct":12.0},{"product":"WOMEN'S BLACK TEE - M","min_price":56.25,"max_price":62.5,"avg_price":58.33333333333333,"std_dev":1.443375672974065,"store_count":6,"price_range":6.25,"range_pct":10.7},{"product":"Blue Titleist Shirt","min_price":55.0,"max_price":59.94318181818181,"avg_price":57.585227272727266,"std_dev":0.9917662056208453,"store_count":6,"price_range":4.943181818181817,"range_pct":8.6},{"product":"BLUE CARD SHIRT","min_price":56.25,"max_price":60.096153846153854,"avg_price":58.17307692307693,"std_dev":1.0878565864408436,"store_count":4,"price_range":3.8461538461538503,"range_pct":6.6},{"product":"PINK THRIVE CROP - S","min_price":62.5,"max_price":62.5,"avg_price":62.5,"std_dev":0.0,"store_count":4,"price_range":0.0,"range_pct":0.0},{"product":"THRIVE HAT","min_price":36.25,"max_price":36.25,"avg_price":36.25,"std_dev":0.0,"store_count":4,"price_range":0.0,"range_pct":0.0}],"promotional_effectiveness":{"lift":{"fp_units_per_day":2.5,"disc_units_per_day":2.4,"lift_pct":-3.8,"fp_avg_revenue_per_unit":66.425,"disc_avg_revenue_per_unit":50.724999999999994},"by_deal":[{"deal_name":"Industry - 30% Off","uses":17,"revenue":988.6999988555908,"discounts":423.75,"units":38.0,"cost":524.174998998642,"margin":47.0,"discount_depth":60.0},{"deal_name":"Senior - 10% Off","uses":3,"revenue":157.4749994277954,"discounts":17.5,"units":6.0,"cost":62.5,"margin":60.3,"discount_depth":20.0},{"deal_name":"Senior / Veterans - 20% Off","uses":3,"revenue":180.0,"discounts":45.0,"units":6.0,"cost":106.42499923706055,"margin":40.9,"discount_depth":40.0},{"deal_name":"Employee 30% - NOT FRIDAYS","uses":2,"revenue":140.0,"discounts":60.0,"units":4.0,"cost":76.875,"margin":45.1,"discount_depth":60.0},{"deal_name":"Veterans - 10% Off","uses":2,"revenue":112.5,"discounts":12.5,"units":4.0,"cost":40.0,"margin":64.4,"discount_depth":20.0},{"deal_name":"Employee - 40% OFF","uses":1,"revenue":82.5,"discounts":55.0,"units":2.0,"cost":55.625,"margin":32.6,"discount_depth":80.0},{"deal_name":"Industry 30% Off","uses":1,"revenue":43.75,"discounts":18.75,"units":2.0,"cost":21.25,"margin":51.4,"discount_depth":60.0},{"deal_name":"Jackpot - Locals 30% Off","uses":1,"revenue":43.75,"discounts":18.75,"units":2.0,"cost":21.25,"margin":51.4,"discount_depth":60.0}]},"growth_opportunities":[{"type":"distribution","title":"Expand to Elevation Downtown","detail":"Store has $25,421 in ACCESSORY, APPAREL \u2014 categories where ALIVE PRINT SHOP competes.","priority":"high"},{"type":"sku_expansion","title":"Add 'BLUE CARD SHIRT' to 4 more store(s)","detail":"Carried in 2 stores. Missing from: Elevation Mesa, Elevation Oasis, Elevation Midtown, Elevation Boulevard","priority":"medium"},{"type":"sku_expansion","title":"Add 'BLUE THRIVE CROP - L' to 4 more store(s)","detail":"Carried in 2 stores. Missing from: Elevation Springs, Elevation Oasis, Elevation Boulevard, Elevation Parkway","priority":"medium"},{"type":"sku_expansion","title":"Add 'BLUE THRIVE CROP - M' to 4 more store(s)","detail":"Carried in 2 stores. Missing from: Elevation Springs, Elevation Oasis, Elevation Boulevard, Elevation Parkway","priority":"medium"},{"type":"sku_expansion","title":"Add 'BLUE THRIVE CROP - S' to 4 more store(s)","detail":"Carried in 2 stores. Missing from: Elevation Springs, Elevation Oasis, Elevation Boulevard, Elevation Parkway","priority":"medium"},{"type":"sku_expansion","title":"Add 'BONE ZIP-UP JACKET (WM) - M' to 4 more store(s)","detail":"Carried in 2 stores. Missing from: Elevation Springs, Elevation Oasis, Elevation Boulevard, Elevation Parkway","priority":"medium"},{"type":"velocity","title":"Improve velocity in ACCESSORY","detail":"Velocity index 0 (below category average). 0.0 units/day vs 10.3 avg.","priority":"medium"},{"type":"velocity","title":"Improve velocity in nan","detail":"Velocity index 0 (below category average). 0.0 units/day vs 0.0 avg.","priority":"medium"}],"trend":[{"period":"2024-01","revenue":324.97501373291016,"cost":241.5999984741211,"margin":25.7,"units":14,"transactions":14,"profit":83.37499618530273,"revenue_change_pct":null,"units_change_pct":null,"margin_change_pts":null},{"period":"2024-02","revenue":837.5,"cost":407.72499084472656,"margin":51.3,"units":28,"transactions":26,"profit":429.77500915527344,"revenue_change_pct":157.7,"units_change_pct":100.0,"margin_change_pts":25.7},{"period":"2024-03","revenue":1133.6750030517578,"cost":526.2749862670898,"margin":53.6,"units":34,"transactions":30,"profit":607.3999786376953,"revenue_change_pct":35.4,"units_change_pct":21.4,"margin_change_pts":2.3},{"period":"2024-04","revenue":879.9749755859375,"cost":364.67498779296875,"margin":58.6,"units":32,"transactions":30,"profit":515.2999877929688,"revenue_change_pct":-22.4,"units_change_pct":-5.9,"margin_change_pts":5.0},{"period":"2024-05","revenue":231.25,"cost":85.0,"margin":63.2,"units":8,"transactions":8,"profit":146.25,"revenue_change_pct":-73.7,"units_change_pct":-75.0,"margin_change_pts":4.7},{"period":"2024-06","revenue":738.7249755859375,"cost":364.0999984741211,"margin":50.7,"units":30,"transactions":28,"profit":374.62501525878906,"revenue_change_pct":219.4,"units_change_pct":275.0,"margin_change_pts":-12.5},{"period":"2024-07","revenue":1277.4250030517578,"cost":543.6750030517578,"margin":57.4,"units":44,"transactions":38,"profit":733.75,"revenue_change_pct":72.9,"units_change_pct":46.7,"margin_change_pts":6.7},{"period":"2024-08","revenue":832.5,"cost":381.1750030517578,"margin":54.2,"units":26,"transactions":26,"profit":451.3249969482422,"revenue_change_pct":-34.8,"units_change_pct":-40.9,"margin_change_pts":-3.2},{"period":"2024-09","revenue":863.75,"cost":375.0,"margin":56.6,"units":26,"transactions":26,"profit":488.75,"revenue_change_pct":3.8,"units_change_pct":0,"margin_change_pts":2.4},{"period":"2024-10","revenue":646.8499755859375,"cost":246.49999618530273,"margin":61.9,"units":24,"transactions":22,"profit":400.3499984741211,"revenue_change_pct":-25.1,"units_change_pct":-7.7,"margin_change_pts":5.3},{"period":"2024-11","revenue":612.4749755859375,"cost":286.30001068115234,"margin":53.3,"units":20,"transactions":20,"profit":326.1750030517578,"revenue_change_pct":-5.3,"units_change_pct":-16.7,"margin_change_pts":-8.6},{"period":"2024-12","revenue":503.125,"cost":202.60000228881836,"margin":59.7,"units":18,"transactions":18,"profit":300.52499771118164,"revenue_change_pct":-17.9,"units_change_pct":-10.0,"margin_change_pts":6.5},{"period":"2025-01","revenue":796.2000274658203,"cost":342.5,"margin":57.0,"units":26,"transactions":20,"profit":453.69998931884766,"revenue_change_pct":58.3,"units_change_pct":44.4,"margin_change_pts":-2.7},{"period":"2025-02","revenue":213.75,"cost":83.75,"margin":60.8,"units":8,"transactions":8,"profit":130.0,"revenue_change_pct":-73.2,"units_change_pct":-69.2,"margin_change_pts":3.8},{"period":"2025-03","revenue":570.0,"cost":233.92499923706055,"margin":59.0,"units":18,"transactions":14,"profit":336.0749816894531,"revenue_change_pct":166.7,"units_change_pct":125.0,"margin_change_pts":-1.9},{"period":"2025-04","revenue":355.625,"cost":160.625,"margin":54.8,"units":12,"transactions":12,"profit":195.0,"revenue_change_pct":-37.6,"units_change_pct":-33.3,"margin_change_pts":-4.1},{"period":"2025-05","revenue":300.0,"cost":137.12499618530273,"margin":54.3,"units":10,"transactions":10,"profit":162.87500381469727,"revenue_change_pct":-15.6,"units_change_pct":-16.7,"margin_change_pts":-0.5},{"period":"2025-06","revenue":106.25,"cost":42.5,"margin":60.0,"units":4,"transactions":4,"profit":63.75,"revenue_change_pct":-64.6,"units_change_pct":-60.0,"margin_change_pts":5.7},{"period":"2025-07","revenue":62.5,"cost":21.25,"margin":66.0,"units":2,"transactions":2,"profit":41.25,"revenue_change_pct":-41.2,"units_change_pct":-50.0,"margin_change_pts":6.0},{"period":"2025-08","revenue":668.7249755859375,"cost":281.25,"margin":57.9,"units":20,"transactions":16,"profit":387.4749755859375,"revenue_change_pct":970.0,"units_change_pct":900.0,"margin_change_pts":-8.1},{"period":"2025-10","revenue":112.5,"cost":42.5,"margin":62.2,"units":4,"transactions":4,"profit":70.0,"revenue_change_pct":-83.2,"units_change_pct":-80.0,"margin_change_pts":4.3},{"period":"2025-11","revenue":125.0,"cost":42.5,"margin":66.0,"units":4,"transactions":2,"profit":82.5,"revenue_change_pct":11.1,"units_change_pct":0,"margin_change_pts":3.8},{"period":"2026-01","revenue":50.0,"cost":21.25,"margin":57.5,"units":2,"transactions":2,"profit":28.75,"revenue_change_pct":-60.0,"units_change_pct":-50.0,"margin_change_pts":-8.5}]}