{"brand":"ALIVE PRINT SHOP","date_range":"2024-01-01 00:00:00 to 2026-01-31 00:00:00","period_label":"All Time","summary":{"total_units":414,"total_revenue":12242.774658203125,"total_cost":5433.800048828125,"total_discounts":2301.9500732421875,"total_profit":6808.9752197265625,"overall_margin":55.599998474121094,"fp_margin":64.0999984741211,"disc_margin":42.79999923706055,"pct_full_price":60.20000076293945,"avg_discount_rate":15.800000190734863,"fp_revenue":7372.39990234375,"disc_revenue":4870.374755859375,"unique_customers":364,"brand":"ALIVE PRINT SHOP","date_range":"2024-01-01 00:00:00 to 2026-01-31 00:00:00","months_count":46,"avg_monthly_cost":236.25,"cost_per_unit":26.25,"primary_category":"APPAREL","primary_cat_margin":35.099998474121094,"category_rank":1,"category_total":8,"margin_vs_category":20.5,"velocity_rank":1},"category_breakdown":[{"category_clean":"APPAREL","units":352,"revenue":10648.675537109375,"cost":4755.050048828125,"profit":5893.6248779296875,"discounts":1988.8250732421875,"margin":55.29999923706055,"category_avg_margin":35.099998474121094,"vs_category":20.2,"rank":1.0,"total_brands":8.0},{"category_clean":"ACCESSORY","units":12,"revenue":325.49999237060547,"cost":140.0,"profit":185.49999237060547,"discounts":59.375,"margin":57.0,"category_avg_margin":61.099998474121094,"vs_category":-4.1,"rank":87.0,"total_brands":136.0}],"trend":[{"period":"2024-01","revenue":324.97501373291016,"cost":241.5999984741211,"margin":25.7,"units":14,"transactions":14,"profit":83.37499618530273,"revenue_change_pct":null,"units_change_pct":null,"margin_change_pts":null},{"period":"2024-02","revenue":837.5,"cost":407.72499084472656,"margin":51.3,"units":28,"transactions":26,"profit":429.77500915527344,"revenue_change_pct":157.7,"units_change_pct":100.0,"margin_change_pts":25.7},{"period":"2024-03","revenue":1133.6750030517578,"cost":526.2749862670898,"margin":53.6,"units":34,"transactions":30,"profit":607.3999786376953,"revenue_change_pct":35.4,"units_change_pct":21.4,"margin_change_pts":2.3},{"period":"2024-04","revenue":879.9749755859375,"cost":364.67498779296875,"margin":58.6,"units":32,"transactions":30,"profit":515.2999877929688,"revenue_change_pct":-22.4,"units_change_pct":-5.9,"margin_change_pts":5.0},{"period":"2024-05","revenue":231.25,"cost":85.0,"margin":63.2,"units":8,"transactions":8,"profit":146.25,"revenue_change_pct":-73.7,"units_change_pct":-75.0,"margin_change_pts":4.7},{"period":"2024-06","revenue":738.7249755859375,"cost":364.0999984741211,"margin":50.7,"units":30,"transactions":28,"profit":374.62501525878906,"revenue_change_pct":219.4,"units_change_pct":275.0,"margin_change_pts":-12.5},{"period":"2024-07","revenue":1277.4250030517578,"cost":543.6750030517578,"margin":57.4,"units":44,"transactions":38,"profit":733.75,"revenue_change_pct":72.9,"units_change_pct":46.7,"margin_change_pts":6.7},{"period":"2024-08","revenue":832.5,"cost":381.1750030517578,"margin":54.2,"units":26,"transactions":26,"profit":451.3249969482422,"revenue_change_pct":-34.8,"units_change_pct":-40.9,"margin_change_pts":-3.2},{"period":"2024-09","revenue":863.75,"cost":375.0,"margin":56.6,"units":26,"transactions":26,"profit":488.75,"revenue_change_pct":3.8,"units_change_pct":0,"margin_change_pts":2.4},{"period":"2024-10","revenue":646.8499755859375,"cost":246.49999618530273,"margin":61.9,"units":24,"transactions":22,"profit":400.3499984741211,"revenue_change_pct":-25.1,"units_change_pct":-7.7,"margin_change_pts":5.3},{"period":"2024-11","revenue":612.4749755859375,"cost":286.30001068115234,"margin":53.3,"units":20,"transactions":20,"profit":326.1750030517578,"revenue_change_pct":-5.3,"units_change_pct":-16.7,"margin_change_pts":-8.6},{"period":"2024-12","revenue":503.125,"cost":202.60000228881836,"margin":59.7,"units":18,"transactions":18,"profit":300.52499771118164,"revenue_change_pct":-17.9,"units_change_pct":-10.0,"margin_change_pts":6.5},{"period":"2025-01","revenue":796.2000274658203,"cost":342.5,"margin":57.0,"units":26,"transactions":20,"profit":453.69998931884766,"revenue_change_pct":58.3,"units_change_pct":44.4,"margin_change_pts":-2.7},{"period":"2025-02","revenue":213.75,"cost":83.75,"margin":60.8,"units":8,"transactions":8,"profit":130.0,"revenue_change_pct":-73.2,"units_change_pct":-69.2,"margin_change_pts":3.8},{"period":"2025-03","revenue":570.0,"cost":233.92499923706055,"margin":59.0,"units":18,"transactions":14,"profit":336.0749816894531,"revenue_change_pct":166.7,"units_change_pct":125.0,"margin_change_pts":-1.9},{"period":"2025-04","revenue":355.625,"cost":160.625,"margin":54.8,"units":12,"transactions":12,"profit":195.0,"revenue_change_pct":-37.6,"units_change_pct":-33.3,"margin_change_pts":-4.1},{"period":"2025-05","revenue":300.0,"cost":137.12499618530273,"margin":54.3,"units":10,"transactions":10,"profit":162.87500381469727,"revenue_change_pct":-15.6,"units_change_pct":-16.7,"margin_change_pts":-0.5},{"period":"2025-06","revenue":106.25,"cost":42.5,"margin":60.0,"units":4,"transactions":4,"profit":63.75,"revenue_change_pct":-64.6,"units_change_pct":-60.0,"margin_change_pts":5.7},{"period":"2025-07","revenue":62.5,"cost":21.25,"margin":66.0,"units":2,"transactions":2,"profit":41.25,"revenue_change_pct":-41.2,"units_change_pct":-50.0,"margin_change_pts":6.0},{"period":"2025-08","revenue":668.7249755859375,"cost":281.25,"margin":57.9,"units":20,"transactions":16,"profit":387.4749755859375,"revenue_change_pct":970.0,"units_change_pct":900.0,"margin_change_pts":-8.1},{"period":"2025-10","revenue":112.5,"cost":42.5,"margin":62.2,"units":4,"transactions":4,"profit":70.0,"revenue_change_pct":-83.2,"units_change_pct":-80.0,"margin_change_pts":4.3},{"period":"2025-11","revenue":125.0,"cost":42.5,"margin":66.0,"units":4,"transactions":2,"profit":82.5,"revenue_change_pct":11.1,"units_change_pct":0,"margin_change_pts":3.8},{"period":"2026-01","revenue":50.0,"cost":21.25,"margin":57.5,"units":2,"transactions":2,"profit":28.75,"revenue_change_pct":-60.0,"units_change_pct":-50.0,"margin_change_pts":-8.5}],"share_of_category":[{"category":"APPAREL","brand_revenue":10648.67431640625,"category_revenue":37619.05029296875,"revenue_share_pct":28.299999237060547,"brand_units":352,"category_units":1088,"units_share_pct":32.4},{"category":"ACCESSORY","brand_revenue":325.49999237060547,"category_revenue":4128754.0625,"revenue_share_pct":0.0,"brand_units":12,"category_units":2130096,"units_share_pct":0.0},{"category":0.0,"brand_revenue":0.0,"category_revenue":0.0,"revenue_share_pct":0.0,"brand_units":0,"category_units":0,"units_share_pct":0.0}],"share_of_category_trend":{"APPAREL":[{"period":"2024-01","brand_revenue":300.0,"category_revenue":300.0,"share_pct":100.0},{"period":"2024-02","brand_revenue":837.5,"category_revenue":837.5,"share_pct":100.0},{"period":"2024-03","brand_revenue":1097.4250030517578,"category_revenue":1097.4250030517578,"share_pct":100.0},{"period":"2024-04","brand_revenue":770.625,"category_revenue":770.625,"share_pct":100.0},{"period":"2024-05","brand_revenue":231.25,"category_revenue":4345.0,"share_pct":5.300000190734863},{"period":"2024-06","brand_revenue":695.0,"category_revenue":5618.75,"share_pct":12.399999618530273},{"period":"2024-07","brand_revenue":1077.5,"category_revenue":3827.5,"share_pct":28.200000762939453},{"period":"2024-08","brand_revenue":760.0,"category_revenue":822.5,"share_pct":92.4000015258789},{"period":"2024-09","brand_revenue":770.0,"category_revenue":810.0,"share_pct":95.0999984741211},{"period":"2024-10","brand_revenue":493.75,"category_revenue":493.75,"share_pct":100.0},{"period":"2024-11","brand_revenue":550.0,"category_revenue":2087.5,"share_pct":26.299999237060547},{"period":"2024-12","brand_revenue":503.125,"category_revenue":928.125,"share_pct":54.20000076293945},{"period":"2025-01","brand_revenue":533.75,"category_revenue":702.5,"share_pct":76.0},{"period":"2025-02","brand_revenue":168.75,"category_revenue":268.75,"share_pct":62.79999923706055},{"period":"2025-03","brand_revenue":382.5,"category_revenue":382.5,"share_pct":100.0},{"period":"2025-04","brand_revenue":277.5,"category_revenue":421.25,"share_pct":65.9000015258789},{"period":"2025-05","brand_revenue":237.5,"category_revenue":879.4999694824219,"share_pct":27.0},{"period":"2025-06","brand_revenue":0.0,"category_revenue":525.0,"share_pct":0.0},{"period":"2025-07","brand_revenue":62.5,"category_revenue":218.75,"share_pct":28.600000381469727},{"period":"2025-08","brand_revenue":612.5,"category_revenue":1616.25,"share_pct":37.900001525878906},{"period":"2025-09","brand_revenue":0.0,"category_revenue":920.0,"share_pct":0.0},{"period":"2025-10","brand_revenue":112.5,"category_revenue":1917.5,"share_pct":5.900000095367432},{"period":"2025-11","brand_revenue":125.0,"category_revenue":3255.3750610351562,"share_pct":3.799999952316284},{"period":"2025-12","brand_revenue":0.0,"category_revenue":2027.5,"share_pct":0.0},{"period":"2026-01","brand_revenue":50.0,"category_revenue":2545.500030517578,"share_pct":2.0}],"ACCESSORY":[{"period":"2024-01","brand_revenue":0.0,"category_revenue":153543.9453125,"share_pct":0.0},{"period":"2024-02","brand_revenue":0.0,"category_revenue":152399.47265625,"share_pct":0.0},{"period":"2024-03","brand_revenue":0.0,"category_revenue":154678.876953125,"share_pct":0.0},{"period":"2024-04","brand_revenue":0.0,"category_revenue":163353.65234375,"share_pct":0.0},{"period":"2024-05","brand_revenue":0.0,"category_revenue":179676.4453125,"share_pct":0.0},{"period":"2024-06","brand_revenue":43.72499942779541,"category_revenue":185008.828125,"share_pct":0.0},{"period":"2024-07","brand_revenue":43.72499942779541,"category_revenue":186675.46875,"share_pct":0.0},{"period":"2024-08","brand_revenue":72.5,"category_revenue":180226.328125,"share_pct":0.0},{"period":"2024-09","brand_revenue":0.0,"category_revenue":162386.298828125,"share_pct":0.0},{"period":"2024-10","brand_revenue":46.84999942779541,"category_revenue":166088.73046875,"share_pct":0.0},{"period":"2024-11","brand_revenue":0.0,"category_revenue":171706.09375,"share_pct":0.0},{"period":"2024-12","brand_revenue":0.0,"category_revenue":176502.03125,"share_pct":0.0},{"period":"2025-01","brand_revenue":62.47499942779541,"category_revenue":167261.34765625,"share_pct":0.0},{"period":"2025-02","brand_revenue":0.0,"category_revenue":155260.927734375,"share_pct":0.0},{"period":"2025-03","brand_revenue":0.0,"category_revenue":176420.390625,"share_pct":0.0},{"period":"2025-04","brand_revenue":0.0,"category_revenue":182694.82421875,"share_pct":0.0},{"period":"2025-05","brand_revenue":0.0,"category_revenue":179904.4921875,"share_pct":0.0},{"period":"2025-06","brand_revenue":0.0,"category_revenue":161148.75,"share_pct":0.0},{"period":"2025-07","brand_revenue":0.0,"category_revenue":165549.8046875,"share_pct":0.0},{"period":"2025-08","brand_revenue":56.22499942779541,"category_revenue":171752.05078125,"share_pct":0.0},{"period":"2025-09","brand_revenue":0.0,"category_revenue":168198.9453125,"share_pct":0.0},{"period":"2025-10","brand_revenue":0.0,"category_revenue":171844.55078125,"share_pct":0.0},{"period":"2025-11","brand_revenue":0.0,"category_revenue":172839.74609375,"share_pct":0.0},{"period":"2025-12","brand_revenue":0.0,"category_revenue":141954.873046875,"share_pct":0.0},{"period":"2026-01","brand_revenue":0.0,"category_revenue":81677.1484375,"share_pct":0.0}]},"discount_depth":[{"tier":"0% (Full Price)","transactions":214,"pct_of_transactions":53.2,"revenue":7372.39990234375,"avg_discount":0.0},{"tier":"1-10%","transactions":28,"pct_of_transactions":7.0,"revenue":900.0,"avg_discount":20.0},{"tier":"11-20%","transactions":14,"pct_of_transactions":3.5,"revenue":383.125,"avg_discount":38.599998474121094},{"tier":"21-30%","transactions":14,"pct_of_transactions":3.5,"revenue":437.4500274658203,"avg_discount":50.599998474121094},{"tier":"31%+","transactions":48,"pct_of_transactions":11.9,"revenue":941.0749816894531,"avg_discount":104.5999984741211}],"velocity":{"units_per_day":0.54,"revenue_per_day":16.200000047683716,"avg_units_per_txn":2.18,"days_of_data":756,"total_units":414,"total_transactions":380},"velocity_by_category":[{"category":"APPAREL","brand_units_per_day":0.46,"category_avg_units_per_day":0.18,"velocity_index":258.8,"brand_rev_per_unit":24.2,"category_rev_per_unit":27.66,"brands_in_category":8},{"category":"ACCESSORY","brand_units_per_day":0.02,"category_avg_units_per_day":20.56,"velocity_index":0.1,"brand_rev_per_unit":21.7,"category_rev_per_unit":1.55,"brands_in_category":136},{"category":0.0,"brand_units_per_day":0.0,"category_avg_units_per_day":0,"velocity_index":0,"brand_rev_per_unit":0.0,"category_rev_per_unit":0.0,"brands_in_category":0}],"deals":[{"deal_name":"Industry - 30% Off","times_used":34,"units":38.0,"revenue":988.6999988555908,"discounts":423.75,"cost":524.174998998642,"profit":464.5249979197979,"pre_discount_revenue":1412.4499988555908,"margin":47.0,"avg_discount":60.0},{"deal_name":"Senior - 10% Off","times_used":6,"units":6.0,"revenue":157.4749994277954,"discounts":17.5,"cost":62.5,"profit":94.97499942779541,"pre_discount_revenue":174.9749994277954,"margin":60.3,"avg_discount":20.0},{"deal_name":"Senior / Veterans - 20% Off","times_used":6,"units":6.0,"revenue":180.0,"discounts":45.0,"cost":106.42499923706055,"profit":73.57499957084656,"pre_discount_revenue":225.0,"margin":40.9,"avg_discount":40.0},{"deal_name":"Employee 30% - NOT FRIDAYS","times_used":4,"units":4.0,"revenue":140.0,"discounts":60.0,"cost":76.875,"profit":63.125,"pre_discount_revenue":200.0,"margin":45.1,"avg_discount":60.0},{"deal_name":"Veterans - 10% Off","times_used":4,"units":4.0,"revenue":112.5,"discounts":12.5,"cost":40.0,"profit":72.5,"pre_discount_revenue":125.0,"margin":64.4,"avg_discount":20.0},{"deal_name":"Employee - 40% OFF","times_used":2,"units":2.0,"revenue":82.5,"discounts":55.0,"cost":55.625,"profit":26.875,"pre_discount_revenue":137.5,"margin":32.6,"avg_discount":80.0},{"deal_name":"Industry 30% Off","times_used":2,"units":2.0,"revenue":43.75,"discounts":18.75,"cost":21.25,"profit":22.5,"pre_discount_revenue":62.5,"margin":51.4,"avg_discount":60.0},{"deal_name":"Jackpot - Locals 30% Off","times_used":2,"units":2.0,"revenue":43.75,"discounts":18.75,"cost":21.25,"profit":22.5,"pre_discount_revenue":62.5,"margin":51.4,"avg_discount":60.0}],"top_products":[{"product":"Blue Titleist Shirt","units":80,"revenue":2331.25,"cost":850.0,"profit":1481.25,"transactions":76,"margin":63.5},{"product":"BLUE CARD SHIRT","units":32,"revenue":950.0,"cost":340.0,"profit":610.0,"transactions":32,"margin":64.19999694824219},{"product":"BONE ZIP-UP JACKET (WM) - M","units":18,"revenue":859.375,"cost":500.625,"profit":358.75,"transactions":18,"margin":41.70000076293945},{"product":"Red Elevation Shirt","units":28,"revenue":796.875,"cost":297.5,"profit":499.375,"transactions":28,"margin":62.70000076293945},{"product":"Black T Elevation Shirt","units":24,"revenue":671.875,"cost":255.0,"profit":416.875,"transactions":22,"margin":62.0},{"product":"Navy Elevation Shirt","units":24,"revenue":637.5,"cost":255.0,"profit":382.5,"transactions":22,"margin":60.0},{"product":"SAND THRIVE SHIRT","units":22,"revenue":600.0,"cost":233.75,"profit":366.25,"transactions":22,"margin":61.0},{"product":"Bone Zipper - Sahara","units":8,"revenue":426.25,"cost":222.5,"profit":203.75,"transactions":8,"margin":47.79999923706055},{"product":"BLUE CROP CREWNECK- LARGE","units":10,"revenue":420.0,"cost":338.37501525878906,"profit":81.62500381469727,"transactions":8,"margin":19.399999618530273},{"product":"Black Elevation Shirt","units":12,"revenue":290.4750061035156,"cost":127.5,"profit":162.97500610351562,"transactions":12,"margin":56.099998474121094},{"product":"WOMEN'S BLACK TEE - M","units":10,"revenue":287.5,"cost":106.25,"profit":181.25,"transactions":10,"margin":63.0},{"product":"Royal Blue Shirt","units":10,"revenue":252.99999237060547,"cost":106.25,"profit":146.74999237060547,"transactions":10,"margin":58.0},{"product":"CASCADES CURSIVE THRIVE LOGO T-SHIRT (GREY) - XL","units":8,"revenue":237.5,"cost":114.70000267028809,"profit":122.79999732971191,"transactions":8,"margin":51.70000076293945},{"product":"Black Card Shirt","units":10,"revenue":231.25,"cost":106.25,"profit":125.0,"transactions":10,"margin":54.099998474121094},{"product":"Navy Tee - Sahara","units":8,"revenue":212.5,"cost":75.0,"profit":137.5,"transactions":8,"margin":64.69999694824219},{"product":"NAVY THRIVE TEE - XL","units":8,"revenue":206.25,"cost":85.0,"profit":121.25,"transactions":6,"margin":58.79999923706055},{"product":"WOMEN'S BLACK TEE - L","units":8,"revenue":200.0,"cost":85.0,"profit":115.0,"transactions":8,"margin":57.5},{"product":"BONE ZIP-UP JACKET (WM) - S","units":4,"revenue":196.25,"cost":111.25,"profit":85.0,"transactions":4,"margin":43.29999923706055},{"product":"THRIVE HAT","units":10,"revenue":181.25,"cost":113.75,"profit":67.5,"transactions":10,"margin":37.20000076293945},{"product":"Bone Hoodie - Sahara","units":2,"revenue":162.5,"cost":85.625,"profit":76.875,"transactions":2,"margin":47.29999923706055},{"product":"NAVY THRIVE TEE - L","units":6,"revenue":162.5,"cost":63.75,"profit":98.75,"transactions":6,"margin":60.79999923706055},{"product":"BONE CROP HOODIE- XS","units":4,"revenue":150.0,"cost":127.8499984741211,"profit":22.149999141693115,"transactions":4,"margin":14.800000190734863},{"product":"Blue Crop Tee - Sahara","units":6,"revenue":143.75,"cost":56.25,"profit":87.5,"transactions":6,"margin":60.900001525878906},{"product":"Pink Crop Tee - Sahara","units":6,"revenue":131.25,"cost":56.25,"profit":75.0,"transactions":6,"margin":57.099998474121094},{"product":"PINK THRIVE CROP - S","units":4,"revenue":125.0,"cost":35.49999952316284,"profit":89.49999809265137,"transactions":4,"margin":71.5999984741211}],"products_by_store":{"Elevation Springs":[{"product":"Blue Titleist Shirt","units":20,"revenue":550.0,"cost":212.5,"profit":337.5,"transactions":20,"margin":61.400001525878906},{"product":"BLUE CARD SHIRT","units":6,"revenue":168.75,"cost":63.75,"profit":105.0,"transactions":6,"margin":62.20000076293945},{"product":"WOMEN'S BLACK TEE - M","units":6,"revenue":168.75,"cost":63.75,"profit":105.0,"transactions":6,"margin":62.20000076293945},{"product":"Navy Elevation Shirt","units":8,"revenue":156.25,"cost":85.0,"profit":71.25,"transactions":8,"margin":45.599998474121094},{"product":"SAND THRIVE SHIRT","units":6,"revenue":156.25,"cost":63.75,"profit":92.5,"transactions":6,"margin":59.20000076293945},{"product":"Royal Blue Shirt","units":6,"revenue":134.3000030517578,"cost":63.75,"profit":70.54999828338623,"transactions":6,"margin":52.5},{"product":"WOMEN'S BLACK TEE - S","units":4,"revenue":118.75,"cost":42.5,"profit":76.25,"transactions":4,"margin":64.19999694824219},{"product":"Black Elevation Shirt","units":2,"revenue":62.47499942779541,"cost":21.25,"profit":41.22499942779541,"transactions":2,"margin":66.0},{"product":"WOMEN'S BLACK TEE - L","units":2,"revenue":43.75,"cost":21.25,"profit":22.5,"transactions":2,"margin":51.400001525878906}],"Elevation Mesa":[{"product":"BLUE CROP CREWNECK- LARGE","units":10,"revenue":420.0,"cost":338.37501525878906,"profit":81.62500381469727,"transactions":8,"margin":19.399999618530273},{"product":"BONE ZIP-UP JACKET (WM) - M","units":6,"revenue":240.625,"cost":166.875,"profit":73.75,"transactions":6,"margin":30.600000381469727},{"product":"BONE CROP HOODIE- XS","units":4,"revenue":150.0,"cost":127.8499984741211,"profit":22.149999141693115,"transactions":4,"margin":14.800000190734863},{"product":"Royal Blue Shirt","units":4,"revenue":118.69999885559082,"cost":42.5,"profit":76.19999885559082,"transactions":4,"margin":64.19999694824219},{"product":"PINK THRIVE CROP - L","units":4,"revenue":109.375,"cost":35.49999952316284,"profit":73.87499809265137,"transactions":4,"margin":67.5},{"product":"WOMEN'S BLACK TEE - L","units":4,"revenue":106.25,"cost":42.5,"profit":63.75,"transactions":4,"margin":60.0},{"product":"Black Elevation Shirt","units":4,"revenue":93.69999885559082,"cost":42.5,"profit":51.19999885559082,"transactions":4,"margin":54.599998474121094},{"product":"BLUE CROP CREWNECK- MEDIUM","units":2,"revenue":70.0,"cost":67.67499923706055,"profit":2.3250000178813934,"transactions":2,"margin":3.299999952316284},{"product":"PINK SUPERHERO CROP - L","units":2,"revenue":62.5,"cost":17.74999976158142,"profit":44.749999046325684,"transactions":2,"margin":71.5999984741211},{"product":"PINK THRIVE CROP - S","units":2,"revenue":62.5,"cost":17.74999976158142,"profit":44.749999046325684,"transactions":2,"margin":71.5999984741211},{"product":"WOMEN'S BLACK TEE - M","units":2,"revenue":56.25,"cost":21.25,"profit":35.0,"transactions":2,"margin":62.20000076293945},{"product":"BLUE THRIVE CROP - M","units":2,"revenue":46.875,"cost":17.74999976158142,"profit":29.124999046325684,"transactions":2,"margin":62.099998474121094},{"product":"BLUE THRIVE CROP - S","units":2,"revenue":43.75,"cost":17.74999976158142,"profit":25.999999046325684,"transactions":2,"margin":59.400001525878906},{"product":"PINK THRIVE CROP - M","units":2,"revenue":43.75,"cost":17.74999976158142,"profit":25.999999046325684,"transactions":2,"margin":59.400001525878906},{"product":"BLUE THRIVE CROP - L","units":2,"revenue":31.25,"cost":17.74999976158142,"profit":13.500000238418579,"transactions":2,"margin":43.20000076293945}],"Elevation Oasis":[{"product":"Blue Titleist Shirt","units":16,"revenue":462.5,"cost":170.0,"profit":292.5,"transactions":16,"margin":63.20000076293945},{"product":"THRIVE HAT","units":8,"revenue":145.0,"cost":80.0,"profit":65.0,"transactions":8,"margin":44.79999923706055},{"product":"SAND THRIVE SHIRT","units":4,"revenue":87.5,"cost":42.5,"profit":45.0,"transactions":4,"margin":51.400001525878906},{"product":"Black T Elevation Shirt","units":2,"revenue":62.5,"cost":21.25,"profit":41.25,"transactions":2,"margin":66.0}],"Elevation Midtown":[{"product":"BONE ZIP-UP JACKET (WM) - M","units":12,"revenue":618.75,"cost":333.75,"profit":285.0,"transactions":12,"margin":46.099998474121094},{"product":"CASCADES CURSIVE THRIVE LOGO T-SHIRT (GREY) - XL","units":8,"revenue":237.5,"cost":114.70000267028809,"profit":122.79999732971191,"transactions":8,"margin":51.70000076293945},{"product":"NAVY THRIVE TEE - XL","units":8,"revenue":206.25,"cost":85.0,"profit":121.25,"transactions":6,"margin":58.79999923706055},{"product":"BONE ZIP-UP JACKET (WM) - S","units":4,"revenue":196.25,"cost":111.25,"profit":85.0,"transactions":4,"margin":43.29999923706055},{"product":"NAVY THRIVE TEE - L","units":6,"revenue":162.5,"cost":63.75,"profit":98.75,"transactions":6,"margin":60.79999923706055},{"product":"PINK SUPERHERO CROP - S","units":4,"revenue":125.0,"cost":35.49999952316284,"profit":89.49999809265137,"transactions":4,"margin":71.5999984741211},{"product":"BLUE THRIVE CROP - L","units":2,"revenue":62.5,"cost":17.74999976158142,"profit":44.749999046325684,"transactions":2,"margin":71.5999984741211},{"product":"BLUE THRIVE CROP - M","units":2,"revenue":62.5,"cost":17.74999976158142,"profit":44.749999046325684,"transactions":2,"margin":71.5999984741211},{"product":"BLUE THRIVE CROP - S","units":2,"revenue":62.5,"cost":17.74999976158142,"profit":44.749999046325684,"transactions":2,"margin":71.5999984741211},{"product":"NAVY THRIVE TEE - M","units":2,"revenue":62.5,"cost":21.25,"profit":41.25,"transactions":2,"margin":66.0},{"product":"PINK THRIVE CROP - M","units":2,"revenue":62.5,"cost":17.74999976158142,"profit":44.749999046325684,"transactions":2,"margin":71.5999984741211},{"product":"PINK THRIVE CROP - S","units":2,"revenue":62.5,"cost":17.74999976158142,"profit":44.749999046325684,"transactions":2,"margin":71.5999984741211},{"product":"WOMEN'S BLACK TEE - M","units":2,"revenue":62.5,"cost":21.25,"profit":41.25,"transactions":2,"margin":66.0},{"product":"YELLOW THRIVE LOGO T-SHIRT (GREEN) - SMALL","units":2,"revenue":56.25,"cost":28.67500066757202,"profit":27.57499933242798,"transactions":2,"margin":49.0},{"product":"WOMEN'S BLACK TEE - L","units":2,"revenue":50.0,"cost":21.25,"profit":28.75,"transactions":2,"margin":57.5}],"Elevation Boulevard":[{"product":"Bone Zipper - Sahara","units":8,"revenue":426.25,"cost":222.5,"profit":203.75,"transactions":8,"margin":47.79999923706055},{"product":"Navy Tee - Sahara","units":8,"revenue":212.5,"cost":75.0,"profit":137.5,"transactions":8,"margin":64.69999694824219},{"product":"Bone Hoodie - Sahara","units":2,"revenue":162.5,"cost":85.625,"profit":76.875,"transactions":2,"margin":47.29999923706055},{"product":"Blue Crop Tee - Sahara","units":6,"revenue":143.75,"cost":56.25,"profit":87.5,"transactions":6,"margin":60.900001525878906},{"product":"Black Elevation Shirt","units":6,"revenue":134.3000030517578,"cost":63.75,"profit":70.54999828338623,"transactions":6,"margin":52.5},{"product":"Pink Crop Tee - Sahara","units":6,"revenue":131.25,"cost":56.25,"profit":75.0,"transactions":6,"margin":57.099998474121094},{"product":"Dad Hat","units":2,"revenue":72.5,"cost":33.75,"profit":38.75,"transactions":2,"margin":53.400001525878906},{"product":"Black Elevation Hoodies - Sahara","units":2,"revenue":70.0,"cost":37.5,"profit":32.5,"transactions":2,"margin":46.400001525878906},{"product":"Short Sleeve Black Tee - Sahara","units":2,"revenue":62.5,"cost":18.75,"profit":43.75,"transactions":2,"margin":70.0},{"product":"Crop Crewneck - Sahara","units":4,"revenue":50.0,"cost":135.3499984741211,"profit":-85.3499984741211,"transactions":4,"margin":-170.6999969482422},{"product":"ROYAL BLUE TEE - SAHARA","units":2,"revenue":43.75,"cost":18.75,"profit":25.0,"transactions":2,"margin":57.099998474121094},{"product":"THRIVE HAT","units":2,"revenue":36.25,"cost":33.75,"profit":2.5,"transactions":2,"margin":6.900000095367432}],"Elevation Parkway":[{"product":"Blue Titleist Shirt","units":44,"revenue":1318.75,"cost":467.5,"profit":851.25,"transactions":40,"margin":64.5},{"product":"Red Elevation Shirt","units":28,"revenue":796.875,"cost":297.5,"profit":499.375,"transactions":28,"margin":62.70000076293945},{"product":"BLUE CARD SHIRT","units":26,"revenue":781.25,"cost":276.25,"profit":505.0,"transactions":26,"margin":64.5999984741211},{"product":"Black T Elevation Shirt","units":22,"revenue":609.375,"cost":233.75,"profit":375.625,"transactions":20,"margin":61.599998474121094},{"product":"Navy Elevation Shirt","units":16,"revenue":481.25,"cost":170.0,"profit":311.25,"transactions":14,"margin":64.69999694824219},{"product":"SAND THRIVE SHIRT","units":12,"revenue":356.25,"cost":127.5,"profit":228.75,"transactions":12,"margin":64.19999694824219},{"product":"Black Card Shirt","units":10,"revenue":231.25,"cost":106.25,"profit":125.0,"transactions":10,"margin":54.099998474121094}]},"store_summary":[{"store_clean":"Elevation Parkway","units":158,"revenue":4575.0,"cost":1678.75,"profit":2896.25,"discounts":362.5,"margin":63.29999923706055,"discount_rate":7.300000190734863},{"store_clean":"Elevation Midtown","units":62,"revenue":2118.6749267578125,"cost":953.7999725341797,"profit":1164.8750305175781,"discounts":418.8249969482422,"margin":55.0,"discount_rate":16.5},{"store_clean":"Elevation Mesa","units":54,"revenue":1686.7750549316406,"cost":1012.7749633789062,"profit":674.0000152587891,"discounts":525.625,"margin":40.0,"discount_rate":23.799999237060547},{"store_clean":"Elevation Springs","units":60,"revenue":1559.2750549316406,"cost":637.5,"profit":921.7749786376953,"discounts":315.625,"margin":59.099998474121094,"discount_rate":16.799999237060547},{"store_clean":"Elevation Boulevard","units":50,"revenue":1545.5499267578125,"cost":837.2250366210938,"profit":708.3249664306641,"discounts":549.375,"margin":45.79999923706055,"discount_rate":26.200000762939453},{"store_clean":"Elevation Oasis","units":30,"revenue":757.5,"cost":313.75,"profit":443.75,"discounts":130.0,"margin":58.599998474121094,"discount_rate":14.600000381469727}],"recommendations":[{"severity":"green","title":"STRONG PERFORMER","detail":"Ranked #1 in APPAREL with 20.5 pts above average.","action":"Expand shelf space and prioritize this brand in category."}],"comparison":null}