{"brand":"BLAZY SUSAN","date_range":"2024-01-01 00:00:00 to 2026-01-31 00:00:00","period_label":"All Time","summary":{"total_units":410,"total_revenue":2100.3250122070312,"total_cost":485.52501678466797,"total_discounts":379.42501068115234,"total_profit":1614.8001098632812,"overall_margin":76.9000015258789,"fp_margin":83.9000015258789,"disc_margin":66.5999984741211,"pct_full_price":59.599998474121094,"avg_discount_rate":15.300000190734863,"fp_revenue":1251.1250305175781,"disc_revenue":849.2001342773438,"unique_customers":292,"brand":"BLAZY SUSAN","date_range":"2024-01-01 00:00:00 to 2026-01-31 00:00:00","months_count":28,"avg_monthly_cost":34.675,"cost_per_unit":2.375,"primary_category":"ACCESSORY","primary_cat_margin":61.099998474121094,"category_rank":52,"category_total":136,"margin_vs_category":15.800000190734863,"velocity_rank":26},"category_breakdown":[{"category_clean":"ACCESSORY","units":190,"revenue":974.6250152587891,"cost":365.2750015258789,"profit":609.3499755859375,"discounts":240.37500381469727,"margin":62.5,"category_avg_margin":61.099998474121094,"vs_category":1.4,"rank":52.0,"total_brands":136.0}],"trend":[{"period":"2024-11","revenue":402.00000762939453,"cost":46.05000019073486,"margin":88.5,"units":74,"transactions":70,"profit":355.9499740600586,"revenue_change_pct":null,"units_change_pct":null,"margin_change_pts":null},{"period":"2024-12","revenue":344.24999237060547,"cost":103.27500343322754,"margin":70.0,"units":68,"transactions":56,"profit":240.9749984741211,"revenue_change_pct":-14.4,"units_change_pct":-8.1,"margin_change_pts":-18.5},{"period":"2025-01","revenue":261.00000381469727,"cost":73.65000247955322,"margin":71.8,"units":50,"transactions":42,"profit":187.3499870300293,"revenue_change_pct":-24.2,"units_change_pct":-26.5,"margin_change_pts":1.8},{"period":"2025-02","revenue":162.37499237060547,"cost":17.325000762939453,"margin":89.3,"units":34,"transactions":30,"profit":145.04999160766602,"revenue_change_pct":-37.8,"units_change_pct":-32.0,"margin_change_pts":17.5},{"period":"2025-03","revenue":286.49999618530273,"cost":54.60000038146973,"margin":80.9,"units":48,"transactions":46,"profit":231.89998626708984,"revenue_change_pct":76.4,"units_change_pct":41.2,"margin_change_pts":-8.4},{"period":"2025-04","revenue":159.350004196167,"cost":65.87500095367432,"margin":58.7,"units":32,"transactions":28,"profit":93.4749984741211,"revenue_change_pct":-44.4,"units_change_pct":-33.3,"margin_change_pts":-22.3},{"period":"2025-05","revenue":98.22500228881836,"cost":31.050000190734863,"margin":68.4,"units":16,"transactions":16,"profit":67.17499732971191,"revenue_change_pct":-38.4,"units_change_pct":-50.0,"margin_change_pts":9.7},{"period":"2025-06","revenue":113.99999618530273,"cost":53.24999809265137,"margin":53.3,"units":20,"transactions":10,"profit":60.74999809265137,"revenue_change_pct":16.1,"units_change_pct":25.0,"margin_change_pts":-15.1},{"period":"2025-07","revenue":60.74999809265137,"cost":16.450001001358032,"margin":72.9,"units":16,"transactions":12,"profit":44.29999828338623,"revenue_change_pct":-46.7,"units_change_pct":-20.0,"margin_change_pts":19.6},{"period":"2025-08","revenue":51.37499809265137,"cost":5.799999833106995,"margin":88.7,"units":12,"transactions":12,"profit":45.57499885559082,"revenue_change_pct":-15.4,"units_change_pct":-25.0,"margin_change_pts":15.8},{"period":"2025-09","revenue":89.25000190734863,"cost":10.399999618530273,"margin":88.3,"units":18,"transactions":16,"profit":78.85000228881836,"revenue_change_pct":73.7,"units_change_pct":50.0,"margin_change_pts":-0.4},{"period":"2025-10","revenue":48.75,"cost":5.399999618530273,"margin":88.9,"units":10,"transactions":6,"profit":43.35000038146973,"revenue_change_pct":-45.4,"units_change_pct":-44.4,"margin_change_pts":0.6},{"period":"2025-12","revenue":11.25,"cost":1.1999999731779099,"margin":89.3,"units":6,"transactions":6,"profit":10.049999952316284,"revenue_change_pct":-76.9,"units_change_pct":-40.0,"margin_change_pts":0.4},{"period":"2026-01","revenue":11.25,"cost":1.1999999731779099,"margin":89.3,"units":6,"transactions":6,"profit":10.049999952316284,"revenue_change_pct":0,"units_change_pct":0,"margin_change_pts":0.0}],"share_of_category":[{"category":"ACCESSORY","brand_revenue":974.6250152587891,"category_revenue":4128754.0625,"revenue_share_pct":0.0,"brand_units":190,"category_units":2130096,"units_share_pct":0.0},{"category":0.0,"brand_revenue":0.0,"category_revenue":0.0,"revenue_share_pct":0.0,"brand_units":0,"category_units":0,"units_share_pct":0.0}],"share_of_category_trend":{"ACCESSORY":[{"period":"2024-01","brand_revenue":0.0,"category_revenue":153543.9453125,"share_pct":0.0},{"period":"2024-02","brand_revenue":0.0,"category_revenue":152399.47265625,"share_pct":0.0},{"period":"2024-03","brand_revenue":0.0,"category_revenue":154678.876953125,"share_pct":0.0},{"period":"2024-04","brand_revenue":0.0,"category_revenue":163353.65234375,"share_pct":0.0},{"period":"2024-05","brand_revenue":0.0,"category_revenue":179676.4453125,"share_pct":0.0},{"period":"2024-06","brand_revenue":0.0,"category_revenue":185008.828125,"share_pct":0.0},{"period":"2024-07","brand_revenue":0.0,"category_revenue":186675.46875,"share_pct":0.0},{"period":"2024-08","brand_revenue":0.0,"category_revenue":180226.328125,"share_pct":0.0},{"period":"2024-09","brand_revenue":0.0,"category_revenue":162386.298828125,"share_pct":0.0},{"period":"2024-10","brand_revenue":0.0,"category_revenue":166088.73046875,"share_pct":0.0},{"period":"2024-11","brand_revenue":50.999999046325684,"category_revenue":171706.09375,"share_pct":0.0},{"period":"2024-12","brand_revenue":175.49999237060547,"category_revenue":176502.03125,"share_pct":0.10000000149011612},{"period":"2025-01","brand_revenue":139.49999809265137,"category_revenue":167261.34765625,"share_pct":0.10000000149011612},{"period":"2025-02","brand_revenue":10.499999523162842,"category_revenue":155260.927734375,"share_pct":0.0},{"period":"2025-03","brand_revenue":111.00000381469727,"category_revenue":176420.390625,"share_pct":0.10000000149011612},{"period":"2025-04","brand_revenue":55.50000190734863,"category_revenue":182694.82421875,"share_pct":0.0},{"period":"2025-05","brand_revenue":45.0,"category_revenue":179904.4921875,"share_pct":0.0},{"period":"2025-06","brand_revenue":113.99999618530273,"category_revenue":161148.75,"share_pct":0.10000000149011612},{"period":"2025-07","brand_revenue":60.74999809265137,"category_revenue":165549.8046875,"share_pct":0.0},{"period":"2025-08","brand_revenue":51.37499809265137,"category_revenue":171752.05078125,"share_pct":0.0},{"period":"2025-09","brand_revenue":89.25000190734863,"category_revenue":168198.9453125,"share_pct":0.10000000149011612},{"period":"2025-10","brand_revenue":48.75,"category_revenue":171844.55078125,"share_pct":0.0},{"period":"2025-11","brand_revenue":0.0,"category_revenue":172839.74609375,"share_pct":0.0},{"period":"2025-12","brand_revenue":11.25,"category_revenue":141954.873046875,"share_pct":0.0},{"period":"2026-01","brand_revenue":11.25,"category_revenue":81677.1484375,"share_pct":0.0}]},"discount_depth":[{"tier":"0% (Full Price)","transactions":206,"pct_of_transactions":57.9,"revenue":1251.1250305175781,"avg_discount":0.0},{"tier":"1-10%","transactions":38,"pct_of_transactions":10.7,"revenue":253.12501907348633,"avg_discount":20.0},{"tier":"11-20%","transactions":2,"pct_of_transactions":0.6,"revenue":8.999999761581421,"avg_discount":40.0},{"tier":"21-30%","transactions":28,"pct_of_transactions":7.9,"revenue":178.50000381469727,"avg_discount":60.0},{"tier":"31%+","transactions":36,"pct_of_transactions":10.1,"revenue":180.20000457763672,"avg_discount":97.80000305175781}],"velocity":{"units_per_day":0.92,"revenue_per_day":4.699999988079071,"avg_units_per_txn":2.3,"days_of_data":446,"total_units":410,"total_transactions":356},"velocity_by_category":[{"category":"ACCESSORY","brand_units_per_day":0.24,"category_avg_units_per_day":20.56,"velocity_index":1.2,"brand_rev_per_unit":4.1,"category_rev_per_unit":1.55,"brands_in_category":136},{"category":0.0,"brand_units_per_day":0.0,"category_avg_units_per_day":0,"velocity_index":0,"brand_rev_per_unit":0.0,"category_rev_per_unit":0.0,"brands_in_category":0}],"deals":[{"deal_name":"Jackpot - Locals 30% Off","times_used":46,"units":56.0,"revenue":257.2500014305115,"discounts":110.25000035762787,"cost":86.55000194907188,"profit":170.6999969482422,"pre_discount_revenue":367.5,"margin":66.4,"avg_discount":60.0},{"deal_name":"Senior - 10% Off","times_used":32,"units":40.0,"revenue":202.50000715255737,"discounts":22.499999552965164,"cost":16.00000038743019,"profit":186.49999976158142,"pre_discount_revenue":225.0,"margin":92.1,"avg_discount":20.0},{"deal_name":"Industry - 30% Off","times_used":18,"units":20.0,"revenue":86.62500023841858,"discounts":37.125000059604645,"cost":21.22500106692314,"profit":65.39999783039093,"pre_discount_revenue":123.75,"margin":75.5,"avg_discount":60.0},{"deal_name":"Employee 30% - NOT FRIDAYS","times_used":10,"units":12.0,"revenue":62.99999713897705,"discounts":26.999999284744263,"cost":31.95000171661377,"profit":31.049998998641968,"pre_discount_revenue":90.0,"margin":49.3,"avg_discount":60.0},{"deal_name":"Veterans - 10% Off","times_used":6,"units":8.0,"revenue":50.625001192092896,"discounts":5.625000149011612,"cost":16.725000888109207,"profit":33.89999985694885,"pre_discount_revenue":56.25,"margin":67.0,"avg_discount":20.0},{"deal_name":"Industry 30% Off","times_used":2,"units":2.0,"revenue":9.775000214576721,"discounts":4.1999998688697815,"cost":4.5249998569488525,"profit":5.249999761581421,"pre_discount_revenue":13.975000381469727,"margin":53.7,"avg_discount":60.2},{"deal_name":"Senior / Veterans - 20% Off","times_used":2,"units":2.0,"revenue":8.999999761581421,"discounts":2.2499999403953552,"cost":0.7500000298023224,"profit":8.24999988079071,"pre_discount_revenue":11.25,"margin":91.7,"avg_discount":40.0}],"top_products":[{"product":"1 1/4 PURPLE ROLLING PAPERS - BLAZY SUSAN","units":200,"revenue":1018.125,"cost":75.00000476837158,"profit":943.125,"transactions":190,"margin":92.5999984741211},{"product":"BLAZY SUSAN CONES - BLAZY SUSAN","units":126,"revenue":716.9999694824219,"cost":335.4750061035156,"profit":381.5250015258789,"transactions":94,"margin":53.20000076293945},{"product":"DELUXE ROLLING KIT - BLAZY SUSAN","units":40,"revenue":212.62500762939453,"cost":25.0,"profit":187.62500762939453,"transactions":32,"margin":88.19999694824219},{"product":"ROSE WRAPS 2 PK","units":20,"revenue":107.57499694824219,"cost":45.249996185302734,"profit":62.32500076293945,"transactions":18,"margin":57.900001525878906},{"product":"BLAZY TIPS","units":24,"revenue":45.0,"cost":4.799999892711639,"profit":40.19999980926514,"transactions":22,"margin":89.30000305175781}],"products_by_store":{"Elevation Oasis":[{"product":"1 1/4 PURPLE ROLLING PAPERS - BLAZY SUSAN","units":200,"revenue":1018.125,"cost":75.00000476837158,"profit":943.125,"transactions":190,"margin":92.5999984741211},{"product":"BLAZY SUSAN CONES - BLAZY SUSAN","units":126,"revenue":716.9999694824219,"cost":335.4750061035156,"profit":381.5250015258789,"transactions":94,"margin":53.20000076293945},{"product":"DELUXE ROLLING KIT - BLAZY SUSAN","units":40,"revenue":212.62500762939453,"cost":25.0,"profit":187.62500762939453,"transactions":32,"margin":88.19999694824219},{"product":"ROSE WRAPS 2 PK","units":20,"revenue":107.57499694824219,"cost":45.249996185302734,"profit":62.32500076293945,"transactions":18,"margin":57.900001525878906},{"product":"BLAZY TIPS","units":24,"revenue":45.0,"cost":4.799999892711639,"profit":40.19999980926514,"transactions":22,"margin":89.30000305175781}]},"store_summary":[{"store_clean":"Elevation Oasis","units":410,"revenue":2100.3250122070312,"cost":485.52501678466797,"profit":1614.7999572753906,"discounts":379.42501068115234,"margin":76.9000015258789,"discount_rate":15.300000190734863}],"recommendations":[],"comparison":null}