{"brand":"THE REAL MCCOY","date_range":"2024-01-01 00:00:00 to 2026-01-31 00:00:00","period_label":"All Time","summary":{"total_units":4908,"total_revenue":161890.419921875,"total_cost":89935.947265625,"total_discounts":42719.5751953125,"total_profit":71954.47265625,"overall_margin":44.400001525878906,"fp_margin":54.29999923706055,"disc_margin":40.5,"pct_full_price":28.5,"avg_discount_rate":20.899999618530273,"fp_revenue":46187.5,"disc_revenue":115702.919921875,"brand":"THE REAL MCCOY","date_range":"2024-01-01 00:00:00 to 2026-01-31 00:00:00","primary_category":"FLOWER","store_coverage":"6/7","stores_present":["Elevation Springs","Elevation Mesa","Elevation Oasis","Elevation Midtown","Elevation Boulevard","Elevation Parkway"],"stores_missing":["Elevation Downtown"],"velocity_rank":42,"velocity_total":64},"distribution":[{"store":"Elevation Springs","carries_brand":true,"sku_count":8,"revenue":31777.80029296875,"units":978,"store_total_revenue":51138750.0,"brand_share_pct":0.10000000149011612},{"store":"Elevation Mesa","carries_brand":true,"sku_count":8,"revenue":29610.54931640625,"units":940,"store_total_revenue":47532240.0,"brand_share_pct":0.10000000149011612},{"store":"Elevation Oasis","carries_brand":true,"sku_count":14,"revenue":39474.67529296875,"units":1068,"store_total_revenue":56050145.0,"brand_share_pct":0.10000000149011612},{"store":"Elevation Downtown","carries_brand":false,"sku_count":0,"revenue":0.0,"units":0,"store_total_revenue":1945237.1875,"brand_share_pct":0},{"store":"Elevation Midtown","carries_brand":true,"sku_count":16,"revenue":40128.22509765625,"units":1274,"store_total_revenue":30850185.0,"brand_share_pct":0.10000000149011612},{"store":"Elevation Boulevard","carries_brand":true,"sku_count":8,"revenue":16616.6748046875,"units":508,"store_total_revenue":28757865.0,"brand_share_pct":0.10000000149011612},{"store":"Elevation Parkway","carries_brand":true,"sku_count":6,"revenue":4282.5,"units":140,"store_total_revenue":21987007.5,"brand_share_pct":0.0}],"share_of_category":[{"category":"FLOWER","brand_revenue":158052.9296875,"category_revenue":77755450.0,"revenue_share_pct":0.20000000298023224,"brand_units":4838,"category_units":2708446,"units_share_pct":0.2},{"category":"TOPICAL","brand_revenue":3837.5,"category_revenue":961288.59375,"revenue_share_pct":0.4000000059604645,"brand_units":70,"category_units":20876,"units_share_pct":0.3}],"share_of_category_trend":{"FLOWER":[{"period":"2024-01","brand_revenue":33236.35009765625,"category_revenue":3552357.8125,"share_pct":0.8999999761581421},{"period":"2024-02","brand_revenue":15103.074951171875,"category_revenue":3535245.625,"share_pct":0.4000000059604645},{"period":"2024-03","brand_revenue":29685.0,"category_revenue":3693805.625,"share_pct":0.800000011920929},{"period":"2024-04","brand_revenue":17364.5751953125,"category_revenue":3541899.6875,"share_pct":0.5},{"period":"2024-05","brand_revenue":16111.77490234375,"category_revenue":3537479.375,"share_pct":0.5},{"period":"2024-06","brand_revenue":18547.19970703125,"category_revenue":3403269.6875,"share_pct":0.5},{"period":"2024-07","brand_revenue":21183.701171875,"category_revenue":3457705.9375,"share_pct":0.6000000238418579},{"period":"2024-08","brand_revenue":6821.25,"category_revenue":3453819.375,"share_pct":0.20000000298023224},{"period":"2024-09","brand_revenue":0.0,"category_revenue":3316441.5625,"share_pct":0.0},{"period":"2024-10","brand_revenue":0.0,"category_revenue":3585775.0,"share_pct":0.0},{"period":"2024-11","brand_revenue":0.0,"category_revenue":3454855.3125,"share_pct":0.0},{"period":"2024-12","brand_revenue":0.0,"category_revenue":3226567.8125,"share_pct":0.0},{"period":"2025-01","brand_revenue":0.0,"category_revenue":2984938.125,"share_pct":0.0},{"period":"2025-02","brand_revenue":0.0,"category_revenue":2816220.0,"share_pct":0.0},{"period":"2025-03","brand_revenue":0.0,"category_revenue":2911379.6875,"share_pct":0.0},{"period":"2025-04","brand_revenue":0.0,"category_revenue":3118895.3125,"share_pct":0.0},{"period":"2025-05","brand_revenue":0.0,"category_revenue":2887345.0,"share_pct":0.0},{"period":"2025-06","brand_revenue":0.0,"category_revenue":2773698.125,"share_pct":0.0},{"period":"2025-07","brand_revenue":0.0,"category_revenue":2782763.125,"share_pct":0.0},{"period":"2025-08","brand_revenue":0.0,"category_revenue":2733122.8125,"share_pct":0.0},{"period":"2025-09","brand_revenue":0.0,"category_revenue":2603501.5625,"share_pct":0.0},{"period":"2025-10","brand_revenue":0.0,"category_revenue":2663705.0,"share_pct":0.0},{"period":"2025-11","brand_revenue":0.0,"category_revenue":2700189.0625,"share_pct":0.0},{"period":"2025-12","brand_revenue":0.0,"category_revenue":2515209.53125,"share_pct":0.0},{"period":"2026-01","brand_revenue":0.0,"category_revenue":2505261.875,"share_pct":0.0}],"TOPICAL":[{"period":"2024-01","brand_revenue":1825.0,"category_revenue":36155.625,"share_pct":5.0},{"period":"2024-02","brand_revenue":1575.0,"category_revenue":40546.25,"share_pct":3.9000000953674316},{"period":"2024-03","brand_revenue":437.5,"category_revenue":40492.37548828125,"share_pct":1.100000023841858},{"period":"2024-04","brand_revenue":0.0,"category_revenue":47283.251953125,"share_pct":0.0},{"period":"2024-05","brand_revenue":0.0,"category_revenue":44135.2490234375,"share_pct":0.0},{"period":"2024-06","brand_revenue":0.0,"category_revenue":45135.80078125,"share_pct":0.0},{"period":"2024-07","brand_revenue":0.0,"category_revenue":37561.875,"share_pct":0.0},{"period":"2024-08","brand_revenue":0.0,"category_revenue":44962.8759765625,"share_pct":0.0},{"period":"2024-09","brand_revenue":0.0,"category_revenue":40434.65087890625,"share_pct":0.0},{"period":"2024-10","brand_revenue":0.0,"category_revenue":43945.849609375,"share_pct":0.0},{"period":"2024-11","brand_revenue":0.0,"category_revenue":35443.1494140625,"share_pct":0.0},{"period":"2024-12","brand_revenue":0.0,"category_revenue":54908.6767578125,"share_pct":0.0},{"period":"2025-01","brand_revenue":0.0,"category_revenue":41293.9990234375,"share_pct":0.0},{"period":"2025-02","brand_revenue":0.0,"category_revenue":34815.0244140625,"share_pct":0.0},{"period":"2025-03","brand_revenue":0.0,"category_revenue":45425.673828125,"share_pct":0.0},{"period":"2025-04","brand_revenue":0.0,"category_revenue":49624.19921875,"share_pct":0.0},{"period":"2025-05","brand_revenue":0.0,"category_revenue":46769.27734375,"share_pct":0.0},{"period":"2025-06","brand_revenue":0.0,"category_revenue":36023.3740234375,"share_pct":0.0},{"period":"2025-07","brand_revenue":0.0,"category_revenue":34410.0,"share_pct":0.0},{"period":"2025-08","brand_revenue":0.0,"category_revenue":23680.0,"share_pct":0.0},{"period":"2025-09","brand_revenue":0.0,"category_revenue":23843.57421875,"share_pct":0.0},{"period":"2025-10","brand_revenue":0.0,"category_revenue":30430.07568359375,"share_pct":0.0},{"period":"2025-11","brand_revenue":0.0,"category_revenue":32425.30029296875,"share_pct":0.0},{"period":"2025-12","brand_revenue":0.0,"category_revenue":27391.6748046875,"share_pct":0.0},{"period":"2026-01","brand_revenue":0.0,"category_revenue":24150.74951171875,"share_pct":0.0}]},"velocity_by_category":[{"category":"FLOWER","brand_units_per_day":6.34,"category_avg_units_per_day":55.54,"velocity_index":11.4,"brand_rev_per_unit":26.14,"category_rev_per_unit":22.97,"brands_in_category":64},{"category":"TOPICAL","brand_units_per_day":0.1,"category_avg_units_per_day":3.92,"velocity_index":2.3,"brand_rev_per_unit":43.86,"category_rev_per_unit":36.84,"brands_in_category":7}],"store_gaps":[{"store":"Elevation Downtown","category":"FLOWER","category_revenue_at_store":324929.8828125,"opportunity":"Brand not carried"},{"store":"Elevation Midtown","category":"TOPICAL","category_revenue_at_store":150233.1640625,"opportunity":"Category not carried at this store"},{"store":"Elevation Mesa","category":"TOPICAL","category_revenue_at_store":120558.28125,"opportunity":"Category not carried at this store"},{"store":"Elevation Parkway","category":"TOPICAL","category_revenue_at_store":110568.73046875,"opportunity":"Category not carried at this store"},{"store":"Elevation Downtown","category":"TOPICAL","category_revenue_at_store":9369.25048828125,"opportunity":"Brand not carried"}],"product_mix":{"top":[{"product":"GLITTER BOMB EIGHTH - THE REAL MCCOY","units":1226,"revenue":43281.875,"cost":22987.5,"profit":20294.375,"stores":6,"transactions":996,"margin":46.900001525878906},{"product":"BABY JOKERZ EIGHTH - THE REAL MCCOY","units":1188,"revenue":37679.7509765625,"cost":22275.0,"profit":15404.749755859375,"stores":5,"transactions":988,"margin":40.900001525878906},{"product":"GUAVA X MIKE LARRY EIGHTH - THE REAL MCCOY","units":738,"revenue":21423.349609375,"cost":12970.350341796875,"profit":8452.999877929688,"stores":2,"transactions":570,"margin":39.5},{"product":"TICKLE BURGER EIGHTH - THE REAL MCCOY","units":522,"revenue":16513.75,"cost":9174.150390625,"profit":7339.599609375,"stores":2,"transactions":314,"margin":44.400001525878906},{"product":"LOUD CAKE EIGHTH - THE REAL MCCOY","units":402,"revenue":13264.67529296875,"cost":7065.150146484375,"profit":6199.525146484375,"stores":2,"transactions":282,"margin":46.70000076293945},{"product":"TRIPLE BURGER EIGHTH - THE REAL MCCOY","units":304,"revenue":9663.474731445312,"cost":6189.6002197265625,"profit":3473.8751220703125,"stores":3,"transactions":266,"margin":35.900001525878906},{"product":"G STAQ EIGHTH - THE REAL MCCOY","units":136,"revenue":5329.375,"cost":2550.0,"profit":2779.375,"stores":1,"transactions":88,"margin":52.20000076293945},{"product":"TOP SHELF RESPIRATORY SALVE - THE REAL MCCOY","units":70,"revenue":3837.5,"cost":2187.5,"profit":1650.0,"stores":3,"transactions":62,"margin":43.0},{"product":"DOUBLE KRUSH EIGHTH - THE REAL MCCOY","units":98,"revenue":3260.0,"cost":1722.3500061035156,"profit":1537.6499938964844,"stores":1,"transactions":78,"margin":47.20000076293945},{"product":"CHERRY BURGER EIGHTH - THE REAL MCCOY","units":64,"revenue":2633.75,"cost":1200.0,"profit":1433.75,"stores":1,"transactions":48,"margin":54.400001525878906},{"product":"PERMANENT MARKER EIGHTH - THE REAL MCCOY","units":76,"revenue":2381.25,"cost":0.949999988079071,"profit":2380.2999877929688,"stores":2,"transactions":66,"margin":100.0},{"product":"G-STAQ EIGHTH - THE REAL MCCOY","units":68,"revenue":2140.0,"cost":1275.0,"profit":865.0,"stores":1,"transactions":56,"margin":40.400001525878906},{"product":"LARRY CAKE EIGHTH - THE REAL MCCOY","units":16,"revenue":481.6749954223633,"cost":338.4000015258789,"profit":143.27499389648438,"stores":1,"transactions":12,"margin":29.700000762939453}],"bottom":[],"expansion":[{"product":"BABY JOKERZ EIGHTH - THE REAL MCCOY","current_stores":5,"total_stores":6,"missing_stores":["Elevation Parkway"],"revenue":37679.7509765625},{"product":"GUAVA X MIKE LARRY EIGHTH - THE REAL MCCOY","current_stores":2,"total_stores":6,"missing_stores":["Elevation Springs","Elevation Oasis","Elevation Boulevard","Elevation Parkway"],"revenue":21423.349609375},{"product":"TICKLE BURGER EIGHTH - THE REAL MCCOY","current_stores":2,"total_stores":6,"missing_stores":["Elevation Springs","Elevation Mesa","Elevation Boulevard","Elevation Parkway"],"revenue":16513.75},{"product":"LOUD CAKE EIGHTH - THE REAL MCCOY","current_stores":2,"total_stores":6,"missing_stores":["Elevation Springs","Elevation Mesa","Elevation Boulevard","Elevation Parkway"],"revenue":13264.67529296875},{"product":"TRIPLE BURGER EIGHTH - THE REAL MCCOY","current_stores":3,"total_stores":6,"missing_stores":["Elevation Mesa","Elevation Oasis","Elevation Midtown"],"revenue":9663.474731445312},{"product":"TOP SHELF RESPIRATORY SALVE - THE REAL MCCOY","current_stores":3,"total_stores":6,"missing_stores":["Elevation Mesa","Elevation Midtown","Elevation Parkway"],"revenue":3837.5},{"product":"PERMANENT MARKER EIGHTH - THE REAL MCCOY","current_stores":2,"total_stores":6,"missing_stores":["Elevation Springs","Elevation Oasis","Elevation Boulevard","Elevation Parkway"],"revenue":2381.25}]},"pricing_consistency":[{"product":"GLITTER BOMB EIGHTH - THE REAL MCCOY","min_price":60.0,"max_price":78.79222972972973,"avg_price":69.44608924778659,"std_dev":2.744960813702542,"store_count":12,"price_range":18.792229729729726,"range_pct":27.1},{"product":"PERMANENT MARKER EIGHTH - THE REAL MCCOY","min_price":57.13541666666667,"max_price":72.14285714285714,"avg_price":64.63913690476191,"std_dev":4.244745171587102,"store_count":4,"price_range":15.007440476190474,"range_pct":23.2},{"product":"BABY JOKERZ EIGHTH - THE REAL MCCOY","min_price":59.45997450086806,"max_price":73.7668918918919,"avg_price":64.84382103497464,"std_dev":2.244019579079213,"store_count":10,"price_range":14.306917391023841,"range_pct":22.1},{"product":"LOUD CAKE EIGHTH - THE REAL MCCOY","min_price":59.92283950617284,"max_price":70.09104410807292,"avg_price":65.00694180712289,"std_dev":2.876002570598322,"store_count":4,"price_range":10.16820460190008,"range_pct":15.6},{"product":"TOP SHELF RESPIRATORY SALVE - THE REAL MCCOY","min_price":102.08333333333334,"max_price":117.64705882352942,"avg_price":107.27124183006538,"std_dev":3.594288440543259,"store_count":6,"price_range":15.56372549019608,"range_pct":14.5},{"product":"TRIPLE BURGER EIGHTH - THE REAL MCCOY","min_price":59.125,"max_price":68.1,"avg_price":63.04237819764673,"std_dev":1.8379454990202786,"store_count":6,"price_range":8.975,"range_pct":14.2},{"product":"TICKLE BURGER EIGHTH - THE REAL MCCOY","min_price":59.84375,"max_price":65.84731543624162,"avg_price":62.84553271812081,"std_dev":1.6980647325054488,"store_count":4,"price_range":6.0035654362416135,"range_pct":9.6},{"product":"GUAVA X MIKE LARRY EIGHTH - THE REAL MCCOY","min_price":56.06294904436383,"max_price":58.927234694187746,"avg_price":57.49509186927579,"std_dev":0.8101423224983202,"store_count":4,"price_range":2.8642856498239055,"range_pct":5.0}],"promotional_effectiveness":{"lift":{"fp_units_per_day":6.32,"disc_units_per_day":17.3,"lift_pct":173.5,"fp_avg_revenue_per_unit":80.175,"disc_avg_revenue_per_unit":61.6},"by_deal":[{"deal_name":"30% Off Special","uses":263,"revenue":17189.375,"discounts":7366.875,"units":592.0,"cost":10884.250149726868,"margin":36.7,"discount_depth":60.0},{"deal_name":"Industry - 30% Off","uses":258,"revenue":18070.625,"discounts":7798.125,"units":602.0,"cost":11174.675044533797,"margin":38.2,"discount_depth":60.2},{"deal_name":"1/4 for $60 The Real McCoy","uses":111,"revenue":18912.5,"discounts":3100.0,"units":504.0,"cost":9262.624999997206,"margin":51.0,"discount_depth":28.2},{"deal_name":"1/4 for $50 The Real McCoy","uses":83,"revenue":10825.0,"discounts":3425.0,"units":348.0,"cost":6083.450163649395,"margin":43.8,"discount_depth":48.0},{"deal_name":"$40 1/4 Limited Strains","uses":44,"revenue":4860.0,"discounts":3102.5,"units":196.0,"cost":3444.7001028060913,"margin":29.1,"discount_depth":78.0},{"deal_name":"Senior - 10% Off","uses":38,"revenue":4809.375,"discounts":534.375,"units":124.0,"cost":2302.375018023886,"margin":52.1,"discount_depth":20.0},{"deal_name":"Jackpot - Locals 30% Off","uses":24,"revenue":1960.0,"discounts":840.0,"units":66.0,"cost":1243.700008392334,"margin":36.5,"discount_depth":60.0},{"deal_name":"$50 Quarter Special","uses":23,"revenue":1750.0,"discounts":525.0,"units":56.0,"cost":991.3500285148621,"margin":43.4,"discount_depth":46.2},{"deal_name":"Veterans - 10% Off","uses":13,"revenue":1074.375,"discounts":119.375,"units":28.0,"cost":522.6500010490417,"margin":51.4,"discount_depth":20.0},{"deal_name":"2 for $50 Real McCoy / Homies / Matrix / Sauced","uses":13,"revenue":1518.75,"discounts":437.5,"units":48.0,"cost":850.7500243186951,"margin":44.0,"discount_depth":44.8},{"deal_name":"Senior / Veterans - 20% Off","uses":12,"revenue":1000.0,"discounts":250.0,"units":28.0,"cost":554.9000024795532,"margin":44.5,"discount_depth":40.0},{"deal_name":"Stock & Save - 1/4 for $40","uses":8,"revenue":450.0,"discounts":225.0,"units":18.0,"cost":337.5,"margin":25.0,"discount_depth":66.6},{"deal_name":"Real McCoy","uses":6,"revenue":145.83333333333334,"discounts":43.75,"units":4.666666666666666,"cost":82.01666911443073,"margin":43.8,"discount_depth":46.2},{"deal_name":"Reina","uses":6,"revenue":145.83333333333334,"discounts":43.75,"units":4.666666666666666,"cost":82.01666911443073,"margin":43.8,"discount_depth":46.2},{"deal_name":"$50 1/4 - Matrix","uses":6,"revenue":145.83333333333334,"discounts":43.75,"units":4.666666666666666,"cost":82.01666911443073,"margin":43.8,"discount_depth":46.2},{"deal_name":"$50 Quarters","uses":5,"revenue":562.5,"discounts":168.75,"units":18.0,"cost":330.65000772476196,"margin":41.2,"discount_depth":46.2},{"deal_name":"25-30% Off","uses":4,"revenue":245.0,"discounts":105.0,"units":8.0,"cost":150.0,"margin":38.8,"discount_depth":60.0},{"deal_name":"$45 Mix N Match Quarters","uses":1,"revenue":112.5,"discounts":62.5,"units":4.0,"cost":75.0,"margin":33.3,"discount_depth":71.4},{"deal_name":"25% OFF SALE","uses":1,"revenue":187.5,"discounts":62.5,"units":4.0,"cost":125.0,"margin":33.3,"discount_depth":50.0}]},"growth_opportunities":[{"type":"distribution","title":"Expand to Elevation Downtown","detail":"Store has $133,720 in FLOWER, TOPICAL \u2014 categories where THE REAL MCCOY competes.","priority":"high"},{"type":"sku_expansion","title":"Add 'BABY JOKERZ EIGHTH - THE REAL MCCOY' to 1 more store(s)","detail":"Carried in 5 stores. Missing from: Elevation Parkway","priority":"medium"},{"type":"sku_expansion","title":"Add 'GUAVA X MIKE LARRY EIGHTH - THE REAL MCCOY' to 4 more store(s)","detail":"Carried in 2 stores. Missing from: Elevation Springs, Elevation Oasis, Elevation Boulevard, Elevation Parkway","priority":"medium"},{"type":"sku_expansion","title":"Add 'LOUD CAKE EIGHTH - THE REAL MCCOY' to 4 more store(s)","detail":"Carried in 2 stores. Missing from: Elevation Springs, Elevation Mesa, Elevation Boulevard, Elevation Parkway","priority":"medium"},{"type":"sku_expansion","title":"Add 'PERMANENT MARKER EIGHTH - THE REAL MCCOY' to 4 more store(s)","detail":"Carried in 2 stores. Missing from: Elevation Springs, Elevation Oasis, Elevation Boulevard, Elevation Parkway","priority":"medium"},{"type":"sku_expansion","title":"Add 'TICKLE BURGER EIGHTH - THE REAL MCCOY' to 4 more store(s)","detail":"Carried in 2 stores. Missing from: Elevation Springs, Elevation Mesa, Elevation Boulevard, Elevation Parkway","priority":"medium"},{"type":"velocity","title":"Improve velocity in FLOWER","detail":"Velocity index 11 (below category average). 3.2 units/day vs 27.8 avg.","priority":"medium"},{"type":"velocity","title":"Improve velocity in TOPICAL","detail":"Velocity index 2 (below category average). 0.1 units/day vs 2.0 avg.","priority":"medium"}],"trend":[{"period":"2024-01","revenue":35061.35009765625,"cost":19654.000244140625,"margin":43.9,"units":1058,"transactions":720,"profit":15407.349853515625,"revenue_change_pct":null,"units_change_pct":null,"margin_change_pts":null},{"period":"2024-02","revenue":16678.074951171875,"cost":9510.599975585938,"margin":43.0,"units":510,"transactions":350,"profit":7167.4749755859375,"revenue_change_pct":-52.4,"units_change_pct":-51.8,"margin_change_pts":-1.0},{"period":"2024-03","revenue":30122.5,"cost":17382.974853515625,"margin":42.3,"units":956,"transactions":666,"profit":12739.525146484375,"revenue_change_pct":80.6,"units_change_pct":87.5,"margin_change_pts":-0.7},{"period":"2024-04","revenue":17364.5751953125,"cost":9187.550048828125,"margin":47.1,"units":494,"transactions":402,"profit":8177.025146484375,"revenue_change_pct":-42.4,"units_change_pct":-48.3,"margin_change_pts":4.8},{"period":"2024-05","revenue":16111.77490234375,"cost":8550.025024414062,"margin":46.9,"units":458,"transactions":330,"profit":7561.7498779296875,"revenue_change_pct":-7.2,"units_change_pct":-7.3,"margin_change_pts":-0.2},{"period":"2024-06","revenue":18547.19970703125,"cost":9600.30029296875,"margin":48.2,"units":536,"transactions":418,"profit":8946.900024414062,"revenue_change_pct":15.1,"units_change_pct":17.0,"margin_change_pts":1.3},{"period":"2024-07","revenue":21183.701171875,"cost":11250.224609375,"margin":46.9,"units":618,"transactions":412,"profit":9933.474731445312,"revenue_change_pct":14.2,"units_change_pct":15.3,"margin_change_pts":-1.3},{"period":"2024-08","revenue":6821.25,"cost":4800.274963378906,"margin":29.6,"units":278,"transactions":244,"profit":2020.9750366210938,"revenue_change_pct":-67.8,"units_change_pct":-55.0,"margin_change_pts":-17.3}]}