{"brand":"THE REAL MCCOY","date_range":"2024-01-01 00:00:00 to 2026-01-31 00:00:00","period_label":"All Time","summary":{"total_units":2454,"total_revenue":64756.16796875,"total_cost":35974.37890625,"total_discounts":17087.830078125,"total_profit":28781.7890625,"overall_margin":44.400001525878906,"fp_margin":54.29999923706055,"disc_margin":40.5,"pct_full_price":28.5,"avg_discount_rate":20.899999618530273,"fp_revenue":18475.0,"disc_revenue":46281.16796875,"unique_customers":1537,"brand":"THE REAL MCCOY","date_range":"2024-01-01 00:00:00 to 2026-01-31 00:00:00","months_count":8,"avg_monthly_cost":4496.8,"cost_per_unit":14.66,"primary_category":"FLOWER","primary_cat_margin":53.79999923706055,"category_rank":42,"category_total":64,"margin_vs_category":-9.399999618530273,"velocity_rank":42},"category_breakdown":[{"category_clean":"FLOWER","units":2419,"revenue":63221.171875,"cost":35099.37890625,"profit":28121.7890625,"discounts":16872.830078125,"margin":44.5,"category_avg_margin":53.79999923706055,"vs_category":-9.3,"rank":42.0,"total_brands":64.0},{"category_clean":"TOPICAL","units":35,"revenue":1535.0,"cost":875.0,"profit":660.0,"discounts":215.0,"margin":43.0,"category_avg_margin":51.0,"vs_category":-8.0,"rank":6.0,"total_brands":7.0}],"trend":[{"period":"2024-01","revenue":14024.5400390625,"cost":7861.60009765625,"margin":43.9,"units":529,"transactions":360,"profit":6162.93994140625,"revenue_change_pct":null,"units_change_pct":null,"margin_change_pts":null},{"period":"2024-02","revenue":6671.22998046875,"cost":3804.239990234375,"margin":43.0,"units":255,"transactions":175,"profit":2866.989990234375,"revenue_change_pct":-52.4,"units_change_pct":-51.8,"margin_change_pts":-1.0},{"period":"2024-03","revenue":12049.0,"cost":6953.18994140625,"margin":42.3,"units":478,"transactions":333,"profit":5095.81005859375,"revenue_change_pct":80.6,"units_change_pct":87.5,"margin_change_pts":-0.7},{"period":"2024-04","revenue":6945.830078125,"cost":3675.02001953125,"margin":47.1,"units":247,"transactions":201,"profit":3270.81005859375,"revenue_change_pct":-42.4,"units_change_pct":-48.3,"margin_change_pts":4.8},{"period":"2024-05","revenue":6444.7099609375,"cost":3420.010009765625,"margin":46.9,"units":229,"transactions":165,"profit":3024.699951171875,"revenue_change_pct":-7.2,"units_change_pct":-7.3,"margin_change_pts":-0.2},{"period":"2024-06","revenue":7418.8798828125,"cost":3840.1201171875,"margin":48.2,"units":268,"transactions":209,"profit":3578.760009765625,"revenue_change_pct":15.1,"units_change_pct":17.0,"margin_change_pts":1.3},{"period":"2024-07","revenue":8473.48046875,"cost":4500.08984375,"margin":46.9,"units":309,"transactions":206,"profit":3973.389892578125,"revenue_change_pct":14.2,"units_change_pct":15.3,"margin_change_pts":-1.3},{"period":"2024-08","revenue":2728.5,"cost":1920.1099853515625,"margin":29.6,"units":139,"transactions":122,"profit":808.3900146484375,"revenue_change_pct":-67.8,"units_change_pct":-55.0,"margin_change_pts":-17.3}],"share_of_category":[{"category":"FLOWER","brand_revenue":63221.171875,"category_revenue":31102180.0,"revenue_share_pct":0.20000000298023224,"brand_units":2419,"category_units":1354223,"units_share_pct":0.2},{"category":"TOPICAL","brand_revenue":1535.0,"category_revenue":384515.4375,"revenue_share_pct":0.4000000059604645,"brand_units":35,"category_units":10438,"units_share_pct":0.3}],"share_of_category_trend":{"FLOWER":[{"period":"2024-01","brand_revenue":13294.5400390625,"category_revenue":1420943.125,"share_pct":0.8999999761581421},{"period":"2024-02","brand_revenue":6041.22998046875,"category_revenue":1414098.25,"share_pct":0.4000000059604645},{"period":"2024-03","brand_revenue":11874.0,"category_revenue":1477522.25,"share_pct":0.800000011920929},{"period":"2024-04","brand_revenue":6945.830078125,"category_revenue":1416759.875,"share_pct":0.5},{"period":"2024-05","brand_revenue":6444.7099609375,"category_revenue":1414991.75,"share_pct":0.5},{"period":"2024-06","brand_revenue":7418.8798828125,"category_revenue":1361307.875,"share_pct":0.5},{"period":"2024-07","brand_revenue":8473.48046875,"category_revenue":1383082.375,"share_pct":0.6000000238418579},{"period":"2024-08","brand_revenue":2728.5,"category_revenue":1381527.75,"share_pct":0.20000000298023224},{"period":"2024-09","brand_revenue":0.0,"category_revenue":1326576.625,"share_pct":0.0},{"period":"2024-10","brand_revenue":0.0,"category_revenue":1434310.0,"share_pct":0.0},{"period":"2024-11","brand_revenue":0.0,"category_revenue":1381942.125,"share_pct":0.0},{"period":"2024-12","brand_revenue":0.0,"category_revenue":1290627.125,"share_pct":0.0},{"period":"2025-01","brand_revenue":0.0,"category_revenue":1193975.25,"share_pct":0.0},{"period":"2025-02","brand_revenue":0.0,"category_revenue":1126488.0,"share_pct":0.0},{"period":"2025-03","brand_revenue":0.0,"category_revenue":1164551.875,"share_pct":0.0},{"period":"2025-04","brand_revenue":0.0,"category_revenue":1247558.125,"share_pct":0.0},{"period":"2025-05","brand_revenue":0.0,"category_revenue":1154938.0,"share_pct":0.0},{"period":"2025-06","brand_revenue":0.0,"category_revenue":1109479.25,"share_pct":0.0},{"period":"2025-07","brand_revenue":0.0,"category_revenue":1113105.25,"share_pct":0.0},{"period":"2025-08","brand_revenue":0.0,"category_revenue":1093249.125,"share_pct":0.0},{"period":"2025-09","brand_revenue":0.0,"category_revenue":1041400.625,"share_pct":0.0},{"period":"2025-10","brand_revenue":0.0,"category_revenue":1065482.0,"share_pct":0.0},{"period":"2025-11","brand_revenue":0.0,"category_revenue":1080075.625,"share_pct":0.0},{"period":"2025-12","brand_revenue":0.0,"category_revenue":1006083.8125,"share_pct":0.0},{"period":"2026-01","brand_revenue":0.0,"category_revenue":1002104.75,"share_pct":0.0}],"TOPICAL":[{"period":"2024-01","brand_revenue":730.0,"category_revenue":14462.25,"share_pct":5.0},{"period":"2024-02","brand_revenue":630.0,"category_revenue":16218.5,"share_pct":3.9000000953674316},{"period":"2024-03","brand_revenue":175.0,"category_revenue":16196.9501953125,"share_pct":1.100000023841858},{"period":"2024-04","brand_revenue":0.0,"category_revenue":18913.30078125,"share_pct":0.0},{"period":"2024-05","brand_revenue":0.0,"category_revenue":17654.099609375,"share_pct":0.0},{"period":"2024-06","brand_revenue":0.0,"category_revenue":18054.3203125,"share_pct":0.0},{"period":"2024-07","brand_revenue":0.0,"category_revenue":15024.75,"share_pct":0.0},{"period":"2024-08","brand_revenue":0.0,"category_revenue":17985.150390625,"share_pct":0.0},{"period":"2024-09","brand_revenue":0.0,"category_revenue":16173.8603515625,"share_pct":0.0},{"period":"2024-10","brand_revenue":0.0,"category_revenue":17578.33984375,"share_pct":0.0},{"period":"2024-11","brand_revenue":0.0,"category_revenue":14177.259765625,"share_pct":0.0},{"period":"2024-12","brand_revenue":0.0,"category_revenue":21963.470703125,"share_pct":0.0},{"period":"2025-01","brand_revenue":0.0,"category_revenue":16517.599609375,"share_pct":0.0},{"period":"2025-02","brand_revenue":0.0,"category_revenue":13926.009765625,"share_pct":0.0},{"period":"2025-03","brand_revenue":0.0,"category_revenue":18170.26953125,"share_pct":0.0},{"period":"2025-04","brand_revenue":0.0,"category_revenue":19849.6796875,"share_pct":0.0},{"period":"2025-05","brand_revenue":0.0,"category_revenue":18707.7109375,"share_pct":0.0},{"period":"2025-06","brand_revenue":0.0,"category_revenue":14409.349609375,"share_pct":0.0},{"period":"2025-07","brand_revenue":0.0,"category_revenue":13764.0,"share_pct":0.0},{"period":"2025-08","brand_revenue":0.0,"category_revenue":9472.0,"share_pct":0.0},{"period":"2025-09","brand_revenue":0.0,"category_revenue":9537.4296875,"share_pct":0.0},{"period":"2025-10","brand_revenue":0.0,"category_revenue":12172.0302734375,"share_pct":0.0},{"period":"2025-11","brand_revenue":0.0,"category_revenue":12970.1201171875,"share_pct":0.0},{"period":"2025-12","brand_revenue":0.0,"category_revenue":10956.669921875,"share_pct":0.0},{"period":"2026-01","brand_revenue":0.0,"category_revenue":9660.2998046875,"share_pct":0.0}]},"discount_depth":[{"tier":"0% (Full Price)","transactions":498,"pct_of_transactions":26.0,"revenue":18475.0,"avg_discount":0.0},{"tier":"1-10%","transactions":90,"pct_of_transactions":4.7,"revenue":3972.39013671875,"avg_discount":9.600000381469727},{"tier":"11-20%","transactions":199,"pct_of_transactions":10.4,"revenue":9028.8701171875,"avg_discount":15.199999809265137},{"tier":"21-30%","transactions":251,"pct_of_transactions":13.1,"revenue":10096.2900390625,"avg_discount":23.799999237060547},{"tier":"31%+","transactions":209,"pct_of_transactions":10.9,"revenue":5387.8701171875,"avg_discount":45.20000076293945}],"velocity":{"units_per_day":10.06,"revenue_per_day":265.3900146484375,"avg_units_per_txn":1.39,"days_of_data":244,"total_units":2454,"total_transactions":1771},"velocity_by_category":[{"category":"FLOWER","brand_units_per_day":3.17,"category_avg_units_per_day":27.77,"velocity_index":11.4,"brand_rev_per_unit":26.14,"category_rev_per_unit":22.97,"brands_in_category":64},{"category":"TOPICAL","brand_units_per_day":0.05,"category_avg_units_per_day":1.96,"velocity_index":2.3,"brand_rev_per_unit":43.86,"category_rev_per_unit":36.84,"brands_in_category":7}],"deals":[{"deal_name":"30% Off Special","times_used":263,"units":296.0,"revenue":6875.75,"discounts":2946.75,"cost":4353.700059890747,"profit":2522.049940109253,"pre_discount_revenue":9822.5,"margin":36.7,"avg_discount":30.0},{"deal_name":"Industry - 30% Off","times_used":258,"units":301.0,"revenue":7228.25,"discounts":3119.25,"cost":4469.870017813519,"profit":2758.3799810409546,"pre_discount_revenue":10347.5,"margin":38.2,"avg_discount":30.1},{"deal_name":"1/4 for $60 The Real McCoy","times_used":111,"units":252.0,"revenue":7565.0,"discounts":1240.0,"cost":3705.0499999988824,"profit":3859.949998855591,"pre_discount_revenue":8805.0,"margin":51.0,"avg_discount":14.1},{"deal_name":"1/4 for $50 The Real McCoy","times_used":83,"units":174.0,"revenue":4330.0,"discounts":1370.0,"cost":2433.380065459758,"profit":1896.6199350357056,"pre_discount_revenue":5700.0,"margin":43.8,"avg_discount":24.0},{"deal_name":"$40 1/4 Limited Strains","times_used":44,"units":98.0,"revenue":1944.0,"discounts":1241.0,"cost":1377.8800411224365,"profit":566.120005607605,"pre_discount_revenue":3185.0,"margin":29.1,"avg_discount":39.0},{"deal_name":"Senior - 10% Off","times_used":38,"units":62.0,"revenue":1923.75,"discounts":213.75,"cost":920.9500072095543,"profit":1002.7999925613403,"pre_discount_revenue":2137.5,"margin":52.1,"avg_discount":10.0},{"deal_name":"Jackpot - Locals 30% Off","times_used":24,"units":33.0,"revenue":784.0,"discounts":336.0,"cost":497.4800033569336,"profit":286.5199966430664,"pre_discount_revenue":1120.0,"margin":36.5,"avg_discount":30.0},{"deal_name":"$50 Quarter Special","times_used":23,"units":28.0,"revenue":700.0,"discounts":210.0,"cost":396.5400114059448,"profit":303.4599885940552,"pre_discount_revenue":910.0,"margin":43.4,"avg_discount":23.1},{"deal_name":"Veterans - 10% Off","times_used":13,"units":14.0,"revenue":429.75,"discounts":47.75,"cost":209.0600004196167,"profit":220.6899995803833,"pre_discount_revenue":477.5,"margin":51.4,"avg_discount":10.0},{"deal_name":"2 for $50 Real McCoy / Homies / Matrix / Sauced","times_used":13,"units":24.0,"revenue":607.5,"discounts":175.0,"cost":340.300009727478,"profit":267.199990272522,"pre_discount_revenue":782.5,"margin":44.0,"avg_discount":22.4},{"deal_name":"Senior / Veterans - 20% Off","times_used":12,"units":14.0,"revenue":400.0,"discounts":100.0,"cost":221.9600009918213,"profit":178.0399990081787,"pre_discount_revenue":500.0,"margin":44.5,"avg_discount":20.0},{"deal_name":"Stock & Save - 1/4 for $40","times_used":8,"units":9.0,"revenue":180.0,"discounts":90.0,"cost":135.0,"profit":45.0,"pre_discount_revenue":270.0,"margin":25.0,"avg_discount":33.3},{"deal_name":"Real McCoy","times_used":6,"units":2.333333333333333,"revenue":58.333333333333336,"discounts":17.5,"cost":32.80666764577229,"profit":25.526665687561035,"pre_discount_revenue":75.83333333333334,"margin":43.8,"avg_discount":23.1},{"deal_name":"Reina","times_used":6,"units":2.333333333333333,"revenue":58.333333333333336,"discounts":17.5,"cost":32.80666764577229,"profit":25.526665687561035,"pre_discount_revenue":75.83333333333334,"margin":43.8,"avg_discount":23.1},{"deal_name":"$50 1/4 - Matrix","times_used":6,"units":2.333333333333333,"revenue":58.333333333333336,"discounts":17.5,"cost":32.80666764577229,"profit":25.526665687561035,"pre_discount_revenue":75.83333333333334,"margin":43.8,"avg_discount":23.1},{"deal_name":"$50 Quarters","times_used":5,"units":9.0,"revenue":225.0,"discounts":67.5,"cost":132.26000308990479,"profit":92.73999691009521,"pre_discount_revenue":292.5,"margin":41.2,"avg_discount":23.1},{"deal_name":"25-30% Off","times_used":4,"units":4.0,"revenue":98.0,"discounts":42.0,"cost":60.0,"profit":38.0,"pre_discount_revenue":140.0,"margin":38.8,"avg_discount":30.0},{"deal_name":"$45 Mix N Match Quarters","times_used":1,"units":2.0,"revenue":45.0,"discounts":25.0,"cost":30.0,"profit":15.0,"pre_discount_revenue":70.0,"margin":33.3,"avg_discount":35.7},{"deal_name":"25% OFF SALE","times_used":1,"units":2.0,"revenue":75.0,"discounts":25.0,"cost":50.0,"profit":25.0,"pre_discount_revenue":100.0,"margin":33.3,"avg_discount":25.0}],"top_products":[{"product":"GLITTER BOMB EIGHTH - THE REAL MCCOY","units":613,"revenue":17312.75,"cost":9195.0,"profit":8117.75,"transactions":498,"margin":46.900001525878906},{"product":"BABY JOKERZ EIGHTH - THE REAL MCCOY","units":594,"revenue":15071.900390625,"cost":8910.0,"profit":6161.89990234375,"transactions":494,"margin":40.900001525878906},{"product":"GUAVA X MIKE LARRY EIGHTH - THE REAL MCCOY","units":369,"revenue":8569.33984375,"cost":5188.14013671875,"profit":3381.199951171875,"transactions":285,"margin":39.5},{"product":"TICKLE BURGER EIGHTH - THE REAL MCCOY","units":261,"revenue":6605.5,"cost":3669.66015625,"profit":2935.83984375,"transactions":157,"margin":44.400001525878906},{"product":"LOUD CAKE EIGHTH - THE REAL MCCOY","units":201,"revenue":5305.8701171875,"cost":2826.06005859375,"profit":2479.81005859375,"transactions":141,"margin":46.70000076293945},{"product":"TRIPLE BURGER EIGHTH - THE REAL MCCOY","units":152,"revenue":3865.389892578125,"cost":2475.840087890625,"profit":1389.550048828125,"transactions":133,"margin":35.900001525878906},{"product":"G STAQ EIGHTH - THE REAL MCCOY","units":68,"revenue":2131.75,"cost":1020.0,"profit":1111.75,"transactions":44,"margin":52.20000076293945},{"product":"TOP SHELF RESPIRATORY SALVE - THE REAL MCCOY","units":35,"revenue":1535.0,"cost":875.0,"profit":660.0,"transactions":31,"margin":43.0},{"product":"DOUBLE KRUSH EIGHTH - THE REAL MCCOY","units":49,"revenue":1304.0,"cost":688.9400024414062,"profit":615.0599975585938,"transactions":39,"margin":47.20000076293945},{"product":"CHERRY BURGER EIGHTH - THE REAL MCCOY","units":32,"revenue":1053.5,"cost":480.0,"profit":573.5,"transactions":24,"margin":54.400001525878906},{"product":"PERMANENT MARKER EIGHTH - THE REAL MCCOY","units":38,"revenue":952.5,"cost":0.3799999952316284,"profit":952.1199951171875,"transactions":33,"margin":100.0},{"product":"G-STAQ EIGHTH - THE REAL MCCOY","units":34,"revenue":856.0,"cost":510.0,"profit":346.0,"transactions":28,"margin":40.400001525878906},{"product":"LARRY CAKE EIGHTH - THE REAL MCCOY","units":8,"revenue":192.6699981689453,"cost":135.36000061035156,"profit":57.30999755859375,"transactions":6,"margin":29.700000762939453}],"products_by_store":{"Thrive Cactus":[{"product":"GLITTER BOMB EIGHTH - THE REAL MCCOY","units":197,"revenue":5481.5,"cost":2955.0,"profit":2526.5,"transactions":162,"margin":46.099998474121094},{"product":"BABY JOKERZ EIGHTH - THE REAL MCCOY","units":198,"revenue":4709.22998046875,"cost":2970.0,"profit":1739.22998046875,"transactions":165,"margin":36.900001525878906},{"product":"TRIPLE BURGER EIGHTH - THE REAL MCCOY","units":82,"revenue":2030.3900146484375,"cost":1387.4400634765625,"profit":642.9500122070312,"transactions":76,"margin":31.700000762939453},{"product":"TOP SHELF RESPIRATORY SALVE - THE REAL MCCOY","units":12,"revenue":490.0,"cost":300.0,"profit":190.0,"transactions":10,"margin":38.79999923706055}],"Thrive Cheyenne":[{"product":"GUAVA X MIKE LARRY EIGHTH - THE REAL MCCOY","units":257,"revenue":6057.72021484375,"cost":3613.420166015625,"profit":2444.300048828125,"transactions":201,"margin":40.400001525878906},{"product":"GLITTER BOMB EIGHTH - THE REAL MCCOY","units":100,"revenue":2747.5,"cost":1500.0,"profit":1247.5,"transactions":80,"margin":45.400001525878906},{"product":"BABY JOKERZ EIGHTH - THE REAL MCCOY","units":99,"revenue":2635.0,"cost":1485.0,"profit":1150.0,"transactions":88,"margin":43.599998474121094},{"product":"PERMANENT MARKER EIGHTH - THE REAL MCCOY","units":14,"revenue":404.0,"cost":0.14000000059604645,"profit":403.8600158691406,"transactions":12,"margin":100.0}],"Thrive Jackpot":[{"product":"TICKLE BURGER EIGHTH - THE REAL MCCOY","units":149,"revenue":3924.5,"cost":2094.93994140625,"profit":1829.5599365234375,"transactions":77,"margin":46.599998474121094},{"product":"LOUD CAKE EIGHTH - THE REAL MCCOY","units":120,"revenue":3364.3701171875,"cost":1687.2000732421875,"profit":1677.1700439453125,"transactions":78,"margin":49.900001525878906},{"product":"GLITTER BOMB EIGHTH - THE REAL MCCOY","units":74,"revenue":2332.25,"cost":1110.0,"profit":1222.25,"transactions":48,"margin":52.400001525878906},{"product":"BABY JOKERZ EIGHTH - THE REAL MCCOY","units":74,"revenue":2183.5,"cost":1110.0,"profit":1073.5,"transactions":50,"margin":49.20000076293945},{"product":"G STAQ EIGHTH - THE REAL MCCOY","units":68,"revenue":2131.75,"cost":1020.0,"profit":1111.75,"transactions":44,"margin":52.20000076293945},{"product":"CHERRY BURGER EIGHTH - THE REAL MCCOY","units":32,"revenue":1053.5,"cost":480.0,"profit":573.5,"transactions":24,"margin":54.400001525878906},{"product":"TOP SHELF RESPIRATORY SALVE - THE REAL MCCOY","units":17,"revenue":800.0,"cost":425.0,"profit":375.0,"transactions":17,"margin":46.900001525878906}],"Thrive Reno":[{"product":"GLITTER BOMB EIGHTH - THE REAL MCCOY","units":126,"revenue":3790.25,"cost":1890.0,"profit":1900.25,"transactions":97,"margin":50.099998474121094},{"product":"BABY JOKERZ EIGHTH - THE REAL MCCOY","units":125,"revenue":3081.75,"cost":1875.0,"profit":1206.75,"transactions":99,"margin":39.20000076293945},{"product":"TICKLE BURGER EIGHTH - THE REAL MCCOY","units":112,"revenue":2681.0,"cost":1574.7200927734375,"profit":1106.280029296875,"transactions":80,"margin":41.29999923706055},{"product":"GUAVA X MIKE LARRY EIGHTH - THE REAL MCCOY","units":112,"revenue":2511.6201171875,"cost":1574.7200927734375,"profit":936.8999633789062,"transactions":84,"margin":37.29999923706055},{"product":"LOUD CAKE EIGHTH - THE REAL MCCOY","units":81,"revenue":1941.5,"cost":1138.8599853515625,"profit":802.6399536132812,"transactions":63,"margin":41.29999923706055},{"product":"DOUBLE KRUSH EIGHTH - THE REAL MCCOY","units":49,"revenue":1304.0,"cost":688.9400024414062,"profit":615.0599975585938,"transactions":39,"margin":47.20000076293945},{"product":"PERMANENT MARKER EIGHTH - THE REAL MCCOY","units":24,"revenue":548.5,"cost":0.23999999463558197,"profit":548.260009765625,"transactions":21,"margin":100.0},{"product":"LARRY CAKE EIGHTH - THE REAL MCCOY","units":8,"revenue":192.6699981689453,"cost":135.36000061035156,"profit":57.30999755859375,"transactions":6,"margin":29.700000762939453}],"Thrive Sahara":[{"product":"GLITTER BOMB EIGHTH - THE REAL MCCOY","units":100,"revenue":2577.25,"cost":1500.0,"profit":1077.25,"transactions":96,"margin":41.79999923706055},{"product":"BABY JOKERZ EIGHTH - THE REAL MCCOY","units":98,"revenue":2462.419921875,"cost":1470.0,"profit":992.4199829101562,"transactions":92,"margin":40.29999923706055},{"product":"TRIPLE BURGER EIGHTH - THE REAL MCCOY","units":50,"revenue":1362.0,"cost":750.0,"profit":612.0,"transactions":44,"margin":44.900001525878906},{"product":"TOP SHELF RESPIRATORY SALVE - THE REAL MCCOY","units":6,"revenue":245.0,"cost":150.0,"profit":95.0,"transactions":4,"margin":38.79999923706055}],"Thrive Sammy":[{"product":"G-STAQ EIGHTH - THE REAL MCCOY","units":34,"revenue":856.0,"cost":510.0,"profit":346.0,"transactions":28,"margin":40.400001525878906},{"product":"TRIPLE BURGER EIGHTH - THE REAL MCCOY","units":20,"revenue":473.0,"cost":338.3999938964844,"profit":134.60000610351562,"transactions":13,"margin":28.5},{"product":"GLITTER BOMB EIGHTH - THE REAL MCCOY","units":16,"revenue":384.0,"cost":240.0,"profit":144.0,"transactions":15,"margin":37.5}]},"store_summary":[{"store_clean":"Thrive Reno","units":637,"revenue":16051.2900390625,"cost":8877.83984375,"profit":7173.44970703125,"discounts":4205.2099609375,"margin":44.70000076293945,"discount_rate":20.799999237060547},{"store_clean":"Thrive Jackpot","units":534,"revenue":15789.8701171875,"cost":7927.14013671875,"profit":7862.72998046875,"discounts":2282.6298828125,"margin":49.79999923706055,"discount_rate":12.600000381469727},{"store_clean":"Thrive Cactus","units":489,"revenue":12711.1201171875,"cost":7612.43994140625,"profit":5098.68017578125,"discounts":4028.8798828125,"margin":40.099998474121094,"discount_rate":24.100000381469727},{"store_clean":"Thrive Cheyenne","units":470,"revenue":11844.2197265625,"cost":6598.56005859375,"profit":5245.66015625,"discounts":3745.780029296875,"margin":44.29999923706055,"discount_rate":24.0},{"store_clean":"Thrive Sahara","units":254,"revenue":6646.669921875,"cost":3870.0,"profit":2776.669921875,"discounts":2073.330078125,"margin":41.79999923706055,"discount_rate":23.799999237060547},{"store_clean":"Thrive Sammy","units":70,"revenue":1713.0,"cost":1088.4000244140625,"profit":624.5999755859375,"discounts":752.0,"margin":36.5,"discount_rate":30.5}],"recommendations":[{"severity":"yellow","title":"CATEGORY BENCHMARK GAP","detail":"Overall margin (44.4%) trails FLOWER average (53.8%) by 9.4 pts.","action":"Negotiate cost reduction or increase retail price."},{"severity":"info","title":"VOLUME LEVERAGE","detail":"$64,756 revenue provides negotiating leverage.","action":"Use volume as leverage in next vendor meeting."}],"comparison":null}