{"brand":"HULK HOGAN","date_range":"2024-01-01 00:00:00 to 2026-01-31 00:00:00","period_label":"All Time","summary":{"total_units":74,"total_revenue":3017.1749877929688,"total_cost":1837.5,"total_discounts":1344.0750122070312,"total_profit":1179.6749877929688,"overall_margin":39.099998474121094,"fp_margin":57.79999923706055,"disc_margin":23.100000381469727,"pct_full_price":46.20000076293945,"avg_discount_rate":30.799999237060547,"fp_revenue":1392.5,"disc_revenue":1624.6749877929688,"brand":"HULK HOGAN","date_range":"2024-01-01 00:00:00 to 2026-01-31 00:00:00","primary_category":"FLOWER","store_coverage":"1/7","stores_present":["Elevation Parkway"],"stores_missing":["Elevation Springs","Elevation Mesa","Elevation Oasis","Elevation Downtown","Elevation Midtown","Elevation Boulevard"],"velocity_rank":61,"velocity_total":64},"distribution":[{"store":"Elevation Springs","carries_brand":false,"sku_count":0,"revenue":0.0,"units":0,"store_total_revenue":51138750.0,"brand_share_pct":0},{"store":"Elevation Mesa","carries_brand":false,"sku_count":0,"revenue":0.0,"units":0,"store_total_revenue":47532240.0,"brand_share_pct":0},{"store":"Elevation Oasis","carries_brand":false,"sku_count":0,"revenue":0.0,"units":0,"store_total_revenue":56050145.0,"brand_share_pct":0},{"store":"Elevation Downtown","carries_brand":false,"sku_count":0,"revenue":0.0,"units":0,"store_total_revenue":1945237.1875,"brand_share_pct":0},{"store":"Elevation Midtown","carries_brand":false,"sku_count":0,"revenue":0.0,"units":0,"store_total_revenue":30850185.0,"brand_share_pct":0},{"store":"Elevation Boulevard","carries_brand":false,"sku_count":0,"revenue":0.0,"units":0,"store_total_revenue":28757865.0,"brand_share_pct":0},{"store":"Elevation Parkway","carries_brand":true,"sku_count":6,"revenue":3017.1749877929688,"units":74,"store_total_revenue":21987007.5,"brand_share_pct":0.0}],"share_of_category":[{"category":"FLOWER","brand_revenue":2930.9249877929688,"category_revenue":77755450.0,"revenue_share_pct":0.0,"brand_units":72,"category_units":2708446,"units_share_pct":0.0},{"category":"PRE ROLL","brand_revenue":86.25,"category_revenue":14009791.25,"revenue_share_pct":0.0,"brand_units":2,"category_units":1485736,"units_share_pct":0.0}],"share_of_category_trend":{"FLOWER":[{"period":"2024-01","brand_revenue":957.1749877929688,"category_revenue":3552357.8125,"share_pct":0.0},{"period":"2024-02","brand_revenue":356.25,"category_revenue":3535245.625,"share_pct":0.0},{"period":"2024-03","brand_revenue":581.875,"category_revenue":3693805.625,"share_pct":0.0},{"period":"2024-04","brand_revenue":668.75,"category_revenue":3541899.6875,"share_pct":0.0},{"period":"2024-05","brand_revenue":366.875,"category_revenue":3537479.375,"share_pct":0.0},{"period":"2024-06","brand_revenue":0.0,"category_revenue":3403269.6875,"share_pct":0.0},{"period":"2024-07","brand_revenue":0.0,"category_revenue":3457705.9375,"share_pct":0.0},{"period":"2024-08","brand_revenue":0.0,"category_revenue":3453819.375,"share_pct":0.0},{"period":"2024-09","brand_revenue":0.0,"category_revenue":3316441.5625,"share_pct":0.0},{"period":"2024-10","brand_revenue":0.0,"category_revenue":3585775.0,"share_pct":0.0},{"period":"2024-11","brand_revenue":0.0,"category_revenue":3454855.3125,"share_pct":0.0},{"period":"2024-12","brand_revenue":0.0,"category_revenue":3226567.8125,"share_pct":0.0},{"period":"2025-01","brand_revenue":0.0,"category_revenue":2984938.125,"share_pct":0.0},{"period":"2025-02","brand_revenue":0.0,"category_revenue":2816220.0,"share_pct":0.0},{"period":"2025-03","brand_revenue":0.0,"category_revenue":2911379.6875,"share_pct":0.0},{"period":"2025-04","brand_revenue":0.0,"category_revenue":3118895.3125,"share_pct":0.0},{"period":"2025-05","brand_revenue":0.0,"category_revenue":2887345.0,"share_pct":0.0},{"period":"2025-06","brand_revenue":0.0,"category_revenue":2773698.125,"share_pct":0.0},{"period":"2025-07","brand_revenue":0.0,"category_revenue":2782763.125,"share_pct":0.0},{"period":"2025-08","brand_revenue":0.0,"category_revenue":2733122.8125,"share_pct":0.0},{"period":"2025-09","brand_revenue":0.0,"category_revenue":2603501.5625,"share_pct":0.0},{"period":"2025-10","brand_revenue":0.0,"category_revenue":2663705.0,"share_pct":0.0},{"period":"2025-11","brand_revenue":0.0,"category_revenue":2700189.0625,"share_pct":0.0},{"period":"2025-12","brand_revenue":0.0,"category_revenue":2515209.53125,"share_pct":0.0},{"period":"2026-01","brand_revenue":0.0,"category_revenue":2505261.875,"share_pct":0.0}],"PRE ROLL":[{"period":"2024-01","brand_revenue":86.25,"category_revenue":508338.515625,"share_pct":0.0},{"period":"2024-02","brand_revenue":0.0,"category_revenue":489393.671875,"share_pct":0.0},{"period":"2024-03","brand_revenue":0.0,"category_revenue":520052.3828125,"share_pct":0.0},{"period":"2024-04","brand_revenue":0.0,"category_revenue":491300.6640625,"share_pct":0.0},{"period":"2024-05","brand_revenue":0.0,"category_revenue":542202.890625,"share_pct":0.0},{"period":"2024-06","brand_revenue":0.0,"category_revenue":507288.8671875,"share_pct":0.0},{"period":"2024-07","brand_revenue":0.0,"category_revenue":524250.9765625,"share_pct":0.0},{"period":"2024-08","brand_revenue":0.0,"category_revenue":612518.7109375,"share_pct":0.0},{"period":"2024-09","brand_revenue":0.0,"category_revenue":586543.0078125,"share_pct":0.0},{"period":"2024-10","brand_revenue":0.0,"category_revenue":641449.1796875,"share_pct":0.0},{"period":"2024-11","brand_revenue":0.0,"category_revenue":579866.71875,"share_pct":0.0},{"period":"2024-12","brand_revenue":0.0,"category_revenue":582999.5703125,"share_pct":0.0},{"period":"2025-01","brand_revenue":0.0,"category_revenue":544095.3125,"share_pct":0.0},{"period":"2025-02","brand_revenue":0.0,"category_revenue":500875.5859375,"share_pct":0.0},{"period":"2025-03","brand_revenue":0.0,"category_revenue":551422.0703125,"share_pct":0.0},{"period":"2025-04","brand_revenue":0.0,"category_revenue":568189.375,"share_pct":0.0},{"period":"2025-05","brand_revenue":0.0,"category_revenue":565516.875,"share_pct":0.0},{"period":"2025-06","brand_revenue":0.0,"category_revenue":560506.71875,"share_pct":0.0},{"period":"2025-07","brand_revenue":0.0,"category_revenue":600916.09375,"share_pct":0.0},{"period":"2025-08","brand_revenue":0.0,"category_revenue":620247.5,"share_pct":0.0},{"period":"2025-09","brand_revenue":0.0,"category_revenue":608971.09375,"share_pct":0.0},{"period":"2025-10","brand_revenue":0.0,"category_revenue":645293.1640625,"share_pct":0.0},{"period":"2025-11","brand_revenue":0.0,"category_revenue":581113.4765625,"share_pct":0.0},{"period":"2025-12","brand_revenue":0.0,"category_revenue":553088.5546875,"share_pct":0.0},{"period":"2026-01","brand_revenue":0.0,"category_revenue":523350.9375,"share_pct":0.0}]},"velocity_by_category":[{"category":"FLOWER","brand_units_per_day":0.1,"category_avg_units_per_day":55.54,"velocity_index":0.2,"brand_rev_per_unit":32.57,"category_rev_per_unit":22.97,"brands_in_category":64},{"category":"PRE ROLL","brand_units_per_day":0.0,"category_avg_units_per_day":42.38,"velocity_index":0.0,"brand_rev_per_unit":34.5,"category_rev_per_unit":7.54,"brands_in_category":46}],"store_gaps":[{"store":"Elevation Oasis","category":"FLOWER","category_revenue_at_store":18965980.0,"opportunity":"Brand not carried"},{"store":"Elevation Mesa","category":"FLOWER","category_revenue_at_store":18802848.75,"opportunity":"Brand not carried"},{"store":"Elevation Springs","category":"FLOWER","category_revenue_at_store":15953997.5,"opportunity":"Brand not carried"},{"store":"Elevation Boulevard","category":"FLOWER","category_revenue_at_store":10598290.0,"opportunity":"Brand not carried"},{"store":"Elevation Midtown","category":"FLOWER","category_revenue_at_store":8812107.5,"opportunity":"Brand not carried"},{"store":"Elevation Springs","category":"PRE ROLL","category_revenue_at_store":3507525.9375,"opportunity":"Brand not carried"},{"store":"Elevation Mesa","category":"PRE ROLL","category_revenue_at_store":3458612.5,"opportunity":"Brand not carried"},{"store":"Elevation Boulevard","category":"PRE ROLL","category_revenue_at_store":2504075.3125,"opportunity":"Brand not carried"},{"store":"Elevation Oasis","category":"PRE ROLL","category_revenue_at_store":1460871.25,"opportunity":"Brand not carried"},{"store":"Elevation Midtown","category":"PRE ROLL","category_revenue_at_store":1326764.21875,"opportunity":"Brand not carried"},{"store":"Elevation Downtown","category":"FLOWER","category_revenue_at_store":324929.8828125,"opportunity":"Brand not carried"},{"store":"Elevation Downtown","category":"PRE ROLL","category_revenue_at_store":196139.1015625,"opportunity":"Brand not carried"}],"product_mix":{"top":[{"product":"CANDY CHROME EIGHTH - HULK HOGAN","units":64,"revenue":2586.25,"cost":1600.0,"profit":986.25,"stores":1,"transactions":50,"margin":38.099998474121094},{"product":"MIRACLE GLUE EIGHTH - HULK HOGAN","units":8,"revenue":344.67498779296875,"cost":200.0,"profit":144.67500686645508,"stores":1,"transactions":6,"margin":42.0},{"product":"MIRACLE GLUE BLUNT - HULK HOGAN","units":2,"revenue":86.25,"cost":37.5,"profit":48.75,"stores":1,"transactions":2,"margin":56.5}],"bottom":[],"expansion":[]},"pricing_consistency":[],"promotional_effectiveness":{"lift":{"fp_units_per_day":2.4,"disc_units_per_day":3.84,"lift_pct":60.3,"fp_avg_revenue_per_unit":116.05000000000001,"disc_avg_revenue_per_unit":64.975},"by_deal":[{"deal_name":"Industry - 30% Off","uses":1,"revenue":83.125,"discounts":35.625,"units":2.0,"cost":50.0,"margin":39.8,"discount_depth":60.0}]},"growth_opportunities":[{"type":"distribution","title":"Expand to Elevation Springs","detail":"Store has $7,784,610 in FLOWER, PRE ROLL \u2014 categories where HULK HOGAN competes.","priority":"high"},{"type":"distribution","title":"Expand to Elevation Mesa","detail":"Store has $8,904,584 in FLOWER, PRE ROLL \u2014 categories where HULK HOGAN competes.","priority":"high"},{"type":"distribution","title":"Expand to Elevation Oasis","detail":"Store has $8,170,741 in FLOWER, PRE ROLL \u2014 categories where HULK HOGAN competes.","priority":"high"},{"type":"distribution","title":"Expand to Elevation Downtown","detail":"Store has $208,428 in FLOWER, PRE ROLL \u2014 categories where HULK HOGAN competes.","priority":"high"},{"type":"distribution","title":"Expand to Elevation Midtown","detail":"Store has $4,055,549 in FLOWER, PRE ROLL \u2014 categories where HULK HOGAN competes.","priority":"high"},{"type":"distribution","title":"Expand to Elevation Boulevard","detail":"Store has $5,240,946 in FLOWER, PRE ROLL \u2014 categories where HULK HOGAN competes.","priority":"high"},{"type":"velocity","title":"Improve velocity in FLOWER","detail":"Velocity index 0 (below category average). 0.1 units/day vs 27.8 avg.","priority":"medium"},{"type":"velocity","title":"Improve velocity in PRE ROLL","detail":"Velocity index 0 (below category average). 0.0 units/day vs 21.2 avg.","priority":"medium"}],"trend":[{"period":"2024-01","revenue":1043.4249877929688,"cost":637.5,"margin":38.9,"units":26,"transactions":16,"profit":405.92498779296875,"revenue_change_pct":null,"units_change_pct":null,"margin_change_pts":null},{"period":"2024-02","revenue":356.25,"cost":200.0,"margin":43.9,"units":8,"transactions":8,"profit":156.25,"revenue_change_pct":-65.9,"units_change_pct":-69.2,"margin_change_pts":5.0},{"period":"2024-03","revenue":581.875,"cost":250.0,"margin":57.0,"units":10,"transactions":8,"profit":331.875,"revenue_change_pct":63.3,"units_change_pct":25.0,"margin_change_pts":13.2},{"period":"2024-04","revenue":668.75,"cost":450.0,"margin":32.7,"units":18,"transactions":16,"profit":218.75,"revenue_change_pct":14.9,"units_change_pct":80.0,"margin_change_pts":-24.3},{"period":"2024-05","revenue":366.875,"cost":300.0,"margin":18.2,"units":12,"transactions":10,"profit":66.875,"revenue_change_pct":-45.1,"units_change_pct":-33.3,"margin_change_pts":-14.5}]}