{"brand":"ALTERNATIVE MEDICINE ASSOCIATION","date_range":"2024-01-01 00:00:00 to 2026-01-31 00:00:00","period_label":"All Time","summary":{"total_units":213442,"total_revenue":3587928.75,"total_cost":1584424.0625,"total_discounts":1043919.921875,"total_profit":2003504.84375,"overall_margin":55.79999923706055,"fp_margin":64.30000305175781,"disc_margin":51.29999923706055,"pct_full_price":35.0,"avg_discount_rate":22.5,"fp_revenue":1257405.0,"disc_revenue":2330523.75,"brand":"ALTERNATIVE MEDICINE ASSOCIATION","date_range":"2024-01-01 00:00:00 to 2026-01-31 00:00:00","primary_category":"FLOWER","store_coverage":"7/7","stores_present":["Elevation Springs","Elevation Mesa","Elevation Oasis","Elevation Downtown","Elevation Midtown","Elevation Boulevard","Elevation Parkway"],"stores_missing":[],"velocity_rank":15,"velocity_total":64},"distribution":[{"store":"Elevation Springs","carries_brand":true,"sku_count":490,"revenue":729434.375,"units":44802,"store_total_revenue":51138750.0,"brand_share_pct":1.399999976158142},{"store":"Elevation Mesa","carries_brand":true,"sku_count":516,"revenue":947666.71875,"units":57388,"store_total_revenue":47532240.0,"brand_share_pct":2.0},{"store":"Elevation Oasis","carries_brand":true,"sku_count":472,"revenue":665503.359375,"units":34872,"store_total_revenue":56050145.0,"brand_share_pct":1.2000000476837158},{"store":"Elevation Downtown","carries_brand":true,"sku_count":116,"revenue":77896.123046875,"units":4620,"store_total_revenue":1945237.1875,"brand_share_pct":4.0},{"store":"Elevation Midtown","carries_brand":true,"sku_count":390,"revenue":368569.453125,"units":21144,"store_total_revenue":30850185.0,"brand_share_pct":1.2000000476837158},{"store":"Elevation Boulevard","carries_brand":true,"sku_count":464,"revenue":605687.0703125,"units":38574,"store_total_revenue":28757865.0,"brand_share_pct":2.0999999046325684},{"store":"Elevation Parkway","carries_brand":true,"sku_count":260,"revenue":193171.62109375,"units":12042,"store_total_revenue":21987007.5,"brand_share_pct":0.8999999761581421}],"share_of_category":[{"category":"FLOWER","brand_revenue":1407649.21875,"category_revenue":77755450.0,"revenue_share_pct":1.7999999523162842,"brand_units":54788,"category_units":2708446,"units_share_pct":2.0},{"category":"INFUSED PRE ROLL","brand_revenue":832084.53125,"category_revenue":10308101.25,"revenue_share_pct":8.100000381469727,"brand_units":54424,"category_units":488074,"units_share_pct":11.2},{"category":"PRE ROLL","brand_revenue":605300.2734375,"category_revenue":14009791.25,"revenue_share_pct":4.300000190734863,"brand_units":72716,"category_units":1485736,"units_share_pct":4.9},{"category":"CONCENTRATE","brand_revenue":266636.953125,"category_revenue":7866357.5,"revenue_share_pct":3.4000000953674316,"brand_units":15242,"category_units":316632,"units_share_pct":4.8},{"category":"PRE ROLL PACK","brand_revenue":222023.203125,"category_revenue":3903863.75,"revenue_share_pct":5.699999809265137,"brand_units":7726,"category_units":123714,"units_share_pct":6.2},{"category":"CARTRIDGE","brand_revenue":172118.0859375,"category_revenue":46155130.0,"revenue_share_pct":0.4000000059604645,"brand_units":5374,"category_units":1532896,"units_share_pct":0.4},{"category":"INFUSED PACK","brand_revenue":75270.99609375,"category_revenue":8259010.0,"revenue_share_pct":0.8999999761581421,"brand_units":2548,"category_units":240090,"units_share_pct":1.1},{"category":"INFUSED FLOWER","brand_revenue":2229.375,"category_revenue":515348.203125,"revenue_share_pct":0.4000000059604645,"brand_units":132,"category_units":15824,"units_share_pct":0.8},{"category":"INFUSED PRE ROLL PACK","brand_revenue":125.0,"category_revenue":250.0,"revenue_share_pct":50.0,"brand_units":4,"category_units":6,"units_share_pct":66.7},{"category":0.0,"brand_revenue":0.0,"category_revenue":0.0,"revenue_share_pct":0.0,"brand_units":0,"category_units":0,"units_share_pct":0.0}],"share_of_category_trend":{"FLOWER":[{"period":"2024-01","brand_revenue":18692.5,"category_revenue":3552357.8125,"share_pct":0.5},{"period":"2024-02","brand_revenue":17762.80029296875,"category_revenue":3535245.625,"share_pct":0.5},{"period":"2024-03","brand_revenue":24714.375,"category_revenue":3693805.625,"share_pct":0.699999988079071},{"period":"2024-04","brand_revenue":38883.125,"category_revenue":3541899.6875,"share_pct":1.100000023841858},{"period":"2024-05","brand_revenue":42132.67578125,"category_revenue":3537479.375,"share_pct":1.2000000476837158},{"period":"2024-06","brand_revenue":20997.451171875,"category_revenue":3403269.6875,"share_pct":0.6000000238418579},{"period":"2024-07","brand_revenue":21123.62548828125,"category_revenue":3457705.9375,"share_pct":0.6000000238418579},{"period":"2024-08","brand_revenue":25321.25,"category_revenue":3453819.375,"share_pct":0.699999988079071},{"period":"2024-09","brand_revenue":22852.9248046875,"category_revenue":3316441.5625,"share_pct":0.699999988079071},{"period":"2024-10","brand_revenue":59574.2236328125,"category_revenue":3585775.0,"share_pct":1.7000000476837158},{"period":"2024-11","brand_revenue":101466.25,"category_revenue":3454855.3125,"share_pct":2.9000000953674316},{"period":"2024-12","brand_revenue":35040.0,"category_revenue":3226567.8125,"share_pct":1.100000023841858},{"period":"2025-01","brand_revenue":19396.25,"category_revenue":2984938.125,"share_pct":0.6000000238418579},{"period":"2025-02","brand_revenue":23343.349609375,"category_revenue":2816220.0,"share_pct":0.800000011920929},{"period":"2025-03","brand_revenue":54807.5,"category_revenue":2911379.6875,"share_pct":1.899999976158142},{"period":"2025-04","brand_revenue":46616.6748046875,"category_revenue":3118895.3125,"share_pct":1.5},{"period":"2025-05","brand_revenue":87466.25,"category_revenue":2887345.0,"share_pct":3.0},{"period":"2025-06","brand_revenue":52515.72265625,"category_revenue":2773698.125,"share_pct":1.899999976158142},{"period":"2025-07","brand_revenue":82602.87109375,"category_revenue":2782763.125,"share_pct":3.0},{"period":"2025-08","brand_revenue":86527.94921875,"category_revenue":2733122.8125,"share_pct":3.200000047683716},{"period":"2025-09","brand_revenue":65078.125,"category_revenue":2603501.5625,"share_pct":2.5},{"period":"2025-10","brand_revenue":81466.474609375,"category_revenue":2663705.0,"share_pct":3.0999999046325684},{"period":"2025-11","brand_revenue":112580.4296875,"category_revenue":2700189.0625,"share_pct":4.199999809265137},{"period":"2025-12","brand_revenue":144046.0546875,"category_revenue":2515209.53125,"share_pct":5.699999809265137},{"period":"2026-01","brand_revenue":122640.37109375,"category_revenue":2505261.875,"share_pct":4.900000095367432}],"INFUSED PRE ROLL":[{"period":"2024-01","brand_revenue":22812.2509765625,"category_revenue":410907.8515625,"share_pct":5.599999904632568},{"period":"2024-02","brand_revenue":23268.17626953125,"category_revenue":458711.484375,"share_pct":5.099999904632568},{"period":"2024-03","brand_revenue":31865.47607421875,"category_revenue":427464.375,"share_pct":7.5},{"period":"2024-04","brand_revenue":34969.951171875,"category_revenue":428699.9609375,"share_pct":8.199999809265137},{"period":"2024-05","brand_revenue":39036.8505859375,"category_revenue":501098.3203125,"share_pct":7.800000190734863},{"period":"2024-06","brand_revenue":35519.3505859375,"category_revenue":477320.78125,"share_pct":7.400000095367432},{"period":"2024-07","brand_revenue":30307.42431640625,"category_revenue":479382.109375,"share_pct":6.300000190734863},{"period":"2024-08","brand_revenue":29035.4248046875,"category_revenue":474359.1015625,"share_pct":6.099999904632568},{"period":"2024-09","brand_revenue":33399.89990234375,"category_revenue":424280.1171875,"share_pct":7.900000095367432},{"period":"2024-10","brand_revenue":39776.025390625,"category_revenue":470840.6640625,"share_pct":8.399999618530273},{"period":"2024-11","brand_revenue":52025.4248046875,"category_revenue":424285.1171875,"share_pct":12.300000190734863},{"period":"2024-12","brand_revenue":18921.4501953125,"category_revenue":432093.1640625,"share_pct":4.400000095367432},{"period":"2025-01","brand_revenue":12457.5,"category_revenue":358002.890625,"share_pct":3.5},{"period":"2025-02","brand_revenue":19006.75048828125,"category_revenue":325080.17578125,"share_pct":5.800000190734863},{"period":"2025-03","brand_revenue":36053.1005859375,"category_revenue":347380.078125,"share_pct":10.399999618530273},{"period":"2025-04","brand_revenue":28633.60107421875,"category_revenue":401341.40625,"share_pct":7.099999904632568},{"period":"2025-05","brand_revenue":32064.599609375,"category_revenue":378076.09375,"share_pct":8.5},{"period":"2025-06","brand_revenue":41167.7978515625,"category_revenue":354019.6484375,"share_pct":11.600000381469727},{"period":"2025-07","brand_revenue":33109.375,"category_revenue":416008.203125,"share_pct":8.0},{"period":"2025-08","brand_revenue":34920.048828125,"category_revenue":425283.28125,"share_pct":8.199999809265137},{"period":"2025-09","brand_revenue":31405.54931640625,"category_revenue":378313.75,"share_pct":8.300000190734863},{"period":"2025-10","brand_revenue":44575.2734375,"category_revenue":389168.3203125,"share_pct":11.5},{"period":"2025-11","brand_revenue":44743.92578125,"category_revenue":390541.3671875,"share_pct":11.5},{"period":"2025-12","brand_revenue":42255.576171875,"category_revenue":392812.34375,"share_pct":10.800000190734863},{"period":"2026-01","brand_revenue":40753.701171875,"category_revenue":342630.7421875,"share_pct":11.899999618530273}],"PRE ROLL":[{"period":"2024-01","brand_revenue":12535.74951171875,"category_revenue":508338.515625,"share_pct":2.5},{"period":"2024-02","brand_revenue":9433.75,"category_revenue":489393.671875,"share_pct":1.899999976158142},{"period":"2024-03","brand_revenue":12188.24951171875,"category_revenue":520052.3828125,"share_pct":2.299999952316284},{"period":"2024-04","brand_revenue":19011.25,"category_revenue":491300.6640625,"share_pct":3.9000000953674316},{"period":"2024-05","brand_revenue":14471.25,"category_revenue":542202.890625,"share_pct":2.700000047683716},{"period":"2024-06","brand_revenue":16146.424560546875,"category_revenue":507288.8671875,"share_pct":3.200000047683716},{"period":"2024-07","brand_revenue":10991.2255859375,"category_revenue":524250.9765625,"share_pct":2.0999999046325684},{"period":"2024-08","brand_revenue":16503.525390625,"category_revenue":612518.7109375,"share_pct":2.700000047683716},{"period":"2024-09","brand_revenue":24246.52587890625,"category_revenue":586543.0078125,"share_pct":4.099999904632568},{"period":"2024-10","brand_revenue":42911.2744140625,"category_revenue":641449.1796875,"share_pct":6.699999809265137},{"period":"2024-11","brand_revenue":52987.1240234375,"category_revenue":579866.71875,"share_pct":9.100000381469727},{"period":"2024-12","brand_revenue":20339.49951171875,"category_revenue":582999.5703125,"share_pct":3.5},{"period":"2025-01","brand_revenue":18053.275146484375,"category_revenue":544095.3125,"share_pct":3.299999952316284},{"period":"2025-02","brand_revenue":10025.449829101562,"category_revenue":500875.5859375,"share_pct":2.0},{"period":"2025-03","brand_revenue":27444.326171875,"category_revenue":551422.0703125,"share_pct":5.0},{"period":"2025-04","brand_revenue":28155.52490234375,"category_revenue":568189.375,"share_pct":5.0},{"period":"2025-05","brand_revenue":25827.7490234375,"category_revenue":565516.875,"share_pct":4.599999904632568},{"period":"2025-06","brand_revenue":30570.0,"category_revenue":560506.71875,"share_pct":5.5},{"period":"2025-07","brand_revenue":30578.47412109375,"category_revenue":600916.09375,"share_pct":5.099999904632568},{"period":"2025-08","brand_revenue":34378.44970703125,"category_revenue":620247.5,"share_pct":5.5},{"period":"2025-09","brand_revenue":24790.72509765625,"category_revenue":608971.09375,"share_pct":4.099999904632568},{"period":"2025-10","brand_revenue":39047.451171875,"category_revenue":645293.1640625,"share_pct":6.099999904632568},{"period":"2025-11","brand_revenue":30533.27392578125,"category_revenue":581113.4765625,"share_pct":5.300000190734863},{"period":"2025-12","brand_revenue":25437.724609375,"category_revenue":553088.5546875,"share_pct":4.599999904632568},{"period":"2026-01","brand_revenue":28691.99951171875,"category_revenue":523350.9375,"share_pct":5.5}],"CONCENTRATE":[{"period":"2024-01","brand_revenue":10677.425537109375,"category_revenue":351129.609375,"share_pct":3.0},{"period":"2024-02","brand_revenue":2435.0,"category_revenue":371224.4921875,"share_pct":0.699999988079071},{"period":"2024-03","brand_revenue":6051.25,"category_revenue":375964.296875,"share_pct":1.600000023841858},{"period":"2024-04","brand_revenue":5276.25,"category_revenue":352745.859375,"share_pct":1.5},{"period":"2024-05","brand_revenue":7687.5,"category_revenue":346027.5,"share_pct":2.200000047683716},{"period":"2024-06","brand_revenue":7635.625,"category_revenue":310723.3984375,"share_pct":2.5},{"period":"2024-07","brand_revenue":8013.125,"category_revenue":336220.078125,"share_pct":2.4000000953674316},{"period":"2024-08","brand_revenue":9836.25,"category_revenue":324004.04296875,"share_pct":3.0},{"period":"2024-09","brand_revenue":7603.125,"category_revenue":326834.1796875,"share_pct":2.299999952316284},{"period":"2024-10","brand_revenue":15005.224609375,"category_revenue":324500.859375,"share_pct":4.599999904632568},{"period":"2024-11","brand_revenue":10682.5,"category_revenue":351240.0390625,"share_pct":3.0},{"period":"2024-12","brand_revenue":16071.8994140625,"category_revenue":324145.4296875,"share_pct":5.0},{"period":"2025-01","brand_revenue":12774.375,"category_revenue":325749.19921875,"share_pct":3.9000000953674316},{"period":"2025-02","brand_revenue":11067.5,"category_revenue":300499.0234375,"share_pct":3.700000047683716},{"period":"2025-03","brand_revenue":9741.25,"category_revenue":298171.5234375,"share_pct":3.299999952316284},{"period":"2025-04","brand_revenue":12044.375,"category_revenue":343355.625,"share_pct":3.5},{"period":"2025-05","brand_revenue":13483.75,"category_revenue":288836.62109375,"share_pct":4.699999809265137},{"period":"2025-06","brand_revenue":8945.0,"category_revenue":280928.33984375,"share_pct":3.200000047683716},{"period":"2025-07","brand_revenue":15886.25,"category_revenue":283604.1796875,"share_pct":5.599999904632568},{"period":"2025-08","brand_revenue":10725.0,"category_revenue":274773.76953125,"share_pct":3.9000000953674316},{"period":"2025-09","brand_revenue":9152.5,"category_revenue":264599.19921875,"share_pct":3.5},{"period":"2025-10","brand_revenue":10684.5751953125,"category_revenue":277515.46875,"share_pct":3.9000000953674316},{"period":"2025-11","brand_revenue":13987.874755859375,"category_revenue":295773.3203125,"share_pct":4.699999809265137},{"period":"2025-12","brand_revenue":11465.625,"category_revenue":267042.05078125,"share_pct":4.300000190734863},{"period":"2026-01","brand_revenue":19703.699951171875,"category_revenue":270749.70703125,"share_pct":7.300000190734863}],"PRE ROLL PACK":[{"period":"2024-01","brand_revenue":0.0,"category_revenue":169271.89453125,"share_pct":0.0},{"period":"2024-02","brand_revenue":0.0,"category_revenue":174199.375,"share_pct":0.0},{"period":"2024-03","brand_revenue":0.0,"category_revenue":187083.0078125,"share_pct":0.0},{"period":"2024-04","brand_revenue":0.0,"category_revenue":179617.6171875,"share_pct":0.0},{"period":"2024-05","brand_revenue":0.0,"category_revenue":198875.703125,"share_pct":0.0},{"period":"2024-06","brand_revenue":0.0,"category_revenue":182181.42578125,"share_pct":0.0},{"period":"2024-07","brand_revenue":0.0,"category_revenue":189754.43359375,"share_pct":0.0},{"period":"2024-08","brand_revenue":0.0,"category_revenue":163466.5234375,"share_pct":0.0},{"period":"2024-09","brand_revenue":0.0,"category_revenue":145157.197265625,"share_pct":0.0},{"period":"2024-10","brand_revenue":0.0,"category_revenue":143902.822265625,"share_pct":0.0},{"period":"2024-11","brand_revenue":11847.5,"category_revenue":169051.3671875,"share_pct":7.0},{"period":"2024-12","brand_revenue":9586.599731445312,"category_revenue":186738.92578125,"share_pct":5.099999904632568},{"period":"2025-01","brand_revenue":8546.599731445312,"category_revenue":222888.57421875,"share_pct":3.799999952316284},{"period":"2025-02","brand_revenue":8786.325073242188,"category_revenue":186213.06640625,"share_pct":4.699999809265137},{"period":"2025-03","brand_revenue":8918.424682617188,"category_revenue":195415.56640625,"share_pct":4.599999904632568},{"period":"2025-04","brand_revenue":12094.25048828125,"category_revenue":188683.2421875,"share_pct":6.400000095367432},{"period":"2025-05","brand_revenue":10082.125244140625,"category_revenue":231505.29296875,"share_pct":4.400000095367432},{"period":"2025-06","brand_revenue":12698.75,"category_revenue":169830.2734375,"share_pct":7.5},{"period":"2025-07","brand_revenue":14706.25,"category_revenue":130345.849609375,"share_pct":11.300000190734863},{"period":"2025-08","brand_revenue":20250.400390625,"category_revenue":108797.099609375,"share_pct":18.600000381469727},{"period":"2025-09","brand_revenue":10931.25,"category_revenue":99689.677734375,"share_pct":11.0},{"period":"2025-10","brand_revenue":20544.375,"category_revenue":67141.8505859375,"share_pct":30.600000381469727},{"period":"2025-11","brand_revenue":25922.7001953125,"category_revenue":80167.7978515625,"share_pct":32.29999923706055},{"period":"2025-12","brand_revenue":19287.025146484375,"category_revenue":71818.3740234375,"share_pct":26.899999618530273},{"period":"2026-01","brand_revenue":27820.625,"category_revenue":62066.826171875,"share_pct":44.79999923706055}],"CARTRIDGE":[{"period":"2024-01","brand_revenue":0.0,"category_revenue":2057675.625,"share_pct":0.0},{"period":"2024-02","brand_revenue":0.0,"category_revenue":2141777.8125,"share_pct":0.0},{"period":"2024-03","brand_revenue":0.0,"category_revenue":2288552.1875,"share_pct":0.0},{"period":"2024-04","brand_revenue":0.0,"category_revenue":2096820.46875,"share_pct":0.0},{"period":"2024-05","brand_revenue":0.0,"category_revenue":2138038.59375,"share_pct":0.0},{"period":"2024-06","brand_revenue":0.0,"category_revenue":2017623.90625,"share_pct":0.0},{"period":"2024-07","brand_revenue":0.0,"category_revenue":2031918.28125,"share_pct":0.0},{"period":"2024-08","brand_revenue":0.0,"category_revenue":2132382.65625,"share_pct":0.0},{"period":"2024-09","brand_revenue":0.0,"category_revenue":1955407.03125,"share_pct":0.0},{"period":"2024-10","brand_revenue":0.0,"category_revenue":2083993.125,"share_pct":0.0},{"period":"2024-11","brand_revenue":0.0,"category_revenue":2038609.375,"share_pct":0.0},{"period":"2024-12","brand_revenue":0.0,"category_revenue":2003932.03125,"share_pct":0.0},{"period":"2025-01","brand_revenue":0.0,"category_revenue":1921719.21875,"share_pct":0.0},{"period":"2025-02","brand_revenue":0.0,"category_revenue":1668647.5,"share_pct":0.0},{"period":"2025-03","brand_revenue":0.0,"category_revenue":1758711.25,"share_pct":0.0},{"period":"2025-04","brand_revenue":0.0,"category_revenue":1735997.5,"share_pct":0.0},{"period":"2025-05","brand_revenue":0.0,"category_revenue":1688800.46875,"share_pct":0.0},{"period":"2025-06","brand_revenue":12478.75,"category_revenue":1594515.0,"share_pct":0.800000011920929},{"period":"2025-07","brand_revenue":20091.624755859375,"category_revenue":1595739.53125,"share_pct":1.2999999523162842},{"period":"2025-08","brand_revenue":27900.70068359375,"category_revenue":1677489.6875,"share_pct":1.7000000476837158},{"period":"2025-09","brand_revenue":11035.4248046875,"category_revenue":1539547.96875,"share_pct":0.699999988079071},{"period":"2025-10","brand_revenue":30580.2490234375,"category_revenue":1548909.21875,"share_pct":2.0},{"period":"2025-11","brand_revenue":28612.8759765625,"category_revenue":1545430.15625,"share_pct":1.899999976158142},{"period":"2025-12","brand_revenue":22294.1748046875,"category_revenue":1467828.28125,"share_pct":1.5},{"period":"2026-01","brand_revenue":19124.27490234375,"category_revenue":1425064.0625,"share_pct":1.2999999523162842}],"INFUSED PACK":[{"period":"2024-01","brand_revenue":0.0,"category_revenue":204601.875,"share_pct":0.0},{"period":"2024-02","brand_revenue":0.0,"category_revenue":221156.7578125,"share_pct":0.0},{"period":"2024-03","brand_revenue":0.0,"category_revenue":257436.93359375,"share_pct":0.0},{"period":"2024-04","brand_revenue":0.0,"category_revenue":301537.3046875,"share_pct":0.0},{"period":"2024-05","brand_revenue":0.0,"category_revenue":301873.0078125,"share_pct":0.0},{"period":"2024-06","brand_revenue":0.0,"category_revenue":300488.6328125,"share_pct":0.0},{"period":"2024-07","brand_revenue":0.0,"category_revenue":303570.80078125,"share_pct":0.0},{"period":"2024-08","brand_revenue":0.0,"category_revenue":283995.625,"share_pct":0.0},{"period":"2024-09","brand_revenue":0.0,"category_revenue":331664.1796875,"share_pct":0.0},{"period":"2024-10","brand_revenue":0.0,"category_revenue":311486.1328125,"share_pct":0.0},{"period":"2024-11","brand_revenue":0.0,"category_revenue":306613.92578125,"share_pct":0.0},{"period":"2024-12","brand_revenue":0.0,"category_revenue":298008.41796875,"share_pct":0.0},{"period":"2025-01","brand_revenue":0.0,"category_revenue":269244.765625,"share_pct":0.0},{"period":"2025-02","brand_revenue":0.0,"category_revenue":309579.8046875,"share_pct":0.0},{"period":"2025-03","brand_revenue":0.0,"category_revenue":312908.80859375,"share_pct":0.0},{"period":"2025-04","brand_revenue":0.0,"category_revenue":389974.3359375,"share_pct":0.0},{"period":"2025-05","brand_revenue":0.0,"category_revenue":404824.9609375,"share_pct":0.0},{"period":"2025-06","brand_revenue":2138.2749938964844,"category_revenue":383193.4765625,"share_pct":0.6000000238418579},{"period":"2025-07","brand_revenue":12059.375,"category_revenue":437456.640625,"share_pct":2.799999952316284},{"period":"2025-08","brand_revenue":10525.0,"category_revenue":391817.578125,"share_pct":2.700000047683716},{"period":"2025-09","brand_revenue":11027.0751953125,"category_revenue":367221.40625,"share_pct":3.0},{"period":"2025-10","brand_revenue":12677.449951171875,"category_revenue":423332.109375,"share_pct":3.0},{"period":"2025-11","brand_revenue":10026.0498046875,"category_revenue":395184.53125,"share_pct":2.5},{"period":"2025-12","brand_revenue":8398.125,"category_revenue":387500.234375,"share_pct":2.200000047683716},{"period":"2026-01","brand_revenue":8419.650268554688,"category_revenue":364337.6171875,"share_pct":2.299999952316284}],"INFUSED FLOWER":[{"period":"2024-01","brand_revenue":0.0,"category_revenue":6570.250244140625,"share_pct":0.0},{"period":"2024-02","brand_revenue":0.0,"category_revenue":18343.62548828125,"share_pct":0.0},{"period":"2024-03","brand_revenue":0.0,"category_revenue":31018.3251953125,"share_pct":0.0},{"period":"2024-04","brand_revenue":0.0,"category_revenue":31596.826171875,"share_pct":0.0},{"period":"2024-05","brand_revenue":0.0,"category_revenue":21558.80126953125,"share_pct":0.0},{"period":"2024-06","brand_revenue":0.0,"category_revenue":24545.30029296875,"share_pct":0.0},{"period":"2024-07","brand_revenue":0.0,"category_revenue":16913.00048828125,"share_pct":0.0},{"period":"2024-08","brand_revenue":0.0,"category_revenue":16608.499755859375,"share_pct":0.0},{"period":"2024-09","brand_revenue":0.0,"category_revenue":19893.62548828125,"share_pct":0.0},{"period":"2024-10","brand_revenue":0.0,"category_revenue":17213.175048828125,"share_pct":0.0},{"period":"2024-11","brand_revenue":0.0,"category_revenue":15249.375,"share_pct":0.0},{"period":"2024-12","brand_revenue":0.0,"category_revenue":9560.999755859375,"share_pct":0.0},{"period":"2025-01","brand_revenue":0.0,"category_revenue":10154.500122070312,"share_pct":0.0},{"period":"2025-02","brand_revenue":0.0,"category_revenue":14429.625244140625,"share_pct":0.0},{"period":"2025-03","brand_revenue":0.0,"category_revenue":16804.69970703125,"share_pct":0.0},{"period":"2025-04","brand_revenue":0.0,"category_revenue":27190.70068359375,"share_pct":0.0},{"period":"2025-05","brand_revenue":0.0,"category_revenue":24856.12548828125,"share_pct":0.0},{"period":"2025-06","brand_revenue":0.0,"category_revenue":28754.82421875,"share_pct":0.0},{"period":"2025-07","brand_revenue":0.0,"category_revenue":26952.2998046875,"share_pct":0.0},{"period":"2025-08","brand_revenue":0.0,"category_revenue":33438.67431640625,"share_pct":0.0},{"period":"2025-09","brand_revenue":0.0,"category_revenue":38734.65087890625,"share_pct":0.0},{"period":"2025-10","brand_revenue":0.0,"category_revenue":22947.39990234375,"share_pct":0.0},{"period":"2025-11","brand_revenue":0.0,"category_revenue":15945.4248046875,"share_pct":0.0},{"period":"2025-12","brand_revenue":0.0,"category_revenue":9305.8251953125,"share_pct":0.0},{"period":"2026-01","brand_revenue":2229.375,"category_revenue":16761.624755859375,"share_pct":13.300000190734863}],"INFUSED PRE ROLL PACK":[{"period":"2025-11","brand_revenue":0.0,"category_revenue":125.0,"share_pct":0.0},{"period":"2025-12","brand_revenue":125.0,"category_revenue":125.0,"share_pct":100.0}]},"velocity_by_category":[{"category":"INFUSED PRE ROLL","brand_units_per_day":71.42,"category_avg_units_per_day":25.62,"velocity_index":278.8,"brand_rev_per_unit":12.23,"category_rev_per_unit":16.9,"brands_in_category":25},{"category":"PRE ROLL","brand_units_per_day":95.42,"category_avg_units_per_day":42.38,"velocity_index":225.1,"brand_rev_per_unit":6.66,"category_rev_per_unit":7.54,"brands_in_category":46},{"category":"INFUSED PRE ROLL PACK","brand_units_per_day":0.0,"category_avg_units_per_day":0.0,"velocity_index":133.3,"brand_rev_per_unit":25.0,"category_rev_per_unit":33.33,"brands_in_category":2},{"category":"CONCENTRATE","brand_units_per_day":20.0,"category_avg_units_per_day":15.38,"velocity_index":130.0,"brand_rev_per_unit":13.99,"category_rev_per_unit":19.88,"brands_in_category":27},{"category":"FLOWER","brand_units_per_day":71.9,"category_avg_units_per_day":55.54,"velocity_index":129.5,"brand_rev_per_unit":20.55,"category_rev_per_unit":22.97,"brands_in_category":64},{"category":"PRE ROLL PACK","brand_units_per_day":10.14,"category_avg_units_per_day":11.6,"velocity_index":87.4,"brand_rev_per_unit":22.99,"category_rev_per_unit":25.24,"brands_in_category":14},{"category":"INFUSED PACK","brand_units_per_day":3.34,"category_avg_units_per_day":26.26,"velocity_index":12.7,"brand_rev_per_unit":23.63,"category_rev_per_unit":27.52,"brands_in_category":12},{"category":"CARTRIDGE","brand_units_per_day":7.06,"category_avg_units_per_day":74.5,"velocity_index":9.5,"brand_rev_per_unit":25.62,"category_rev_per_unit":24.09,"brands_in_category":27},{"category":"INFUSED FLOWER","brand_units_per_day":0.18,"category_avg_units_per_day":2.6,"velocity_index":6.7,"brand_rev_per_unit":13.51,"category_rev_per_unit":26.05,"brands_in_category":8},{"category":0.0,"brand_units_per_day":0.0,"category_avg_units_per_day":0,"velocity_index":0,"brand_rev_per_unit":0.0,"category_rev_per_unit":0.0,"brands_in_category":0}],"store_gaps":[{"store":"Elevation Downtown","category":"CARTRIDGE","category_revenue_at_store":190494.43359375,"opportunity":"Category not carried at this store"},{"store":"Elevation Downtown","category":"CONCENTRATE","category_revenue_at_store":53170.9033203125,"opportunity":"Category not carried at this store"}],"product_mix":{"top":[{"product":"KUSH CAKE EIGHTH - AMA","units":10252,"revenue":265855.8984375,"cost":110858.75,"profit":154997.1484375,"stores":7,"transactions":7572,"margin":58.29999923706055},{"product":"SCOBY EIGHTH - AMA","units":8762,"revenue":220281.484375,"cost":94518.75,"profit":125762.724609375,"stores":7,"transactions":6472,"margin":57.099998474121094},{"product":"GARLIC SUNDAE EIGHTH - AMA","units":6246,"revenue":157439.00390625,"cost":68876.25,"profit":88562.75390625,"stores":6,"transactions":4554,"margin":56.29999923706055},{"product":"CAP JUNKY EIGHTH - AMA","units":3226,"revenue":84668.3203125,"cost":34343.75,"profit":50324.5751953125,"stores":7,"transactions":2670,"margin":59.400001525878906},{"product":"PIXIE DUST EIGHTH - AMA","units":3142,"revenue":81701.34765625,"cost":33383.75,"profit":48317.59765625,"stores":7,"transactions":2572,"margin":59.099998474121094},{"product":"CAP JUNKY PRE ROLL - AMA","units":8694,"revenue":71149.6728515625,"cost":32602.5,"profit":38547.17529296875,"stores":7,"transactions":6184,"margin":54.20000076293945},{"product":"CAKE BADDER PRE ROLL - AMA","units":8496,"revenue":70575.6982421875,"cost":31860.0,"profit":38715.70068359375,"stores":7,"transactions":6152,"margin":54.900001525878906},{"product":"DOUGH WHIP EIGHTH - AMA","units":2148,"revenue":55090.0,"cost":24165.0,"profit":30925.0,"stores":5,"transactions":1632,"margin":56.099998474121094},{"product":"RUNTZ EIGHTH - AMA","units":1798,"revenue":47604.7021484375,"cost":20227.5,"profit":27377.19970703125,"stores":5,"transactions":1420,"margin":57.5},{"product":"KUSH CAKE PRE ROLL - AMA","units":5460,"revenue":47354.9755859375,"cost":20475.0,"profit":26879.9755859375,"stores":7,"transactions":4250,"margin":56.79999923706055},{"product":"TRUFFLE SKUNK PRE ROLL - AMA","units":5382,"revenue":43542.9736328125,"cost":20182.5,"profit":23360.47607421875,"stores":7,"transactions":4020,"margin":53.599998474121094},{"product":"KUSH CAKE 5 PK PRE ROLL - AMA","units":1372,"revenue":40439.25048828125,"cost":14040.0,"profit":26399.25048828125,"stores":7,"transactions":1218,"margin":65.30000305175781},{"product":"TRUFFLE SKUNK EIGHTH - AMA","units":1478,"revenue":39098.974609375,"cost":15696.25,"profit":23402.724609375,"stores":6,"transactions":1194,"margin":59.900001525878906},{"product":"GARLIC SUNDAE PRE ROLL - AMA","units":4586,"revenue":37583.125,"cost":17197.5,"profit":20385.625,"stores":7,"transactions":3028,"margin":54.20000076293945},{"product":"SCOBY PRE ROLL - AMA","units":4556,"revenue":37188.62548828125,"cost":17085.0,"profit":20103.62548828125,"stores":7,"transactions":3094,"margin":54.099998474121094},{"product":"LEMON DRIP EIGHTH - AMA","units":1446,"revenue":37047.2509765625,"cost":15928.75,"profit":21118.5009765625,"stores":6,"transactions":1100,"margin":57.0},{"product":"SUGAR SLAP EIGHTH - AMA","units":1260,"revenue":33555.47607421875,"cost":13387.5,"profit":20167.974853515625,"stores":6,"transactions":1086,"margin":60.099998474121094},{"product":"HONEY POT EIGHTH - AMA","units":1036,"revenue":27522.5,"cost":11007.5,"profit":16515.0,"stores":6,"transactions":882,"margin":60.0},{"product":"JEALOUSY CAKE EIGHTH - AMA","units":1050,"revenue":26940.0,"cost":11812.5,"profit":15127.5,"stores":5,"transactions":888,"margin":56.20000076293945},{"product":"MOONBOW EIGHTH - AMA","units":1052,"revenue":26823.75,"cost":11835.0,"profit":14988.75,"stores":5,"transactions":864,"margin":55.900001525878906}],"bottom":[{"product":"SOLO TRIP BADDER 0.5G - AMA","units":12,"revenue":168.75,"cost":75.0,"profit":93.75,"stores":1,"transactions":12,"margin":55.599998474121094},{"product":"PABLOS REVENGE EIGHTH - AMA","units":6,"revenue":162.5,"cost":63.75,"profit":98.75,"stores":1,"transactions":6,"margin":60.79999923706055},{"product":"SUNNY G CART - AMA","units":4,"revenue":142.5,"cost":57.5,"profit":85.0,"stores":1,"transactions":4,"margin":59.599998474121094},{"product":"PRIMITIVO X PARAGON BADDER INFUSED PRE ROLL 1G - AMA","units":12,"revenue":141.00000381469727,"cost":64.50000286102295,"profit":76.49999618530273,"stores":1,"transactions":8,"margin":54.29999923706055},{"product":"OG CHEM BADDER 0.5G - AMA","units":8,"revenue":127.5,"cost":50.0,"profit":77.5,"stores":1,"transactions":8,"margin":60.79999923706055},{"product":"VADER OG BADDER - AMA","units":8,"revenue":116.99999809265137,"cost":50.0,"profit":66.99999809265137,"stores":1,"transactions":8,"margin":57.29999923706055},{"product":"SKUNK DAWG INFUSED PRE ROLL - AMA","units":6,"revenue":93.75,"cost":45.0,"profit":48.75,"stores":1,"transactions":6,"margin":52.0},{"product":"SUNDAE BRUNCH INFUSED PRE ROLL - AMA","units":4,"revenue":62.5,"cost":30.0,"profit":32.5,"stores":1,"transactions":4,"margin":52.0},{"product":"SUGAR SLAP PRE ROLL - AMA","units":6,"revenue":55.0,"cost":22.5,"profit":32.5,"stores":2,"transactions":6,"margin":59.099998474121094},{"product":"INZANE IN THE MEMBRANE CRUMBLE - AMA","units":2,"revenue":37.5,"cost":12.5,"profit":25.0,"stores":1,"transactions":2,"margin":66.69999694824219}],"expansion":[{"product":"GARLIC SUNDAE EIGHTH - AMA","current_stores":6,"total_stores":7,"missing_stores":["Elevation Parkway"],"revenue":157439.00390625},{"product":"DOUGH WHIP EIGHTH - AMA","current_stores":5,"total_stores":7,"missing_stores":["Elevation Downtown","Elevation Parkway"],"revenue":55090.0},{"product":"RUNTZ EIGHTH - AMA","current_stores":5,"total_stores":7,"missing_stores":["Elevation Downtown","Elevation Parkway"],"revenue":47604.7021484375},{"product":"TRUFFLE SKUNK EIGHTH - AMA","current_stores":6,"total_stores":7,"missing_stores":["Elevation Oasis"],"revenue":39098.974609375},{"product":"LEMON DRIP EIGHTH - AMA","current_stores":6,"total_stores":7,"missing_stores":["Elevation Springs"],"revenue":37047.2509765625},{"product":"SUGAR SLAP EIGHTH - AMA","current_stores":6,"total_stores":7,"missing_stores":["Elevation Parkway"],"revenue":33555.47607421875},{"product":"HONEY POT EIGHTH - AMA","current_stores":6,"total_stores":7,"missing_stores":["Elevation Springs"],"revenue":27522.5},{"product":"JEALOUSY CAKE EIGHTH - AMA","current_stores":5,"total_stores":7,"missing_stores":["Elevation Downtown","Elevation Parkway"],"revenue":26940.0},{"product":"MOONBOW EIGHTH - AMA","current_stores":5,"total_stores":7,"missing_stores":["Elevation Downtown","Elevation Parkway"],"revenue":26823.75},{"product":"ORANGE 43 EIGHTH - AMA","current_stores":6,"total_stores":7,"missing_stores":["Elevation Parkway"],"revenue":25534.375}]},"pricing_consistency":[{"product":"KOMBUCHA SUGAR - AMA","min_price":30.0,"max_price":62.5,"avg_price":46.12689393939394,"std_dev":6.500559548918524,"store_count":6,"price_range":32.5,"range_pct":70.5},{"product":"SIN MINT COOKIES BADDER - AMA","min_price":34.875,"max_price":62.5,"avg_price":48.361111111111114,"std_dev":5.52962559847041,"store_count":6,"price_range":27.625,"range_pct":57.1},{"product":"LAYER CAKE SUGAR - AMA","min_price":36.25,"max_price":62.5,"avg_price":48.88888888888889,"std_dev":5.260791378293376,"store_count":6,"price_range":26.25,"range_pct":53.7},{"product":"FROSTED CHERRY CRUMBLE - AMA","min_price":36.5625,"max_price":60.79545454545454,"avg_price":48.678977272727266,"std_dev":6.854114594910509,"store_count":4,"price_range":24.23295454545454,"range_pct":49.8},{"product":"FROSTED CHERRY COOKIES CRUMBLE - AMA","min_price":34.73684210526316,"max_price":58.68055555555556,"avg_price":49.889132553606245,"std_dev":5.271369149666863,"store_count":6,"price_range":23.943713450292393,"range_pct":48.0},{"product":"SUGAR HIGH #3 EIGHTH - AMA","min_price":36.067692683293274,"max_price":60.0,"avg_price":50.27798315001631,"std_dev":3.505570175669529,"store_count":10,"price_range":23.93230731670673,"range_pct":47.6},{"product":"SHERBZ EIGHTH - AMA","min_price":34.08112769033395,"max_price":54.6875,"avg_price":47.738270115397015,"std_dev":3.1895509447903847,"store_count":10,"price_range":20.606372309666053,"range_pct":43.2},{"product":"LOUD MOUTH 5 PK PRE ROLL - AMA","min_price":43.20652173913044,"max_price":65.25,"avg_price":51.3336365011464,"std_dev":3.8287423195333736,"store_count":10,"price_range":22.043478260869563,"range_pct":42.9},{"product":"RUNTZ EIGHTH - AMA","min_price":39.527027027027025,"max_price":61.65584415584416,"avg_price":52.13017681420163,"std_dev":3.4557907865173307,"store_count":10,"price_range":22.128817128817133,"range_pct":42.4},{"product":"TANGELLO SUGAR - AMA","min_price":39.338748931884766,"max_price":62.5,"avg_price":55.145130738757906,"std_dev":3.664635362563681,"store_count":10,"price_range":23.161251068115234,"range_pct":42.0},{"product":"CANDY RAIN BADDER - AMA","min_price":38.25,"max_price":58.0,"avg_price":48.125,"std_dev":5.586143571373724,"store_count":4,"price_range":19.749999999999996,"range_pct":41.0},{"product":"SCOBY EIGHTH - AMA","min_price":32.827001953125,"max_price":52.456023744455,"avg_price":47.9103793834867,"std_dev":2.7040273102009618,"store_count":14,"price_range":19.62902179133,"range_pct":41.0},{"product":"GUSH BERRY 5 PK PRE ROLL - AMA","min_price":45.22999877929688,"max_price":67.14000244140624,"avg_price":54.33380635579428,"std_dev":3.346546857518953,"store_count":12,"price_range":21.910003662109368,"range_pct":40.3},{"product":"STARFIGHTER SUGAR - AMA","min_price":19.43181818181818,"max_price":29.729729729729726,"avg_price":26.109404859404858,"std_dev":2.315923414303981,"store_count":6,"price_range":10.297911547911546,"range_pct":39.4},{"product":"PERMANENT CANDY JUNKIE INFUSED PRE ROLL - AMA","min_price":24.805743243243242,"max_price":36.45,"avg_price":29.851504390585816,"std_dev":1.9927875629042855,"store_count":10,"price_range":11.644256756756759,"range_pct":39.0},{"product":"KUSH CAKE SUGAR - AMA","min_price":24.782608695652172,"max_price":35.0,"avg_price":28.30360460795243,"std_dev":2.3207289426738407,"store_count":6,"price_range":10.217391304347828,"range_pct":36.1},{"product":"FROZEN LEMONADE 5 PK PRE ROLL - AMA","min_price":42.75,"max_price":60.625,"avg_price":49.4524358974359,"std_dev":2.826432403488971,"store_count":10,"price_range":17.874999999999996,"range_pct":36.1},{"product":"GARLIC SUNDAE BADDER - AMA","min_price":25.02659574468085,"max_price":36.25,"avg_price":31.206781914893615,"std_dev":2.2789725084604897,"store_count":6,"price_range":11.22340425531915,"range_pct":36.0},{"product":"CRAZY CAP JUNKY BADDER - AMA","min_price":25.201822916666664,"max_price":35.60810810810811,"avg_price":28.869124502605175,"std_dev":1.921451842533426,"store_count":8,"price_range":10.406285191441444,"range_pct":36.0},{"product":"AFGHANI BADDER - AMA","min_price":25.45918367346939,"max_price":37.5,"avg_price":33.494735285418514,"std_dev":1.9051503203510942,"store_count":10,"price_range":12.04081632653061,"range_pct":35.9},{"product":"WHITE WIDOW PRE ROLL - AMA","min_price":15.277777777777777,"max_price":21.74,"avg_price":18.11540925256563,"std_dev":0.9628358081846814,"store_count":12,"price_range":6.4622222222222225,"range_pct":35.7},{"product":"BANANA ZELATO CART - AMA","min_price":47.5,"max_price":69.20454545454545,"avg_price":60.949855854952155,"std_dev":3.474636766794227,"store_count":10,"price_range":21.70454545454546,"range_pct":35.6},{"product":"RUNTZ CRUMBLE - AMA","min_price":25.92857142857143,"max_price":37.5,"avg_price":32.65119086371528,"std_dev":2.403592763277549,"store_count":6,"price_range":11.57142857142857,"range_pct":35.4},{"product":"BLUE POWER SUGAR - AMA","min_price":25.612244897959183,"max_price":37.5,"avg_price":33.53741496598639,"std_dev":2.7453594432894457,"store_count":6,"price_range":11.887755102040817,"range_pct":35.4},{"product":"HP70 BADDER - AMA","min_price":40.166666666666664,"max_price":57.55208333333333,"avg_price":49.36910076530612,"std_dev":2.9746192000394953,"store_count":8,"price_range":17.385416666666664,"range_pct":35.2},{"product":"GREAT CAKE INFUSED PRE ROLL - AMA","min_price":26.549999999999997,"max_price":37.01086956521739,"avg_price":29.811683154748202,"std_dev":1.9367859722019019,"store_count":8,"price_range":10.460869565217394,"range_pct":35.1},{"product":"CRASHING ORANGES SUGAR - AMA","min_price":24.583889431423607,"max_price":34.43181818181819,"avg_price":28.235015282845307,"std_dev":2.157990876386041,"store_count":6,"price_range":9.847928750394574,"range_pct":34.9},{"product":"DABBALICIOUS MOJITO CART - AMA","min_price":52.75,"max_price":73.125,"avg_price":61.32391448102679,"std_dev":3.3545604059517125,"store_count":10,"price_range":20.374999999999996,"range_pct":33.2},{"product":"JUNGLE PIE PRE ROLL - AMA","min_price":16.161616161616163,"max_price":23.041666666666668,"avg_price":20.790113087395696,"std_dev":1.112712261903616,"store_count":10,"price_range":6.880050505050505,"range_pct":33.1},{"product":"SPOTTED CHERRY CRUMBLE - AMA","min_price":25.331632653061224,"max_price":35.46875,"avg_price":31.42064037153323,"std_dev":2.147155729303006,"store_count":6,"price_range":10.137117346938776,"range_pct":32.3}],"promotional_effectiveness":{"lift":{"fp_units_per_day":73.8,"disc_units_per_day":207.36,"lift_pct":181.0,"fp_avg_revenue_per_unit":45.199999999999996,"disc_avg_revenue_per_unit":29.55},"by_deal":[{"deal_name":"Industry - 30% Off","uses":6622,"revenue":258261.95026040077,"discounts":111343.04963350296,"units":18590.0,"cost":134610.0,"margin":47.9,"discount_depth":60.2},{"deal_name":"Stock & Save - PR - 5 for $30","uses":6265,"revenue":208698.65000247955,"discounts":138893.84999871254,"units":27763.0,"cost":105761.25,"margin":49.3,"discount_depth":80.0},{"deal_name":"Lit4Less - 1/4 for $40","uses":5389,"revenue":436967.35833366716,"discounts":118803.47499847412,"units":17492.666666666668,"cost":186132.0833333333,"margin":57.4,"discount_depth":42.8},{"deal_name":"Stock & Save - 1/4 for $40","uses":4887,"revenue":378296.3999938965,"discounts":164403.60000133514,"units":15128.0,"cost":169802.5,"margin":55.1,"discount_depth":60.6},{"deal_name":"Lit4Less - PR - 5 for $30","uses":4728,"revenue":140880.7000039518,"discounts":105109.29999351501,"units":18819.0,"cost":70571.25,"margin":49.9,"discount_depth":85.4},{"deal_name":"AMA IPR 2 for $25","uses":982,"revenue":69472.57500171661,"discounts":14114.925001859665,"units":4458.0,"cost":33430.0,"margin":51.9,"discount_depth":33.8},{"deal_name":"4/20 2025 - Flower / Infused","uses":897,"revenue":40471.675000190735,"discounts":40624.574999809265,"units":3173.0,"cost":28888.75,"margin":28.6,"discount_depth":100.2},{"deal_name":"Lit4Less - 3 for $75 Carts - Srene / Select / AMA / Optimum / BC","uses":796,"revenue":82816.8624997139,"discounts":20278.137500286102,"units":2652.0,"cost":38122.5,"margin":54.0,"discount_depth":39.4},{"deal_name":"50% Off - G2B","uses":714,"revenue":31300.066664616264,"discounts":31475.766669909157,"units":2333.3333333333335,"cost":22093.541666666664,"margin":29.4,"discount_depth":100.2},{"deal_name":"30% Off Special","uses":662,"revenue":28753.249855041504,"discounts":12331.74998998642,"units":1618.0,"cost":14452.5,"margin":49.7,"discount_depth":60.0},{"deal_name":"BaM/ AMA  1/4 for $40","uses":472,"revenue":53885.0,"discounts":23877.5,"units":2158.0,"cost":23690.0,"margin":56.0,"discount_depth":61.4},{"deal_name":"Senior - 10% Off","uses":431,"revenue":24002.000049352646,"discounts":2837.999996393919,"units":1315.0,"cost":9402.750000953674,"margin":60.8,"discount_depth":21.2},{"deal_name":"Veterans - 10% Off","uses":424,"revenue":18819.375056028366,"discounts":2134.374996572733,"units":1064.0,"cost":7575.0,"margin":59.7,"discount_depth":20.4},{"deal_name":"Employee 30% - NOT FRIDAYS","uses":261,"revenue":11067.37499833107,"discounts":4811.375002861023,"units":651.0,"cost":5616.25,"margin":49.3,"discount_depth":60.6},{"deal_name":"2 AMA IPR for $25","uses":250,"revenue":17492.112500667572,"discounts":3545.387499332428,"units":1122.0,"cost":8415.0,"margin":51.9,"discount_depth":33.8},{"deal_name":"50% Off IPR  / PR Packs","uses":236,"revenue":8756.25,"discounts":8756.25,"units":812.0,"cost":6547.5,"margin":25.2,"discount_depth":100.0},{"deal_name":"Senior / Veterans - 20% Off","uses":218,"revenue":12783.999996185303,"discounts":3265.999997854233,"units":778.0,"cost":5820.0,"margin":54.5,"discount_depth":40.6},{"deal_name":"Jackpot - Locals 30% Off","uses":216,"revenue":9532.99999833107,"discounts":4131.999994516373,"units":578.0,"cost":4630.0,"margin":51.4,"discount_depth":60.4},{"deal_name":"LVAC - 25% Off","uses":210,"revenue":8094.375,"discounts":2698.125,"units":514.0,"cost":3985.0,"margin":50.8,"discount_depth":50.0},{"deal_name":"Employee - 40% OFF","uses":132,"revenue":6385.0,"discounts":4265.0,"units":394.0,"cost":3726.25,"margin":41.6,"discount_depth":80.0}]},"growth_opportunities":[{"type":"sku_expansion","title":"Add 'AFGHANI BADDER - AMA' to 2 more store(s)","detail":"Carried in 5 stores. Missing from: Elevation Downtown, Elevation Parkway","priority":"medium"},{"type":"sku_expansion","title":"Add 'ALPINE TAFFY PRE ROLL - AMA' to 3 more store(s)","detail":"Carried in 4 stores. Missing from: Elevation Springs, Elevation Oasis, Elevation Downtown","priority":"medium"},{"type":"sku_expansion","title":"Add 'AMAZING SPACE CADET INFUSED PRE ROLL - AMA' to 3 more store(s)","detail":"Carried in 4 stores. Missing from: Elevation Downtown, Elevation Midtown, Elevation Parkway","priority":"medium"},{"type":"sku_expansion","title":"Add 'APPLE JAX SMASHED INFUSED PRE ROLL - AMA' to 3 more store(s)","detail":"Carried in 4 stores. Missing from: Elevation Oasis, Elevation Downtown, Elevation Midtown","priority":"medium"},{"type":"sku_expansion","title":"Add 'ASTRO SUGAR SHERBZ INFUSED PRE ROLL - AMA' to 2 more store(s)","detail":"Carried in 5 stores. Missing from: Elevation Downtown, Elevation Parkway","priority":"medium"},{"type":"velocity","title":"Improve velocity in INFUSED PACK","detail":"Velocity index 13 (below category average). 1.7 units/day vs 13.1 avg.","priority":"medium"},{"type":"velocity","title":"Improve velocity in CARTRIDGE","detail":"Velocity index 10 (below category average). 3.5 units/day vs 37.2 avg.","priority":"medium"},{"type":"velocity","title":"Improve velocity in INFUSED FLOWER","detail":"Velocity index 7 (below category average). 0.1 units/day vs 1.3 avg.","priority":"medium"},{"type":"velocity","title":"Improve velocity in nan","detail":"Velocity index 0 (below category average). 0.0 units/day vs 0.0 avg.","priority":"medium"}],"trend":[{"period":"2024-01","revenue":64717.9248046875,"cost":28295.2490234375,"margin":56.3,"units":4282,"transactions":3222,"profit":36422.67578125,"revenue_change_pct":null,"units_change_pct":null,"margin_change_pts":null},{"period":"2024-02","revenue":52899.7265625,"cost":24065.0,"margin":54.5,"units":3420,"transactions":2554,"profit":28834.72412109375,"revenue_change_pct":-18.3,"units_change_pct":-20.1,"margin_change_pts":-1.8},{"period":"2024-03","revenue":74819.3505859375,"cost":33505.0,"margin":55.2,"units":4724,"transactions":3228,"profit":41314.3505859375,"revenue_change_pct":41.4,"units_change_pct":38.1,"margin_change_pts":0.7},{"period":"2024-04","revenue":98140.576171875,"cost":43967.5,"margin":55.2,"units":6136,"transactions":4118,"profit":54173.076171875,"revenue_change_pct":31.2,"units_change_pct":29.9,"margin_change_pts":-0.0},{"period":"2024-05","revenue":103328.271484375,"cost":44537.5,"margin":56.9,"units":6048,"transactions":4568,"profit":58790.7763671875,"revenue_change_pct":5.3,"units_change_pct":-1.4,"margin_change_pts":1.7},{"period":"2024-06","revenue":80298.8525390625,"cost":34367.5,"margin":57.2,"units":5224,"transactions":4070,"profit":45931.34765625,"revenue_change_pct":-22.3,"units_change_pct":-13.6,"margin_change_pts":0.3},{"period":"2024-07","revenue":70435.400390625,"cost":31060.0,"margin":55.9,"units":4402,"transactions":3268,"profit":39375.400390625,"revenue_change_pct":-12.3,"units_change_pct":-15.7,"margin_change_pts":-1.3},{"period":"2024-08","revenue":80696.4501953125,"cost":37365.0,"margin":53.7,"units":5626,"transactions":3892,"profit":43331.4501953125,"revenue_change_pct":14.6,"units_change_pct":27.8,"margin_change_pts":-2.2},{"period":"2024-09","revenue":88102.470703125,"cost":41565.0,"margin":52.8,"units":6684,"transactions":4422,"profit":46537.4755859375,"revenue_change_pct":9.2,"units_change_pct":18.8,"margin_change_pts":-0.9},{"period":"2024-10","revenue":157266.748046875,"cost":72822.5,"margin":53.7,"units":11390,"transactions":6418,"profit":84444.248046875,"revenue_change_pct":78.5,"units_change_pct":70.4,"margin_change_pts":0.9},{"period":"2024-11","revenue":229036.93359375,"cost":108095.0,"margin":52.8,"units":15436,"transactions":9374,"profit":120941.923828125,"revenue_change_pct":45.6,"units_change_pct":35.5,"margin_change_pts":-0.9},{"period":"2024-12","revenue":99959.453125,"cost":44782.5,"margin":55.2,"units":6522,"transactions":4250,"profit":55176.9482421875,"revenue_change_pct":-56.4,"units_change_pct":-57.7,"margin_change_pts":2.4},{"period":"2025-01","revenue":71227.998046875,"cost":31532.5,"margin":55.7,"units":4684,"transactions":3054,"profit":39695.50048828125,"revenue_change_pct":-28.7,"units_change_pct":-28.2,"margin_change_pts":0.5},{"period":"2025-02","revenue":72229.375,"cost":33300.0,"margin":53.9,"units":4202,"transactions":3016,"profit":38929.375,"revenue_change_pct":1.4,"units_change_pct":-10.3,"margin_change_pts":-1.8},{"period":"2025-03","revenue":141152.099609375,"cost":63067.5,"margin":55.3,"units":9110,"transactions":5758,"profit":78084.599609375,"revenue_change_pct":95.4,"units_change_pct":116.8,"margin_change_pts":1.4},{"period":"2025-04","revenue":127544.423828125,"cost":68760.0,"margin":46.1,"units":9594,"transactions":5984,"profit":58784.423828125,"revenue_change_pct":-9.6,"units_change_pct":5.3,"margin_change_pts":-9.2},{"period":"2025-05","revenue":168924.47265625,"cost":73495.0,"margin":56.5,"units":9640,"transactions":6360,"profit":95429.47265625,"revenue_change_pct":32.4,"units_change_pct":0.5,"margin_change_pts":10.4},{"period":"2025-06","revenue":160514.296875,"cost":71067.5,"margin":55.7,"units":9778,"transactions":6274,"profit":89446.796875,"revenue_change_pct":-5.0,"units_change_pct":1.4,"margin_change_pts":-0.8},{"period":"2025-07","revenue":209034.21875,"cost":88201.25,"margin":57.8,"units":11114,"transactions":7528,"profit":120832.978515625,"revenue_change_pct":30.2,"units_change_pct":13.7,"margin_change_pts":2.1},{"period":"2025-08","revenue":225315.68359375,"cost":94562.5,"margin":58.0,"units":12014,"transactions":8124,"profit":130753.173828125,"revenue_change_pct":7.8,"units_change_pct":8.1,"margin_change_pts":0.2},{"period":"2025-09","revenue":163545.654296875,"cost":68897.5,"margin":57.9,"units":8878,"transactions":6376,"profit":94648.154296875,"revenue_change_pct":-27.4,"units_change_pct":-26.1,"margin_change_pts":-0.2},{"period":"2025-10","revenue":239638.359375,"cost":100936.25,"margin":57.9,"units":13154,"transactions":8660,"profit":138702.099609375,"revenue_change_pct":46.5,"units_change_pct":48.2,"margin_change_pts":0.0},{"period":"2025-11","revenue":266407.12890625,"cost":121000.0,"margin":54.6,"units":14578,"transactions":9524,"profit":145407.12890625,"revenue_change_pct":11.2,"units_change_pct":10.8,"margin_change_pts":-3.3},{"period":"2025-12","revenue":273309.296875,"cost":113770.0,"margin":58.4,"units":13384,"transactions":9076,"profit":159539.296875,"revenue_change_pct":2.6,"units_change_pct":-8.2,"margin_change_pts":3.8},{"period":"2026-01","revenue":269383.69140625,"cost":111406.25,"margin":58.6,"units":13418,"transactions":8898,"profit":157977.451171875,"revenue_change_pct":-1.4,"units_change_pct":0.3,"margin_change_pts":0.3}]}