{"brand":"ALTERNATIVE MEDICINE ASSOCIATION","date_range":"2024-01-01 00:00:00 to 2026-01-31 00:00:00","period_label":"All Time","summary":{"total_units":213442,"total_revenue":3587928.75,"total_cost":1584424.0625,"total_discounts":1043919.921875,"total_profit":2003504.84375,"overall_margin":55.79999923706055,"fp_margin":64.30000305175781,"disc_margin":51.29999923706055,"pct_full_price":35.0,"avg_discount_rate":22.5,"fp_revenue":1257405.0,"disc_revenue":2330523.75,"unique_customers":70138,"brand":"ALTERNATIVE MEDICINE ASSOCIATION","date_range":"2024-01-01 00:00:00 to 2026-01-31 00:00:00","months_count":50,"avg_monthly_cost":63376.95,"cost_per_unit":14.850000000000001,"primary_category":"FLOWER","primary_cat_margin":54.099998474121094,"category_rank":18,"category_total":64,"margin_vs_category":1.7000000476837158,"velocity_rank":15},"category_breakdown":[{"category_clean":"FLOWER","units":54788,"revenue":1407649.21875,"cost":596022.5,"profit":811626.71875,"discounts":425932.03125,"margin":57.70000076293945,"category_avg_margin":54.099998474121094,"vs_category":3.6,"rank":18.0,"total_brands":64.0},{"category_clean":"INFUSED PRE ROLL","units":54424,"revenue":832084.53125,"cost":408010.234375,"profit":424074.2578125,"discounts":180273.0078125,"margin":51.0,"category_avg_margin":47.29999923706055,"vs_category":3.7,"rank":3.0,"total_brands":25.0},{"category_clean":"PRE ROLL","units":72716,"revenue":605300.2734375,"cost":274560.0,"profit":330740.2734375,"discounts":312499.7265625,"margin":54.599998474121094,"category_avg_margin":48.29999923706055,"vs_category":6.3,"rank":6.0,"total_brands":46.0},{"category_clean":"CONCENTRATE","units":15242,"revenue":266636.953125,"cost":112700.0,"profit":153936.953125,"discounts":59170.5517578125,"margin":57.70000076293945,"category_avg_margin":45.900001525878906,"vs_category":11.8,"rank":6.0,"total_brands":27.0},{"category_clean":"PRE ROLL PACK","units":7726,"revenue":222023.203125,"cost":81102.5,"profit":140920.703125,"discounts":25504.29931640625,"margin":63.5,"category_avg_margin":54.5,"vs_category":9.0,"rank":8.0,"total_brands":14.0},{"category_clean":"CARTRIDGE","units":5374,"revenue":172118.06640625,"cost":77251.25,"profit":94866.826171875,"discounts":34206.923828125,"margin":55.099998474121094,"category_avg_margin":50.400001525878906,"vs_category":4.7,"rank":18.0,"total_brands":27.0},{"category_clean":"INFUSED PACK","units":2548,"revenue":75271.0009765625,"cost":31850.0,"profit":43421.0009765625,"discounts":4353.999938964844,"margin":57.70000076293945,"category_avg_margin":47.70000076293945,"vs_category":10.0,"rank":8.0,"total_brands":12.0},{"category_clean":"INFUSED FLOWER","units":132,"revenue":2229.375,"cost":990.0,"profit":1239.375,"discounts":245.625,"margin":55.599998474121094,"category_avg_margin":51.79999923706055,"vs_category":3.8,"rank":7.0,"total_brands":8.0},{"category_clean":"INFUSED PRE ROLL PACK","units":4,"revenue":125.0,"cost":50.0,"profit":75.0,"discounts":0.0,"margin":60.0,"category_avg_margin":60.79999923706055,"vs_category":-0.8,"rank":1.0,"total_brands":2.0}],"trend":[{"period":"2024-01","revenue":64717.9248046875,"cost":28295.2490234375,"margin":56.3,"units":4282,"transactions":3222,"profit":36422.67578125,"revenue_change_pct":null,"units_change_pct":null,"margin_change_pts":null},{"period":"2024-02","revenue":52899.7265625,"cost":24065.0,"margin":54.5,"units":3420,"transactions":2554,"profit":28834.72412109375,"revenue_change_pct":-18.3,"units_change_pct":-20.1,"margin_change_pts":-1.8},{"period":"2024-03","revenue":74819.3505859375,"cost":33505.0,"margin":55.2,"units":4724,"transactions":3228,"profit":41314.3505859375,"revenue_change_pct":41.4,"units_change_pct":38.1,"margin_change_pts":0.7},{"period":"2024-04","revenue":98140.576171875,"cost":43967.5,"margin":55.2,"units":6136,"transactions":4118,"profit":54173.076171875,"revenue_change_pct":31.2,"units_change_pct":29.9,"margin_change_pts":-0.0},{"period":"2024-05","revenue":103328.271484375,"cost":44537.5,"margin":56.9,"units":6048,"transactions":4568,"profit":58790.7763671875,"revenue_change_pct":5.3,"units_change_pct":-1.4,"margin_change_pts":1.7},{"period":"2024-06","revenue":80298.8525390625,"cost":34367.5,"margin":57.2,"units":5224,"transactions":4070,"profit":45931.34765625,"revenue_change_pct":-22.3,"units_change_pct":-13.6,"margin_change_pts":0.3},{"period":"2024-07","revenue":70435.400390625,"cost":31060.0,"margin":55.9,"units":4402,"transactions":3268,"profit":39375.400390625,"revenue_change_pct":-12.3,"units_change_pct":-15.7,"margin_change_pts":-1.3},{"period":"2024-08","revenue":80696.4501953125,"cost":37365.0,"margin":53.7,"units":5626,"transactions":3892,"profit":43331.4501953125,"revenue_change_pct":14.6,"units_change_pct":27.8,"margin_change_pts":-2.2},{"period":"2024-09","revenue":88102.470703125,"cost":41565.0,"margin":52.8,"units":6684,"transactions":4422,"profit":46537.4755859375,"revenue_change_pct":9.2,"units_change_pct":18.8,"margin_change_pts":-0.9},{"period":"2024-10","revenue":157266.748046875,"cost":72822.5,"margin":53.7,"units":11390,"transactions":6418,"profit":84444.248046875,"revenue_change_pct":78.5,"units_change_pct":70.4,"margin_change_pts":0.9},{"period":"2024-11","revenue":229036.93359375,"cost":108095.0,"margin":52.8,"units":15436,"transactions":9374,"profit":120941.923828125,"revenue_change_pct":45.6,"units_change_pct":35.5,"margin_change_pts":-0.9},{"period":"2024-12","revenue":99959.453125,"cost":44782.5,"margin":55.2,"units":6522,"transactions":4250,"profit":55176.9482421875,"revenue_change_pct":-56.4,"units_change_pct":-57.7,"margin_change_pts":2.4},{"period":"2025-01","revenue":71227.998046875,"cost":31532.5,"margin":55.7,"units":4684,"transactions":3054,"profit":39695.50048828125,"revenue_change_pct":-28.7,"units_change_pct":-28.2,"margin_change_pts":0.5},{"period":"2025-02","revenue":72229.375,"cost":33300.0,"margin":53.9,"units":4202,"transactions":3016,"profit":38929.375,"revenue_change_pct":1.4,"units_change_pct":-10.3,"margin_change_pts":-1.8},{"period":"2025-03","revenue":141152.099609375,"cost":63067.5,"margin":55.3,"units":9110,"transactions":5758,"profit":78084.599609375,"revenue_change_pct":95.4,"units_change_pct":116.8,"margin_change_pts":1.4},{"period":"2025-04","revenue":127544.423828125,"cost":68760.0,"margin":46.1,"units":9594,"transactions":5984,"profit":58784.423828125,"revenue_change_pct":-9.6,"units_change_pct":5.3,"margin_change_pts":-9.2},{"period":"2025-05","revenue":168924.47265625,"cost":73495.0,"margin":56.5,"units":9640,"transactions":6360,"profit":95429.47265625,"revenue_change_pct":32.4,"units_change_pct":0.5,"margin_change_pts":10.4},{"period":"2025-06","revenue":160514.296875,"cost":71067.5,"margin":55.7,"units":9778,"transactions":6274,"profit":89446.796875,"revenue_change_pct":-5.0,"units_change_pct":1.4,"margin_change_pts":-0.8},{"period":"2025-07","revenue":209034.21875,"cost":88201.25,"margin":57.8,"units":11114,"transactions":7528,"profit":120832.978515625,"revenue_change_pct":30.2,"units_change_pct":13.7,"margin_change_pts":2.1},{"period":"2025-08","revenue":225315.68359375,"cost":94562.5,"margin":58.0,"units":12014,"transactions":8124,"profit":130753.173828125,"revenue_change_pct":7.8,"units_change_pct":8.1,"margin_change_pts":0.2},{"period":"2025-09","revenue":163545.654296875,"cost":68897.5,"margin":57.9,"units":8878,"transactions":6376,"profit":94648.154296875,"revenue_change_pct":-27.4,"units_change_pct":-26.1,"margin_change_pts":-0.2},{"period":"2025-10","revenue":239638.359375,"cost":100936.25,"margin":57.9,"units":13154,"transactions":8660,"profit":138702.099609375,"revenue_change_pct":46.5,"units_change_pct":48.2,"margin_change_pts":0.0},{"period":"2025-11","revenue":266407.12890625,"cost":121000.0,"margin":54.6,"units":14578,"transactions":9524,"profit":145407.12890625,"revenue_change_pct":11.2,"units_change_pct":10.8,"margin_change_pts":-3.3},{"period":"2025-12","revenue":273309.296875,"cost":113770.0,"margin":58.4,"units":13384,"transactions":9076,"profit":159539.296875,"revenue_change_pct":2.6,"units_change_pct":-8.2,"margin_change_pts":3.8},{"period":"2026-01","revenue":269383.69140625,"cost":111406.25,"margin":58.6,"units":13418,"transactions":8898,"profit":157977.451171875,"revenue_change_pct":-1.4,"units_change_pct":0.3,"margin_change_pts":0.3}],"share_of_category":[{"category":"FLOWER","brand_revenue":1407649.21875,"category_revenue":77755450.0,"revenue_share_pct":1.7999999523162842,"brand_units":54788,"category_units":2708446,"units_share_pct":2.0},{"category":"INFUSED PRE ROLL","brand_revenue":832084.53125,"category_revenue":10308101.25,"revenue_share_pct":8.100000381469727,"brand_units":54424,"category_units":488074,"units_share_pct":11.2},{"category":"PRE ROLL","brand_revenue":605300.2734375,"category_revenue":14009791.25,"revenue_share_pct":4.300000190734863,"brand_units":72716,"category_units":1485736,"units_share_pct":4.9},{"category":"CONCENTRATE","brand_revenue":266636.953125,"category_revenue":7866357.5,"revenue_share_pct":3.4000000953674316,"brand_units":15242,"category_units":316632,"units_share_pct":4.8},{"category":"PRE ROLL PACK","brand_revenue":222023.203125,"category_revenue":3903863.75,"revenue_share_pct":5.699999809265137,"brand_units":7726,"category_units":123714,"units_share_pct":6.2},{"category":"CARTRIDGE","brand_revenue":172118.0859375,"category_revenue":46155130.0,"revenue_share_pct":0.4000000059604645,"brand_units":5374,"category_units":1532896,"units_share_pct":0.4},{"category":"INFUSED PACK","brand_revenue":75270.99609375,"category_revenue":8259010.0,"revenue_share_pct":0.8999999761581421,"brand_units":2548,"category_units":240090,"units_share_pct":1.1},{"category":"INFUSED FLOWER","brand_revenue":2229.375,"category_revenue":515348.203125,"revenue_share_pct":0.4000000059604645,"brand_units":132,"category_units":15824,"units_share_pct":0.8},{"category":"INFUSED PRE ROLL PACK","brand_revenue":125.0,"category_revenue":250.0,"revenue_share_pct":50.0,"brand_units":4,"category_units":6,"units_share_pct":66.7},{"category":0.0,"brand_revenue":0.0,"category_revenue":0.0,"revenue_share_pct":0.0,"brand_units":0,"category_units":0,"units_share_pct":0.0}],"share_of_category_trend":{"FLOWER":[{"period":"2024-01","brand_revenue":18692.5,"category_revenue":3552357.8125,"share_pct":0.5},{"period":"2024-02","brand_revenue":17762.80029296875,"category_revenue":3535245.625,"share_pct":0.5},{"period":"2024-03","brand_revenue":24714.375,"category_revenue":3693805.625,"share_pct":0.699999988079071},{"period":"2024-04","brand_revenue":38883.125,"category_revenue":3541899.6875,"share_pct":1.100000023841858},{"period":"2024-05","brand_revenue":42132.67578125,"category_revenue":3537479.375,"share_pct":1.2000000476837158},{"period":"2024-06","brand_revenue":20997.451171875,"category_revenue":3403269.6875,"share_pct":0.6000000238418579},{"period":"2024-07","brand_revenue":21123.62548828125,"category_revenue":3457705.9375,"share_pct":0.6000000238418579},{"period":"2024-08","brand_revenue":25321.25,"category_revenue":3453819.375,"share_pct":0.699999988079071},{"period":"2024-09","brand_revenue":22852.9248046875,"category_revenue":3316441.5625,"share_pct":0.699999988079071},{"period":"2024-10","brand_revenue":59574.2236328125,"category_revenue":3585775.0,"share_pct":1.7000000476837158},{"period":"2024-11","brand_revenue":101466.25,"category_revenue":3454855.3125,"share_pct":2.9000000953674316},{"period":"2024-12","brand_revenue":35040.0,"category_revenue":3226567.8125,"share_pct":1.100000023841858},{"period":"2025-01","brand_revenue":19396.25,"category_revenue":2984938.125,"share_pct":0.6000000238418579},{"period":"2025-02","brand_revenue":23343.349609375,"category_revenue":2816220.0,"share_pct":0.800000011920929},{"period":"2025-03","brand_revenue":54807.5,"category_revenue":2911379.6875,"share_pct":1.899999976158142},{"period":"2025-04","brand_revenue":46616.6748046875,"category_revenue":3118895.3125,"share_pct":1.5},{"period":"2025-05","brand_revenue":87466.25,"category_revenue":2887345.0,"share_pct":3.0},{"period":"2025-06","brand_revenue":52515.72265625,"category_revenue":2773698.125,"share_pct":1.899999976158142},{"period":"2025-07","brand_revenue":82602.87109375,"category_revenue":2782763.125,"share_pct":3.0},{"period":"2025-08","brand_revenue":86527.94921875,"category_revenue":2733122.8125,"share_pct":3.200000047683716},{"period":"2025-09","brand_revenue":65078.125,"category_revenue":2603501.5625,"share_pct":2.5},{"period":"2025-10","brand_revenue":81466.474609375,"category_revenue":2663705.0,"share_pct":3.0999999046325684},{"period":"2025-11","brand_revenue":112580.4296875,"category_revenue":2700189.0625,"share_pct":4.199999809265137},{"period":"2025-12","brand_revenue":144046.0546875,"category_revenue":2515209.53125,"share_pct":5.699999809265137},{"period":"2026-01","brand_revenue":122640.37109375,"category_revenue":2505261.875,"share_pct":4.900000095367432}],"INFUSED PRE ROLL":[{"period":"2024-01","brand_revenue":22812.2509765625,"category_revenue":410907.8515625,"share_pct":5.599999904632568},{"period":"2024-02","brand_revenue":23268.17626953125,"category_revenue":458711.484375,"share_pct":5.099999904632568},{"period":"2024-03","brand_revenue":31865.47607421875,"category_revenue":427464.375,"share_pct":7.5},{"period":"2024-04","brand_revenue":34969.951171875,"category_revenue":428699.9609375,"share_pct":8.199999809265137},{"period":"2024-05","brand_revenue":39036.8505859375,"category_revenue":501098.3203125,"share_pct":7.800000190734863},{"period":"2024-06","brand_revenue":35519.3505859375,"category_revenue":477320.78125,"share_pct":7.400000095367432},{"period":"2024-07","brand_revenue":30307.42431640625,"category_revenue":479382.109375,"share_pct":6.300000190734863},{"period":"2024-08","brand_revenue":29035.4248046875,"category_revenue":474359.1015625,"share_pct":6.099999904632568},{"period":"2024-09","brand_revenue":33399.89990234375,"category_revenue":424280.1171875,"share_pct":7.900000095367432},{"period":"2024-10","brand_revenue":39776.025390625,"category_revenue":470840.6640625,"share_pct":8.399999618530273},{"period":"2024-11","brand_revenue":52025.4248046875,"category_revenue":424285.1171875,"share_pct":12.300000190734863},{"period":"2024-12","brand_revenue":18921.4501953125,"category_revenue":432093.1640625,"share_pct":4.400000095367432},{"period":"2025-01","brand_revenue":12457.5,"category_revenue":358002.890625,"share_pct":3.5},{"period":"2025-02","brand_revenue":19006.75048828125,"category_revenue":325080.17578125,"share_pct":5.800000190734863},{"period":"2025-03","brand_revenue":36053.1005859375,"category_revenue":347380.078125,"share_pct":10.399999618530273},{"period":"2025-04","brand_revenue":28633.60107421875,"category_revenue":401341.40625,"share_pct":7.099999904632568},{"period":"2025-05","brand_revenue":32064.599609375,"category_revenue":378076.09375,"share_pct":8.5},{"period":"2025-06","brand_revenue":41167.7978515625,"category_revenue":354019.6484375,"share_pct":11.600000381469727},{"period":"2025-07","brand_revenue":33109.375,"category_revenue":416008.203125,"share_pct":8.0},{"period":"2025-08","brand_revenue":34920.048828125,"category_revenue":425283.28125,"share_pct":8.199999809265137},{"period":"2025-09","brand_revenue":31405.54931640625,"category_revenue":378313.75,"share_pct":8.300000190734863},{"period":"2025-10","brand_revenue":44575.2734375,"category_revenue":389168.3203125,"share_pct":11.5},{"period":"2025-11","brand_revenue":44743.92578125,"category_revenue":390541.3671875,"share_pct":11.5},{"period":"2025-12","brand_revenue":42255.576171875,"category_revenue":392812.34375,"share_pct":10.800000190734863},{"period":"2026-01","brand_revenue":40753.701171875,"category_revenue":342630.7421875,"share_pct":11.899999618530273}],"PRE ROLL":[{"period":"2024-01","brand_revenue":12535.74951171875,"category_revenue":508338.515625,"share_pct":2.5},{"period":"2024-02","brand_revenue":9433.75,"category_revenue":489393.671875,"share_pct":1.899999976158142},{"period":"2024-03","brand_revenue":12188.24951171875,"category_revenue":520052.3828125,"share_pct":2.299999952316284},{"period":"2024-04","brand_revenue":19011.25,"category_revenue":491300.6640625,"share_pct":3.9000000953674316},{"period":"2024-05","brand_revenue":14471.25,"category_revenue":542202.890625,"share_pct":2.700000047683716},{"period":"2024-06","brand_revenue":16146.424560546875,"category_revenue":507288.8671875,"share_pct":3.200000047683716},{"period":"2024-07","brand_revenue":10991.2255859375,"category_revenue":524250.9765625,"share_pct":2.0999999046325684},{"period":"2024-08","brand_revenue":16503.525390625,"category_revenue":612518.7109375,"share_pct":2.700000047683716},{"period":"2024-09","brand_revenue":24246.52587890625,"category_revenue":586543.0078125,"share_pct":4.099999904632568},{"period":"2024-10","brand_revenue":42911.2744140625,"category_revenue":641449.1796875,"share_pct":6.699999809265137},{"period":"2024-11","brand_revenue":52987.1240234375,"category_revenue":579866.71875,"share_pct":9.100000381469727},{"period":"2024-12","brand_revenue":20339.49951171875,"category_revenue":582999.5703125,"share_pct":3.5},{"period":"2025-01","brand_revenue":18053.275146484375,"category_revenue":544095.3125,"share_pct":3.299999952316284},{"period":"2025-02","brand_revenue":10025.449829101562,"category_revenue":500875.5859375,"share_pct":2.0},{"period":"2025-03","brand_revenue":27444.326171875,"category_revenue":551422.0703125,"share_pct":5.0},{"period":"2025-04","brand_revenue":28155.52490234375,"category_revenue":568189.375,"share_pct":5.0},{"period":"2025-05","brand_revenue":25827.7490234375,"category_revenue":565516.875,"share_pct":4.599999904632568},{"period":"2025-06","brand_revenue":30570.0,"category_revenue":560506.71875,"share_pct":5.5},{"period":"2025-07","brand_revenue":30578.47412109375,"category_revenue":600916.09375,"share_pct":5.099999904632568},{"period":"2025-08","brand_revenue":34378.44970703125,"category_revenue":620247.5,"share_pct":5.5},{"period":"2025-09","brand_revenue":24790.72509765625,"category_revenue":608971.09375,"share_pct":4.099999904632568},{"period":"2025-10","brand_revenue":39047.451171875,"category_revenue":645293.1640625,"share_pct":6.099999904632568},{"period":"2025-11","brand_revenue":30533.27392578125,"category_revenue":581113.4765625,"share_pct":5.300000190734863},{"period":"2025-12","brand_revenue":25437.724609375,"category_revenue":553088.5546875,"share_pct":4.599999904632568},{"period":"2026-01","brand_revenue":28691.99951171875,"category_revenue":523350.9375,"share_pct":5.5}],"CONCENTRATE":[{"period":"2024-01","brand_revenue":10677.425537109375,"category_revenue":351129.609375,"share_pct":3.0},{"period":"2024-02","brand_revenue":2435.0,"category_revenue":371224.4921875,"share_pct":0.699999988079071},{"period":"2024-03","brand_revenue":6051.25,"category_revenue":375964.296875,"share_pct":1.600000023841858},{"period":"2024-04","brand_revenue":5276.25,"category_revenue":352745.859375,"share_pct":1.5},{"period":"2024-05","brand_revenue":7687.5,"category_revenue":346027.5,"share_pct":2.200000047683716},{"period":"2024-06","brand_revenue":7635.625,"category_revenue":310723.3984375,"share_pct":2.5},{"period":"2024-07","brand_revenue":8013.125,"category_revenue":336220.078125,"share_pct":2.4000000953674316},{"period":"2024-08","brand_revenue":9836.25,"category_revenue":324004.04296875,"share_pct":3.0},{"period":"2024-09","brand_revenue":7603.125,"category_revenue":326834.1796875,"share_pct":2.299999952316284},{"period":"2024-10","brand_revenue":15005.224609375,"category_revenue":324500.859375,"share_pct":4.599999904632568},{"period":"2024-11","brand_revenue":10682.5,"category_revenue":351240.0390625,"share_pct":3.0},{"period":"2024-12","brand_revenue":16071.8994140625,"category_revenue":324145.4296875,"share_pct":5.0},{"period":"2025-01","brand_revenue":12774.375,"category_revenue":325749.19921875,"share_pct":3.9000000953674316},{"period":"2025-02","brand_revenue":11067.5,"category_revenue":300499.0234375,"share_pct":3.700000047683716},{"period":"2025-03","brand_revenue":9741.25,"category_revenue":298171.5234375,"share_pct":3.299999952316284},{"period":"2025-04","brand_revenue":12044.375,"category_revenue":343355.625,"share_pct":3.5},{"period":"2025-05","brand_revenue":13483.75,"category_revenue":288836.62109375,"share_pct":4.699999809265137},{"period":"2025-06","brand_revenue":8945.0,"category_revenue":280928.33984375,"share_pct":3.200000047683716},{"period":"2025-07","brand_revenue":15886.25,"category_revenue":283604.1796875,"share_pct":5.599999904632568},{"period":"2025-08","brand_revenue":10725.0,"category_revenue":274773.76953125,"share_pct":3.9000000953674316},{"period":"2025-09","brand_revenue":9152.5,"category_revenue":264599.19921875,"share_pct":3.5},{"period":"2025-10","brand_revenue":10684.5751953125,"category_revenue":277515.46875,"share_pct":3.9000000953674316},{"period":"2025-11","brand_revenue":13987.874755859375,"category_revenue":295773.3203125,"share_pct":4.699999809265137},{"period":"2025-12","brand_revenue":11465.625,"category_revenue":267042.05078125,"share_pct":4.300000190734863},{"period":"2026-01","brand_revenue":19703.699951171875,"category_revenue":270749.70703125,"share_pct":7.300000190734863}],"PRE ROLL PACK":[{"period":"2024-01","brand_revenue":0.0,"category_revenue":169271.89453125,"share_pct":0.0},{"period":"2024-02","brand_revenue":0.0,"category_revenue":174199.375,"share_pct":0.0},{"period":"2024-03","brand_revenue":0.0,"category_revenue":187083.0078125,"share_pct":0.0},{"period":"2024-04","brand_revenue":0.0,"category_revenue":179617.6171875,"share_pct":0.0},{"period":"2024-05","brand_revenue":0.0,"category_revenue":198875.703125,"share_pct":0.0},{"period":"2024-06","brand_revenue":0.0,"category_revenue":182181.42578125,"share_pct":0.0},{"period":"2024-07","brand_revenue":0.0,"category_revenue":189754.43359375,"share_pct":0.0},{"period":"2024-08","brand_revenue":0.0,"category_revenue":163466.5234375,"share_pct":0.0},{"period":"2024-09","brand_revenue":0.0,"category_revenue":145157.197265625,"share_pct":0.0},{"period":"2024-10","brand_revenue":0.0,"category_revenue":143902.822265625,"share_pct":0.0},{"period":"2024-11","brand_revenue":11847.5,"category_revenue":169051.3671875,"share_pct":7.0},{"period":"2024-12","brand_revenue":9586.599731445312,"category_revenue":186738.92578125,"share_pct":5.099999904632568},{"period":"2025-01","brand_revenue":8546.599731445312,"category_revenue":222888.57421875,"share_pct":3.799999952316284},{"period":"2025-02","brand_revenue":8786.325073242188,"category_revenue":186213.06640625,"share_pct":4.699999809265137},{"period":"2025-03","brand_revenue":8918.424682617188,"category_revenue":195415.56640625,"share_pct":4.599999904632568},{"period":"2025-04","brand_revenue":12094.25048828125,"category_revenue":188683.2421875,"share_pct":6.400000095367432},{"period":"2025-05","brand_revenue":10082.125244140625,"category_revenue":231505.29296875,"share_pct":4.400000095367432},{"period":"2025-06","brand_revenue":12698.75,"category_revenue":169830.2734375,"share_pct":7.5},{"period":"2025-07","brand_revenue":14706.25,"category_revenue":130345.849609375,"share_pct":11.300000190734863},{"period":"2025-08","brand_revenue":20250.400390625,"category_revenue":108797.099609375,"share_pct":18.600000381469727},{"period":"2025-09","brand_revenue":10931.25,"category_revenue":99689.677734375,"share_pct":11.0},{"period":"2025-10","brand_revenue":20544.375,"category_revenue":67141.8505859375,"share_pct":30.600000381469727},{"period":"2025-11","brand_revenue":25922.7001953125,"category_revenue":80167.7978515625,"share_pct":32.29999923706055},{"period":"2025-12","brand_revenue":19287.025146484375,"category_revenue":71818.3740234375,"share_pct":26.899999618530273},{"period":"2026-01","brand_revenue":27820.625,"category_revenue":62066.826171875,"share_pct":44.79999923706055}],"CARTRIDGE":[{"period":"2024-01","brand_revenue":0.0,"category_revenue":2057675.625,"share_pct":0.0},{"period":"2024-02","brand_revenue":0.0,"category_revenue":2141777.8125,"share_pct":0.0},{"period":"2024-03","brand_revenue":0.0,"category_revenue":2288552.1875,"share_pct":0.0},{"period":"2024-04","brand_revenue":0.0,"category_revenue":2096820.46875,"share_pct":0.0},{"period":"2024-05","brand_revenue":0.0,"category_revenue":2138038.59375,"share_pct":0.0},{"period":"2024-06","brand_revenue":0.0,"category_revenue":2017623.90625,"share_pct":0.0},{"period":"2024-07","brand_revenue":0.0,"category_revenue":2031918.28125,"share_pct":0.0},{"period":"2024-08","brand_revenue":0.0,"category_revenue":2132382.65625,"share_pct":0.0},{"period":"2024-09","brand_revenue":0.0,"category_revenue":1955407.03125,"share_pct":0.0},{"period":"2024-10","brand_revenue":0.0,"category_revenue":2083993.125,"share_pct":0.0},{"period":"2024-11","brand_revenue":0.0,"category_revenue":2038609.375,"share_pct":0.0},{"period":"2024-12","brand_revenue":0.0,"category_revenue":2003932.03125,"share_pct":0.0},{"period":"2025-01","brand_revenue":0.0,"category_revenue":1921719.21875,"share_pct":0.0},{"period":"2025-02","brand_revenue":0.0,"category_revenue":1668647.5,"share_pct":0.0},{"period":"2025-03","brand_revenue":0.0,"category_revenue":1758711.25,"share_pct":0.0},{"period":"2025-04","brand_revenue":0.0,"category_revenue":1735997.5,"share_pct":0.0},{"period":"2025-05","brand_revenue":0.0,"category_revenue":1688800.46875,"share_pct":0.0},{"period":"2025-06","brand_revenue":12478.75,"category_revenue":1594515.0,"share_pct":0.800000011920929},{"period":"2025-07","brand_revenue":20091.624755859375,"category_revenue":1595739.53125,"share_pct":1.2999999523162842},{"period":"2025-08","brand_revenue":27900.70068359375,"category_revenue":1677489.6875,"share_pct":1.7000000476837158},{"period":"2025-09","brand_revenue":11035.4248046875,"category_revenue":1539547.96875,"share_pct":0.699999988079071},{"period":"2025-10","brand_revenue":30580.2490234375,"category_revenue":1548909.21875,"share_pct":2.0},{"period":"2025-11","brand_revenue":28612.8759765625,"category_revenue":1545430.15625,"share_pct":1.899999976158142},{"period":"2025-12","brand_revenue":22294.1748046875,"category_revenue":1467828.28125,"share_pct":1.5},{"period":"2026-01","brand_revenue":19124.27490234375,"category_revenue":1425064.0625,"share_pct":1.2999999523162842}],"INFUSED PACK":[{"period":"2024-01","brand_revenue":0.0,"category_revenue":204601.875,"share_pct":0.0},{"period":"2024-02","brand_revenue":0.0,"category_revenue":221156.7578125,"share_pct":0.0},{"period":"2024-03","brand_revenue":0.0,"category_revenue":257436.93359375,"share_pct":0.0},{"period":"2024-04","brand_revenue":0.0,"category_revenue":301537.3046875,"share_pct":0.0},{"period":"2024-05","brand_revenue":0.0,"category_revenue":301873.0078125,"share_pct":0.0},{"period":"2024-06","brand_revenue":0.0,"category_revenue":300488.6328125,"share_pct":0.0},{"period":"2024-07","brand_revenue":0.0,"category_revenue":303570.80078125,"share_pct":0.0},{"period":"2024-08","brand_revenue":0.0,"category_revenue":283995.625,"share_pct":0.0},{"period":"2024-09","brand_revenue":0.0,"category_revenue":331664.1796875,"share_pct":0.0},{"period":"2024-10","brand_revenue":0.0,"category_revenue":311486.1328125,"share_pct":0.0},{"period":"2024-11","brand_revenue":0.0,"category_revenue":306613.92578125,"share_pct":0.0},{"period":"2024-12","brand_revenue":0.0,"category_revenue":298008.41796875,"share_pct":0.0},{"period":"2025-01","brand_revenue":0.0,"category_revenue":269244.765625,"share_pct":0.0},{"period":"2025-02","brand_revenue":0.0,"category_revenue":309579.8046875,"share_pct":0.0},{"period":"2025-03","brand_revenue":0.0,"category_revenue":312908.80859375,"share_pct":0.0},{"period":"2025-04","brand_revenue":0.0,"category_revenue":389974.3359375,"share_pct":0.0},{"period":"2025-05","brand_revenue":0.0,"category_revenue":404824.9609375,"share_pct":0.0},{"period":"2025-06","brand_revenue":2138.2749938964844,"category_revenue":383193.4765625,"share_pct":0.6000000238418579},{"period":"2025-07","brand_revenue":12059.375,"category_revenue":437456.640625,"share_pct":2.799999952316284},{"period":"2025-08","brand_revenue":10525.0,"category_revenue":391817.578125,"share_pct":2.700000047683716},{"period":"2025-09","brand_revenue":11027.0751953125,"category_revenue":367221.40625,"share_pct":3.0},{"period":"2025-10","brand_revenue":12677.449951171875,"category_revenue":423332.109375,"share_pct":3.0},{"period":"2025-11","brand_revenue":10026.0498046875,"category_revenue":395184.53125,"share_pct":2.5},{"period":"2025-12","brand_revenue":8398.125,"category_revenue":387500.234375,"share_pct":2.200000047683716},{"period":"2026-01","brand_revenue":8419.650268554688,"category_revenue":364337.6171875,"share_pct":2.299999952316284}],"INFUSED FLOWER":[{"period":"2024-01","brand_revenue":0.0,"category_revenue":6570.250244140625,"share_pct":0.0},{"period":"2024-02","brand_revenue":0.0,"category_revenue":18343.62548828125,"share_pct":0.0},{"period":"2024-03","brand_revenue":0.0,"category_revenue":31018.3251953125,"share_pct":0.0},{"period":"2024-04","brand_revenue":0.0,"category_revenue":31596.826171875,"share_pct":0.0},{"period":"2024-05","brand_revenue":0.0,"category_revenue":21558.80126953125,"share_pct":0.0},{"period":"2024-06","brand_revenue":0.0,"category_revenue":24545.30029296875,"share_pct":0.0},{"period":"2024-07","brand_revenue":0.0,"category_revenue":16913.00048828125,"share_pct":0.0},{"period":"2024-08","brand_revenue":0.0,"category_revenue":16608.499755859375,"share_pct":0.0},{"period":"2024-09","brand_revenue":0.0,"category_revenue":19893.62548828125,"share_pct":0.0},{"period":"2024-10","brand_revenue":0.0,"category_revenue":17213.175048828125,"share_pct":0.0},{"period":"2024-11","brand_revenue":0.0,"category_revenue":15249.375,"share_pct":0.0},{"period":"2024-12","brand_revenue":0.0,"category_revenue":9560.999755859375,"share_pct":0.0},{"period":"2025-01","brand_revenue":0.0,"category_revenue":10154.500122070312,"share_pct":0.0},{"period":"2025-02","brand_revenue":0.0,"category_revenue":14429.625244140625,"share_pct":0.0},{"period":"2025-03","brand_revenue":0.0,"category_revenue":16804.69970703125,"share_pct":0.0},{"period":"2025-04","brand_revenue":0.0,"category_revenue":27190.70068359375,"share_pct":0.0},{"period":"2025-05","brand_revenue":0.0,"category_revenue":24856.12548828125,"share_pct":0.0},{"period":"2025-06","brand_revenue":0.0,"category_revenue":28754.82421875,"share_pct":0.0},{"period":"2025-07","brand_revenue":0.0,"category_revenue":26952.2998046875,"share_pct":0.0},{"period":"2025-08","brand_revenue":0.0,"category_revenue":33438.67431640625,"share_pct":0.0},{"period":"2025-09","brand_revenue":0.0,"category_revenue":38734.65087890625,"share_pct":0.0},{"period":"2025-10","brand_revenue":0.0,"category_revenue":22947.39990234375,"share_pct":0.0},{"period":"2025-11","brand_revenue":0.0,"category_revenue":15945.4248046875,"share_pct":0.0},{"period":"2025-12","brand_revenue":0.0,"category_revenue":9305.8251953125,"share_pct":0.0},{"period":"2026-01","brand_revenue":2229.375,"category_revenue":16761.624755859375,"share_pct":13.300000190734863}],"INFUSED PRE ROLL PACK":[{"period":"2025-11","brand_revenue":0.0,"category_revenue":125.0,"share_pct":0.0},{"period":"2025-12","brand_revenue":125.0,"category_revenue":125.0,"share_pct":100.0}]},"discount_depth":[{"tier":"0% (Full Price)","transactions":51042,"pct_of_transactions":30.0,"revenue":1257405.0,"avg_discount":0.0},{"tier":"1-10%","transactions":3540,"pct_of_transactions":2.1,"revenue":83354.521484375,"avg_discount":19.799999237060547},{"tier":"11-20%","transactions":26366,"pct_of_transactions":15.5,"revenue":749703.125,"avg_discount":38.20000076293945},{"tier":"21-30%","transactions":5416,"pct_of_transactions":3.2,"revenue":117993.7109375,"avg_discount":53.0},{"tier":"31%+","transactions":61876,"pct_of_transactions":36.3,"revenue":981161.875,"avg_discount":80.19999694824219}],"velocity":{"units_per_day":280.1,"revenue_per_day":4708.575134277344,"avg_units_per_txn":3.0,"days_of_data":762,"total_units":213442,"total_transactions":142016},"velocity_by_category":[{"category":"INFUSED PRE ROLL","brand_units_per_day":71.42,"category_avg_units_per_day":25.62,"velocity_index":278.8,"brand_rev_per_unit":12.23,"category_rev_per_unit":16.9,"brands_in_category":25},{"category":"PRE ROLL","brand_units_per_day":95.42,"category_avg_units_per_day":42.38,"velocity_index":225.1,"brand_rev_per_unit":6.66,"category_rev_per_unit":7.54,"brands_in_category":46},{"category":"INFUSED PRE ROLL PACK","brand_units_per_day":0.0,"category_avg_units_per_day":0.0,"velocity_index":133.3,"brand_rev_per_unit":25.0,"category_rev_per_unit":33.33,"brands_in_category":2},{"category":"CONCENTRATE","brand_units_per_day":20.0,"category_avg_units_per_day":15.38,"velocity_index":130.0,"brand_rev_per_unit":13.99,"category_rev_per_unit":19.88,"brands_in_category":27},{"category":"FLOWER","brand_units_per_day":71.9,"category_avg_units_per_day":55.54,"velocity_index":129.5,"brand_rev_per_unit":20.55,"category_rev_per_unit":22.97,"brands_in_category":64},{"category":"PRE ROLL PACK","brand_units_per_day":10.14,"category_avg_units_per_day":11.6,"velocity_index":87.4,"brand_rev_per_unit":22.99,"category_rev_per_unit":25.24,"brands_in_category":14},{"category":"INFUSED PACK","brand_units_per_day":3.34,"category_avg_units_per_day":26.26,"velocity_index":12.7,"brand_rev_per_unit":23.63,"category_rev_per_unit":27.52,"brands_in_category":12},{"category":"CARTRIDGE","brand_units_per_day":7.06,"category_avg_units_per_day":74.5,"velocity_index":9.5,"brand_rev_per_unit":25.62,"category_rev_per_unit":24.09,"brands_in_category":27},{"category":"INFUSED FLOWER","brand_units_per_day":0.18,"category_avg_units_per_day":2.6,"velocity_index":6.7,"brand_rev_per_unit":13.51,"category_rev_per_unit":26.05,"brands_in_category":8},{"category":0.0,"brand_units_per_day":0.0,"category_avg_units_per_day":0,"velocity_index":0,"brand_rev_per_unit":0.0,"category_rev_per_unit":0.0,"brands_in_category":0}],"deals":[{"deal_name":"Industry - 30% Off","times_used":13244,"units":18590.0,"revenue":258261.95026040077,"discounts":111343.04963350296,"cost":134610.0,"profit":123651.94983690977,"pre_discount_revenue":369605.0,"margin":47.9,"avg_discount":60.2},{"deal_name":"Stock & Save - PR - 5 for $30","times_used":12530,"units":27763.0,"revenue":208698.65000247955,"discounts":138893.84999871254,"cost":105761.25,"profit":102937.4000030011,"pre_discount_revenue":347592.5,"margin":49.3,"avg_discount":80.0},{"deal_name":"Lit4Less - 1/4 for $40","times_used":10778,"units":17492.666666666668,"revenue":436967.35833366716,"discounts":118803.47499847412,"cost":186132.0833333333,"profit":250835.27500092983,"pre_discount_revenue":555770.8333333334,"margin":57.4,"avg_discount":42.8},{"deal_name":"Stock & Save - 1/4 for $40","times_used":9774,"units":15128.0,"revenue":378296.3999938965,"discounts":164403.60000133514,"cost":169802.5,"profit":208493.89999866486,"pre_discount_revenue":542700.0,"margin":55.1,"avg_discount":60.6},{"deal_name":"Lit4Less - PR - 5 for $30","times_used":9456,"units":18819.0,"revenue":140880.7000039518,"discounts":105109.29999351501,"cost":70571.25,"profit":70309.44999992847,"pre_discount_revenue":245990.0,"margin":49.9,"avg_discount":85.4},{"deal_name":"AMA IPR 2 for $25","times_used":1964,"units":4458.0,"revenue":69472.57500171661,"discounts":14114.925001859665,"cost":33430.0,"profit":36042.574999034405,"pre_discount_revenue":83587.5,"margin":51.9,"avg_discount":33.8},{"deal_name":"4/20 2025 - Flower / Infused","times_used":1794,"units":3173.0,"revenue":40471.675000190735,"discounts":40624.574999809265,"cost":28888.75,"profit":11582.925000190735,"pre_discount_revenue":81096.25,"margin":28.6,"avg_discount":100.2},{"deal_name":"Lit4Less - 3 for $75 Carts - Srene / Select / AMA / Optimum / BC","times_used":1592,"units":2652.0,"revenue":82816.8624997139,"discounts":20278.137500286102,"cost":38122.5,"profit":44694.3624997139,"pre_discount_revenue":103095.0,"margin":54.0,"avg_discount":39.4},{"deal_name":"50% Off - G2B","times_used":1428,"units":2333.3333333333335,"revenue":31300.066664616264,"discounts":31475.766669909157,"cost":22093.541666666664,"profit":9206.524999886751,"pre_discount_revenue":62775.83333333333,"margin":29.4,"avg_discount":100.2},{"deal_name":"30% Off Special","times_used":1324,"units":1618.0,"revenue":28753.249855041504,"discounts":12331.74998998642,"cost":14452.5,"profit":14300.75001001358,"pre_discount_revenue":41085.0,"margin":49.7,"avg_discount":60.0},{"deal_name":"BaM/ AMA  1/4 for $40","times_used":944,"units":2158.0,"revenue":53885.0,"discounts":23877.5,"cost":23690.0,"profit":30195.0,"pre_discount_revenue":77762.5,"margin":56.0,"avg_discount":61.4},{"deal_name":"Senior - 10% Off","times_used":862,"units":1315.0,"revenue":24002.000049352646,"discounts":2837.999996393919,"cost":9402.750000953674,"profit":14599.249983429909,"pre_discount_revenue":26840.0,"margin":60.8,"avg_discount":21.2},{"deal_name":"Veterans - 10% Off","times_used":848,"units":1064.0,"revenue":18819.375056028366,"discounts":2134.374996572733,"cost":7575.0,"profit":11244.374986886978,"pre_discount_revenue":20953.75,"margin":59.7,"avg_discount":20.4},{"deal_name":"Employee 30% - NOT FRIDAYS","times_used":522,"units":651.0,"revenue":11067.37499833107,"discounts":4811.375002861023,"cost":5616.25,"profit":5451.124998033047,"pre_discount_revenue":15878.75,"margin":49.3,"avg_discount":60.6},{"deal_name":"2 AMA IPR for $25","times_used":500,"units":1122.0,"revenue":17492.112500667572,"discounts":3545.387499332428,"cost":8415.0,"profit":9077.112500667572,"pre_discount_revenue":21037.5,"margin":51.9,"avg_discount":33.8},{"deal_name":"50% Off IPR  / PR Packs","times_used":472,"units":812.0,"revenue":8756.25,"discounts":8756.25,"cost":6547.5,"profit":2208.75,"pre_discount_revenue":17512.5,"margin":25.2,"avg_discount":100.0},{"deal_name":"Senior / Veterans - 20% Off","times_used":436,"units":778.0,"revenue":12783.999996185303,"discounts":3265.999997854233,"cost":5820.0,"profit":6963.999983072281,"pre_discount_revenue":16050.0,"margin":54.5,"avg_discount":40.6},{"deal_name":"Jackpot - Locals 30% Off","times_used":432,"units":578.0,"revenue":9532.99999833107,"discounts":4131.999994516373,"cost":4630.0,"profit":4903.000000119209,"pre_discount_revenue":13665.0,"margin":51.4,"avg_discount":60.4},{"deal_name":"LVAC - 25% Off","times_used":420,"units":514.0,"revenue":8094.375,"discounts":2698.125,"cost":3985.0,"profit":4109.375,"pre_discount_revenue":10792.5,"margin":50.8,"avg_discount":50.0},{"deal_name":"Employee - 40% OFF","times_used":264,"units":394.0,"revenue":6385.0,"discounts":4265.0,"cost":3726.25,"profit":2658.75,"pre_discount_revenue":10650.0,"margin":41.6,"avg_discount":80.0},{"deal_name":"4/20 40% Off!!!!","times_used":256,"units":410.0,"revenue":4297.5,"discounts":2865.0,"cost":2630.0,"profit":1667.5,"pre_discount_revenue":7162.5,"margin":38.8,"avg_discount":80.0},{"deal_name":"DogWalkers / virtue / ama 2 for $40","times_used":230,"units":362.0,"revenue":9041.25,"discounts":2336.25,"cost":3997.5,"profit":5043.75,"pre_discount_revenue":11377.5,"margin":55.8,"avg_discount":41.0},{"deal_name":"GW - 50% Off Flower","times_used":208,"units":288.0,"revenue":5400.0,"discounts":5400.0,"cost":3240.0,"profit":2160.0,"pre_discount_revenue":10800.0,"margin":40.0,"avg_discount":100.0},{"deal_name":"GW - 50% Off Concentrates","times_used":144,"units":310.0,"revenue":2906.25,"discounts":2906.25,"cost":1937.5,"profit":968.75,"pre_discount_revenue":5812.5,"margin":33.3,"avg_discount":100.0},{"deal_name":"DogWalkers / Virtue /ama  2 for $40  5pk / 4pk PR","times_used":104,"units":156.0,"revenue":3900.0,"discounts":1050.0,"cost":1755.0,"profit":2145.0,"pre_discount_revenue":4950.0,"margin":55.0,"avg_discount":42.4},{"deal_name":"Store Credit - $15","times_used":94,"units":119.0,"revenue":2056.100002527237,"discounts":1070.566668311755,"cost":1128.125,"profit":927.9750004410744,"pre_discount_revenue":3126.666666666667,"margin":45.1,"avg_discount":68.4},{"deal_name":"Store Credit - $25","times_used":70,"units":93.66666666666667,"revenue":1662.3958418269954,"discounts":813.4374988079071,"cost":862.7083333333333,"profit":799.6874960884452,"pre_discount_revenue":2475.8333333333335,"margin":48.1,"avg_discount":65.8},{"deal_name":"40% Off Special","times_used":68,"units":96.0,"revenue":765.0,"discounts":510.0,"cost":395.0,"profit":370.0,"pre_discount_revenue":1275.0,"margin":48.4,"avg_discount":80.0},{"deal_name":"Srene / Select / AMA / Optimum / Fade Carts 3 for $60","times_used":44,"units":48.0,"revenue":1200.0,"discounts":600.0,"cost":690.0,"profit":510.0,"pre_discount_revenue":1800.0,"margin":42.5,"avg_discount":66.6},{"deal_name":"35% Off Special","times_used":38,"units":42.0,"revenue":999.375,"discounts":538.125,"cost":592.5,"profit":406.875,"pre_discount_revenue":1537.5,"margin":40.7,"avg_discount":70.0},{"deal_name":"AMA - 2g Concentrate for $40","times_used":30,"units":112.0,"revenue":1500.0,"discounts":1625.0,"cost":750.0,"profit":750.0,"pre_discount_revenue":3125.0,"margin":50.0,"avg_discount":104.0},{"deal_name":"4/20 2025 - Vapes","times_used":24,"units":41.0,"revenue":384.375,"discounts":384.375,"cost":276.25,"profit":108.125,"pre_discount_revenue":768.75,"margin":28.1,"avg_discount":100.0},{"deal_name":"Medical - 10%","times_used":20,"units":22.0,"revenue":517.5,"discounts":57.5,"cost":201.25,"profit":316.25,"pre_discount_revenue":575.0,"margin":61.1,"avg_discount":20.0},{"deal_name":"Store Credit - $50","times_used":20,"units":35.0,"revenue":365.75000047683716,"discounts":495.49999952316284,"cost":310.0,"profit":55.75000002980232,"pre_discount_revenue":861.25,"margin":15.2,"avg_discount":115.0},{"deal_name":"25% OFF SALE","times_used":16,"units":30.0,"revenue":225.0,"discounts":75.0,"cost":112.5,"profit":112.5,"pre_discount_revenue":300.0,"margin":50.0,"avg_discount":50.0},{"deal_name":"Store Credit - $75","times_used":14,"units":30.333333333333332,"revenue":385.41666666666663,"discounts":525.4166690508525,"cost":344.79166666666674,"profit":40.625,"pre_discount_revenue":910.8333333333335,"margin":10.5,"avg_discount":115.4},{"deal_name":"25-30% Off","times_used":14,"units":16.0,"revenue":350.0,"discounts":150.0,"cost":200.0,"profit":150.0,"pre_discount_revenue":500.0,"margin":42.9,"avg_discount":60.0},{"deal_name":"Veterans Day - 30% Off For Veterans!","times_used":8,"units":8.0,"revenue":131.25,"discounts":56.25,"cost":67.5,"profit":63.75,"pre_discount_revenue":187.5,"margin":48.6,"avg_discount":60.0},{"deal_name":"Store Credit - $100","times_used":8,"units":12.0,"revenue":102.8125,"discounts":172.1875,"cost":102.5,"profit":0.3125,"pre_discount_revenue":275.0,"margin":0.3,"avg_discount":125.2},{"deal_name":"Main St Happy Hour - 25% Off","times_used":8,"units":8.0,"revenue":168.75,"discounts":56.25,"cost":81.25,"profit":87.5,"pre_discount_revenue":225.0,"margin":51.9,"avg_discount":50.0},{"deal_name":"25% Off Special","times_used":4,"units":6.0,"revenue":84.375,"discounts":28.125,"cost":37.5,"profit":46.875,"pre_discount_revenue":112.5,"margin":55.6,"avg_discount":50.0},{"deal_name":"Senior Sunday - SAHARA ONLY - 20% Off","times_used":2,"units":2.0,"revenue":50.0,"discounts":12.5,"cost":25.0,"profit":25.0,"pre_discount_revenue":62.5,"margin":50.0,"avg_discount":40.0},{"deal_name":"Reno - Early Bird - Senior / Veterans - 20%","times_used":2,"units":4.0,"revenue":60.0,"discounts":15.0,"cost":30.0,"profit":30.0,"pre_discount_revenue":75.0,"margin":50.0,"avg_discount":40.0}],"top_products":[{"product":"KUSH CAKE EIGHTH - AMA","units":10252,"revenue":265855.8984375,"cost":110858.75,"profit":154997.1484375,"transactions":7572,"margin":58.29999923706055},{"product":"SCOBY EIGHTH - AMA","units":8762,"revenue":220281.484375,"cost":94518.75,"profit":125762.724609375,"transactions":6472,"margin":57.099998474121094},{"product":"GARLIC SUNDAE EIGHTH - AMA","units":6246,"revenue":157439.00390625,"cost":68876.25,"profit":88562.75390625,"transactions":4554,"margin":56.29999923706055},{"product":"CAP JUNKY EIGHTH - AMA","units":3226,"revenue":84668.3203125,"cost":34343.75,"profit":50324.5751953125,"transactions":2670,"margin":59.400001525878906},{"product":"PIXIE DUST EIGHTH - AMA","units":3142,"revenue":81701.34765625,"cost":33383.75,"profit":48317.59765625,"transactions":2572,"margin":59.099998474121094},{"product":"CAP JUNKY PRE ROLL - AMA","units":8694,"revenue":71149.6728515625,"cost":32602.5,"profit":38547.17529296875,"transactions":6184,"margin":54.20000076293945},{"product":"CAKE BADDER PRE ROLL - AMA","units":8496,"revenue":70575.6982421875,"cost":31860.0,"profit":38715.70068359375,"transactions":6152,"margin":54.900001525878906},{"product":"DOUGH WHIP EIGHTH - AMA","units":2148,"revenue":55090.0,"cost":24165.0,"profit":30925.0,"transactions":1632,"margin":56.099998474121094},{"product":"RUNTZ EIGHTH - AMA","units":1798,"revenue":47604.7021484375,"cost":20227.5,"profit":27377.19970703125,"transactions":1420,"margin":57.5},{"product":"KUSH CAKE PRE ROLL - AMA","units":5460,"revenue":47354.9755859375,"cost":20475.0,"profit":26879.9755859375,"transactions":4250,"margin":56.79999923706055},{"product":"TRUFFLE SKUNK PRE ROLL - AMA","units":5382,"revenue":43542.9736328125,"cost":20182.5,"profit":23360.47607421875,"transactions":4020,"margin":53.599998474121094},{"product":"KUSH CAKE 5 PK PRE ROLL - AMA","units":1372,"revenue":40439.25048828125,"cost":14040.0,"profit":26399.25048828125,"transactions":1218,"margin":65.30000305175781},{"product":"TRUFFLE SKUNK EIGHTH - AMA","units":1478,"revenue":39098.974609375,"cost":15696.25,"profit":23402.724609375,"transactions":1194,"margin":59.900001525878906},{"product":"GARLIC SUNDAE PRE ROLL - AMA","units":4586,"revenue":37583.125,"cost":17197.5,"profit":20385.625,"transactions":3028,"margin":54.20000076293945},{"product":"SCOBY PRE ROLL - AMA","units":4556,"revenue":37188.62548828125,"cost":17085.0,"profit":20103.62548828125,"transactions":3094,"margin":54.099998474121094},{"product":"LEMON DRIP EIGHTH - AMA","units":1446,"revenue":37047.2509765625,"cost":15928.75,"profit":21118.5009765625,"transactions":1100,"margin":57.0},{"product":"SUGAR SLAP EIGHTH - AMA","units":1260,"revenue":33555.47607421875,"cost":13387.5,"profit":20167.974853515625,"transactions":1086,"margin":60.099998474121094},{"product":"HONEY POT EIGHTH - AMA","units":1036,"revenue":27522.5,"cost":11007.5,"profit":16515.0,"transactions":882,"margin":60.0},{"product":"JEALOUSY CAKE EIGHTH - AMA","units":1050,"revenue":26940.0,"cost":11812.5,"profit":15127.5,"transactions":888,"margin":56.20000076293945},{"product":"MOONBOW EIGHTH - AMA","units":1052,"revenue":26823.75,"cost":11835.0,"profit":14988.75,"transactions":864,"margin":55.900001525878906},{"product":"ORANGE 43 EIGHTH - AMA","units":970,"revenue":25534.375,"cost":10912.5,"profit":14621.875,"transactions":800,"margin":57.29999923706055},{"product":"MINTZ ICE CREAM INFUSED PRE ROLL - AMA","units":1678,"revenue":24669.45068359375,"cost":12585.0,"profit":12084.449462890625,"transactions":1424,"margin":49.0},{"product":"KUSH DOUGH INFUSED PRE ROLL - AMA","units":1578,"revenue":24516.77490234375,"cost":11835.0,"profit":12681.77490234375,"transactions":1302,"margin":51.70000076293945},{"product":"WIFE CREAM EIGHTH - AMA","units":894,"revenue":23786.875,"cost":9941.25,"profit":13845.625,"transactions":802,"margin":58.20000076293945},{"product":"HUMMINGBIRD X GARY PAYTON BADDER INFUSED PRE ROLL - AMA","units":1442,"revenue":21432.42431640625,"cost":10815.0,"profit":10617.425537109375,"transactions":1098,"margin":49.5}],"products_by_store":{"Elevation Springs":[{"product":"KUSH CAKE EIGHTH - AMA","units":2140,"revenue":57692.5,"cost":23256.25,"profit":34436.25,"transactions":1854,"margin":59.70000076293945},{"product":"GARLIC SUNDAE EIGHTH - AMA","units":1650,"revenue":41417.9248046875,"cost":18306.25,"profit":23111.6748046875,"transactions":1290,"margin":55.79999923706055},{"product":"SCOBY EIGHTH - AMA","units":1578,"revenue":41387.7978515625,"cost":16920.0,"profit":24467.80029296875,"transactions":1274,"margin":59.099998474121094},{"product":"CAP JUNKY EIGHTH - AMA","units":750,"revenue":20365.625,"cost":8031.25,"profit":12334.375,"transactions":650,"margin":60.599998474121094},{"product":"PIXIE DUST EIGHTH - AMA","units":668,"revenue":17121.875,"cost":7097.5,"profit":10024.375,"transactions":580,"margin":58.5},{"product":"CAP JUNKY PRE ROLL - AMA","units":2024,"revenue":16284.200439453125,"cost":7590.0,"profit":8694.199829101562,"transactions":1418,"margin":53.400001525878906},{"product":"KUSH CAKE PRE ROLL - AMA","units":1814,"revenue":16213.074951171875,"cost":6802.5,"profit":9410.574951171875,"transactions":1438,"margin":58.0},{"product":"DOUGH WHIP EIGHTH - AMA","units":514,"revenue":12662.5,"cost":5782.5,"profit":6880.0,"transactions":390,"margin":54.29999923706055},{"product":"CAKE BADDER PRE ROLL - AMA","units":1552,"revenue":12372.5,"cost":5820.0,"profit":6552.5,"transactions":970,"margin":53.0},{"product":"RUNTZ EIGHTH - AMA","units":424,"revenue":12330.574951171875,"cost":4770.0,"profit":7560.574951171875,"transactions":374,"margin":61.29999923706055},{"product":"GARLIC SUNDAE PRE ROLL - AMA","units":1502,"revenue":12164.05029296875,"cost":5632.5,"profit":6531.5496826171875,"transactions":912,"margin":53.70000076293945},{"product":"TRUFFLE SKUNK EIGHTH - AMA","units":400,"revenue":10794.7998046875,"cost":4250.0,"profit":6544.7998046875,"transactions":340,"margin":60.599998474121094},{"product":"TRUFFLE SKUNK PRE ROLL - AMA","units":1026,"revenue":8310.0,"cost":3847.5,"profit":4462.5,"transactions":732,"margin":53.70000076293945},{"product":"KUSH DOUGH INFUSED PRE ROLL - AMA","units":502,"revenue":7502.5,"cost":3765.0,"profit":3737.5,"transactions":332,"margin":49.79999923706055},{"product":"HUMMINGBIRD X GARY PAYTON BADDER INFUSED PRE ROLL - AMA","units":496,"revenue":6947.5,"cost":3720.0,"profit":3227.5,"transactions":290,"margin":46.5}],"Elevation Mesa":[{"product":"SCOBY EIGHTH - AMA","units":3638,"revenue":90665.72265625,"cost":39447.5,"profit":51218.22265625,"transactions":2700,"margin":56.5},{"product":"KUSH CAKE EIGHTH - AMA","units":2462,"revenue":64966.25,"cost":26700.0,"profit":38266.25,"transactions":1982,"margin":58.900001525878906},{"product":"GARLIC SUNDAE EIGHTH - AMA","units":1690,"revenue":42976.25,"cost":18668.75,"profit":24307.5,"transactions":1264,"margin":56.599998474121094},{"product":"CAP JUNKY EIGHTH - AMA","units":850,"revenue":22703.125,"cost":9031.25,"profit":13671.875,"transactions":772,"margin":60.20000076293945},{"product":"CAKE BADDER PRE ROLL - AMA","units":2448,"revenue":20643.9990234375,"cost":9180.0,"profit":11464.000244140625,"transactions":1782,"margin":55.5},{"product":"PIXIE DUST EIGHTH - AMA","units":702,"revenue":19180.50048828125,"cost":7458.75,"profit":11721.75048828125,"transactions":628,"margin":61.099998474121094},{"product":"DOUGH WHIP EIGHTH - AMA","units":724,"revenue":18940.0,"cost":8145.0,"profit":10795.0,"transactions":616,"margin":57.0},{"product":"CAP JUNKY PRE ROLL - AMA","units":2290,"revenue":18411.35009765625,"cost":8587.5,"profit":9823.85009765625,"transactions":1496,"margin":53.400001525878906},{"product":"ORANGE 43 EIGHTH - AMA","units":552,"revenue":14485.0,"cost":6210.0,"profit":8275.0,"transactions":456,"margin":57.099998474121094},{"product":"GUSH MINTS EIGHTH - AMA","units":500,"revenue":12855.849609375,"cost":5625.0,"profit":7230.8502197265625,"transactions":418,"margin":56.20000076293945},{"product":"TRUFFLE SKUNK EIGHTH - AMA","units":450,"revenue":12193.75,"cost":4781.25,"profit":7412.5,"transactions":344,"margin":60.79999923706055},{"product":"KUSH CAKE PRE ROLL - AMA","units":1310,"revenue":11394.124755859375,"cost":4912.5,"profit":6481.624755859375,"transactions":902,"margin":56.900001525878906},{"product":"SUGAR SLAP EIGHTH - AMA","units":414,"revenue":11070.625,"cost":4398.75,"profit":6671.875,"transactions":376,"margin":60.29999923706055},{"product":"MOONBOW EIGHTH - AMA","units":426,"revenue":10932.5,"cost":4792.5,"profit":6140.0,"transactions":368,"margin":56.20000076293945},{"product":"LEMON DRIP EIGHTH - AMA","units":448,"revenue":10906.25,"cost":4977.5,"profit":5928.75,"transactions":374,"margin":54.400001525878906}],"Elevation Oasis":[{"product":"KUSH CAKE EIGHTH - AMA","units":2864,"revenue":73924.0234375,"cost":31608.75,"profit":42315.2734375,"transactions":1476,"margin":57.20000076293945},{"product":"SCOBY EIGHTH - AMA","units":1220,"revenue":30935.400390625,"cost":13087.5,"profit":17847.900390625,"transactions":682,"margin":57.70000076293945},{"product":"GARLIC SUNDAE EIGHTH - AMA","units":1150,"revenue":28160.77392578125,"cost":12623.75,"profit":15537.025146484375,"transactions":596,"margin":55.20000076293945},{"product":"PIXIE DUST EIGHTH - AMA","units":694,"revenue":17256.25,"cost":7373.75,"profit":9882.5,"transactions":426,"margin":57.29999923706055},{"product":"CAP JUNKY EIGHTH - AMA","units":580,"revenue":14318.75,"cost":6181.25,"profit":8137.5,"transactions":352,"margin":56.79999923706055},{"product":"WOWIE TANGIE CART - AMA","units":350,"revenue":11295.0,"cost":5031.25,"profit":6263.75,"transactions":306,"margin":55.5},{"product":"DOUGH WHIP EIGHTH - AMA","units":418,"revenue":10782.5,"cost":4702.5,"profit":6080.0,"transactions":224,"margin":56.400001525878906},{"product":"RUNTZ EIGHTH - AMA","units":308,"revenue":9495.0,"cost":3465.0,"profit":6030.0,"transactions":218,"margin":63.5},{"product":"CAP JUNKY PRE ROLL - AMA","units":1144,"revenue":9054.27490234375,"cost":4290.0,"profit":4764.27490234375,"transactions":826,"margin":52.599998474121094},{"product":"LEMON DRIP EIGHTH - AMA","units":346,"revenue":8993.75,"cost":3886.25,"profit":5107.5,"transactions":204,"margin":56.79999923706055},{"product":"KUSH CAKE 5 PK PRE ROLL - AMA","units":278,"revenue":8506.25,"cost":2817.5,"profit":5688.75,"transactions":236,"margin":66.9000015258789},{"product":"DABBALICIOUS MOJITO CART - AMA","units":250,"revenue":8127.0001220703125,"cost":3593.75,"profit":4533.2501220703125,"transactions":214,"margin":55.79999923706055},{"product":"TRUFFLE SKUNK PRE ROLL - AMA","units":1028,"revenue":8122.0001220703125,"cost":3855.0,"profit":4267.0001220703125,"transactions":792,"margin":52.5},{"product":"SCOBY PRE ROLL - AMA","units":888,"revenue":7236.3250732421875,"cost":3330.0,"profit":3906.3250732421875,"transactions":520,"margin":54.0},{"product":"CAKE BADDER PRE ROLL - AMA","units":844,"revenue":6795.1751708984375,"cost":3165.0,"profit":3630.1748657226562,"transactions":528,"margin":53.400001525878906}],"Elevation Downtown":[{"product":"SCOBY EIGHTH - AMA","units":350,"revenue":8900.625,"cost":3813.75,"profit":5086.875,"transactions":276,"margin":57.20000076293945},{"product":"GARLIC SUNDAE EIGHTH - AMA","units":170,"revenue":4185.0,"cost":1867.5,"profit":2317.5,"transactions":144,"margin":55.400001525878906},{"product":"KUSH CAKE EIGHTH - AMA","units":136,"revenue":3534.375,"cost":1463.75,"profit":2070.625,"transactions":126,"margin":58.599998474121094},{"product":"CAP JUNKY PRE ROLL - AMA","units":370,"revenue":3087.5,"cost":1387.5,"profit":1700.0,"transactions":294,"margin":55.099998474121094},{"product":"TRUFFLE SKUNK PRE ROLL - AMA","units":350,"revenue":2832.5,"cost":1312.5,"profit":1520.0,"transactions":314,"margin":53.70000076293945},{"product":"KUSH CAKE 5 PK PRE ROLL - AMA","units":94,"revenue":2814.8748779296875,"cost":1002.5,"profit":1812.3750305175781,"transactions":92,"margin":64.4000015258789},{"product":"PIXIE DUST EIGHTH - AMA","units":100,"revenue":2665.625,"cost":1062.5,"profit":1603.125,"transactions":86,"margin":60.099998474121094},{"product":"CAP JUNKY EIGHTH - AMA","units":100,"revenue":2636.875,"cost":1025.0,"profit":1611.875,"transactions":84,"margin":61.099998474121094},{"product":"CAP JUNKY 5 PK PRE ROLL - AMA","units":90,"revenue":2615.625,"cost":900.0,"profit":1715.625,"transactions":84,"margin":65.5999984741211},{"product":"SCOBY 5 PK PRE ROLL - AMA","units":76,"revenue":2153.125,"cost":795.0,"profit":1358.125,"transactions":76,"margin":63.099998474121094},{"product":"PIXIE DUST PRE ROLL - AMA","units":214,"revenue":1787.5,"cost":802.5,"profit":985.0,"transactions":178,"margin":55.099998474121094},{"product":"KUSH CAKE PRE ROLL - AMA","units":212,"revenue":1770.0,"cost":795.0,"profit":975.0,"transactions":176,"margin":55.099998474121094},{"product":"TRUFFLE SKUNK EIGHTH - AMA","units":60,"revenue":1618.75,"cost":630.0,"profit":988.75,"transactions":56,"margin":61.099998474121094},{"product":"CHERRY PIE INFUSED PRE ROLL 3 PK - AMA","units":50,"revenue":1459.375,"cost":625.0,"profit":834.375,"transactions":48,"margin":57.20000076293945},{"product":"ASTRO SUGAR SHERBZ INFUSED PRE ROLL 3 PK - AMA","units":50,"revenue":1450.0,"cost":625.0,"profit":825.0,"transactions":48,"margin":56.900001525878906}],"Elevation Midtown":[{"product":"SCOBY EIGHTH - AMA","units":1030,"revenue":25876.4501953125,"cost":11067.5,"profit":14808.9501953125,"transactions":764,"margin":57.20000076293945},{"product":"KUSH CAKE EIGHTH - AMA","units":884,"revenue":22268.75,"cost":9578.75,"profit":12690.0,"transactions":692,"margin":57.0},{"product":"GARLIC SUNDAE EIGHTH - AMA","units":698,"revenue":17997.80029296875,"cost":7665.0,"profit":10332.80029296875,"transactions":536,"margin":57.400001525878906},{"product":"CAKE BADDER PRE ROLL - AMA","units":1246,"revenue":10153.074951171875,"cost":4672.5,"profit":5480.574951171875,"transactions":1024,"margin":54.0},{"product":"PIXIE DUST EIGHTH - AMA","units":322,"revenue":8255.225219726562,"cost":3421.25,"profit":4833.974914550781,"transactions":258,"margin":58.599998474121094},{"product":"CAP JUNKY PRE ROLL - AMA","units":990,"revenue":8191.624755859375,"cost":3712.5,"profit":4479.125061035156,"transactions":700,"margin":54.70000076293945},{"product":"LEMON DRIP EIGHTH - AMA","units":296,"revenue":7807.5,"cost":3282.5,"profit":4525.0,"transactions":250,"margin":58.0},{"product":"TRUFFLE SKUNK EIGHTH - AMA","units":248,"revenue":6279.1748046875,"cost":2635.0,"profit":3644.1751098632812,"transactions":188,"margin":58.0},{"product":"CAP JUNKY EIGHTH - AMA","units":238,"revenue":6265.625,"cost":2552.5,"profit":3713.125,"transactions":204,"margin":59.29999923706055},{"product":"SECRET TRIANGLE EIGHTH - AMA","units":236,"revenue":5945.0,"cost":2655.0,"profit":3290.0,"transactions":164,"margin":55.29999923706055},{"product":"BLUEBERRY CRUNCH EIGHTH - AMA","units":202,"revenue":5525.0,"cost":2020.0,"profit":3505.0,"transactions":172,"margin":63.400001525878906},{"product":"SCOBY PRE ROLL - AMA","units":640,"revenue":5126.8499755859375,"cost":2400.0,"profit":2726.8499755859375,"transactions":464,"margin":53.20000076293945},{"product":"GARLIC SUNDAE PRE ROLL - AMA","units":622,"revenue":5040.1251220703125,"cost":2332.5,"profit":2707.6251220703125,"transactions":464,"margin":53.70000076293945},{"product":"DOUGH WHIP EIGHTH - AMA","units":192,"revenue":4980.0,"cost":2160.0,"profit":2820.0,"transactions":156,"margin":56.599998474121094},{"product":"DOSI FACE EIGHTH - AMA","units":156,"revenue":4256.25,"cost":1755.0,"profit":2501.25,"transactions":138,"margin":58.79999923706055}],"Elevation Boulevard":[{"product":"KUSH CAKE EIGHTH - AMA","units":1616,"revenue":39768.076171875,"cost":16657.5,"profit":23110.576171875,"transactions":1336,"margin":58.099998474121094},{"product":"GARLIC SUNDAE EIGHTH - AMA","units":888,"revenue":22701.25,"cost":9745.0,"profit":12956.25,"transactions":724,"margin":57.099998474121094},{"product":"SCOBY EIGHTH - AMA","units":896,"revenue":21694.7998046875,"cost":9651.25,"profit":12043.5498046875,"transactions":740,"margin":55.5},{"product":"RUNTZ EIGHTH - AMA","units":654,"revenue":15900.374755859375,"cost":7357.5,"profit":8542.874755859375,"transactions":530,"margin":53.70000076293945},{"product":"CAKE BADDER PRE ROLL - AMA","units":1834,"revenue":15854.200439453125,"cost":6877.5,"profit":8976.699829101562,"transactions":1434,"margin":56.599998474121094},{"product":"PIXIE DUST EIGHTH - AMA","units":580,"revenue":15215.625,"cost":6162.5,"profit":9053.125,"transactions":524,"margin":59.5},{"product":"CAP JUNKY EIGHTH - AMA","units":588,"revenue":15123.9501953125,"cost":6247.5,"profit":8876.4501953125,"transactions":518,"margin":58.70000076293945},{"product":"CAP JUNKY PRE ROLL - AMA","units":1526,"revenue":13080.72509765625,"cost":5722.5,"profit":7358.22509765625,"transactions":1176,"margin":56.29999923706055},{"product":"TRUFFLE SKUNK PRE ROLL - AMA","units":988,"revenue":8360.850219726562,"cost":3705.0,"profit":4655.849914550781,"transactions":724,"margin":55.70000076293945},{"product":"SUGAR SLAP EIGHTH - AMA","units":300,"revenue":8007.7001953125,"cost":3187.5,"profit":4820.199890136719,"transactions":264,"margin":60.20000076293945},{"product":"GSC EIGHTH - AMA","units":300,"revenue":7956.25,"cost":3187.5,"profit":4768.75,"transactions":264,"margin":59.900001525878906},{"product":"SCOBY PRE ROLL - AMA","units":938,"revenue":7786.6748046875,"cost":3517.5,"profit":4269.175109863281,"transactions":694,"margin":54.79999923706055},{"product":"DOUGH WHIP EIGHTH - AMA","units":300,"revenue":7725.0,"cost":3375.0,"profit":4350.0,"transactions":246,"margin":56.29999923706055},{"product":"KUSH CAKE PRE ROLL - AMA","units":854,"revenue":7428.3502197265625,"cost":3202.5,"profit":4225.849914550781,"transactions":740,"margin":56.900001525878906},{"product":"MINTZ ICE CREAM INFUSED PRE ROLL - AMA","units":510,"revenue":7159.07470703125,"cost":3825.0,"profit":3334.0750122070312,"transactions":440,"margin":46.599998474121094}],"Elevation Parkway":[{"product":"KUSH CAKE 5 PK PRE ROLL - AMA","units":384,"revenue":11849.49951171875,"cost":3865.0,"profit":7984.5001220703125,"transactions":352,"margin":67.4000015258789},{"product":"BANANA SPLIT 5 PK PRE ROLL - AMA","units":148,"revenue":4605.0,"cost":1665.0,"profit":2940.0,"transactions":142,"margin":63.79999923706055},{"product":"CAKE BADDER PRE ROLL - AMA","units":552,"revenue":4592.9998779296875,"cost":2070.0,"profit":2523.000030517578,"transactions":396,"margin":54.900001525878906},{"product":"HONEY POT 5 PK PRE ROLL - AMA","units":148,"revenue":4531.25,"cost":1480.0,"profit":3051.25,"transactions":144,"margin":67.30000305175781},{"product":"SCOBY 5 PK PRE ROLL - AMA","units":144,"revenue":4406.25,"cost":1440.0,"profit":2966.25,"transactions":138,"margin":67.30000305175781},{"product":"SOUR TANGIE PRE ROLL - AMA","units":394,"revenue":4083.75,"cost":1477.5,"profit":2606.25,"transactions":324,"margin":63.79999923706055},{"product":"ZITRUS HAZE 5 PK PRE ROLL - AMA","units":134,"revenue":4071.875,"cost":1340.0,"profit":2731.875,"transactions":126,"margin":67.0999984741211},{"product":"KUSH CAKE EIGHTH - AMA","units":150,"revenue":3701.925048828125,"cost":1593.75,"profit":2108.175048828125,"transactions":106,"margin":56.900001525878906},{"product":"SOUR TANGIE 5 PK PRE ROLL - AMA","units":102,"revenue":3487.5,"cost":1147.5,"profit":2340.0,"transactions":98,"margin":67.0999984741211},{"product":"GUSH BERRY 5 PK PRE ROLL - AMA","units":100,"revenue":3357.0001220703125,"cost":1125.0,"profit":2231.999969482422,"transactions":98,"margin":66.5},{"product":"CAP JUNKY EIGHTH - AMA","units":120,"revenue":3254.375,"cost":1275.0,"profit":1979.375,"transactions":90,"margin":60.79999923706055},{"product":"TRUFFLE SKUNK EIGHTH - AMA","units":120,"revenue":3250.0,"cost":1275.0,"profit":1975.0,"transactions":98,"margin":60.79999923706055},{"product":"GARLIC SUNDAE 5 PK PRE ROLL - AMA","units":102,"revenue":3131.25,"cost":1020.0,"profit":2111.25,"transactions":98,"margin":67.4000015258789},{"product":"CAP JUNKY PRE ROLL - AMA","units":350,"revenue":3040.0,"cost":1312.5,"profit":1727.5,"transactions":274,"margin":56.79999923706055},{"product":"RUNTZ ROULETTE 5 PK PRE ROLL - AMA","units":96,"revenue":2937.5,"cost":960.0,"profit":1977.5,"transactions":86,"margin":67.30000305175781}]},"store_summary":[{"store_clean":"Elevation Mesa","units":57388,"revenue":947666.796875,"cost":422266.25,"profit":525400.5078125,"discounts":281675.72265625,"margin":55.400001525878906,"discount_rate":22.899999618530273},{"store_clean":"Elevation Springs","units":44802,"revenue":729434.453125,"cost":323685.0,"profit":405749.4140625,"discounts":224206.81640625,"margin":55.599998474121094,"discount_rate":23.5},{"store_clean":"Elevation Oasis","units":34872,"revenue":665503.359375,"cost":289151.25,"profit":376352.0703125,"discounts":189354.1796875,"margin":56.599998474121094,"discount_rate":22.200000762939453},{"store_clean":"Elevation Boulevard","units":38574,"revenue":605687.0703125,"cost":274401.25,"profit":331285.8203125,"discounts":195010.4296875,"margin":54.70000076293945,"discount_rate":24.399999618530273},{"store_clean":"Elevation Midtown","units":21144,"revenue":368569.4921875,"cost":161021.50390625,"profit":207548.0078125,"discounts":93980.498046875,"margin":56.29999923706055,"discount_rate":20.299999237060547},{"store_clean":"Elevation Parkway","units":12042,"revenue":193171.62109375,"cost":80708.75,"profit":112462.87109375,"discounts":38613.3740234375,"margin":58.20000076293945,"discount_rate":16.700000762939453},{"store_clean":"Elevation Downtown","units":4620,"revenue":77896.123046875,"cost":33190.0,"profit":44706.123046875,"discounts":21078.87451171875,"margin":57.400001525878906,"discount_rate":21.299999237060547}],"recommendations":[{"severity":"info","title":"VOLUME LEVERAGE","detail":"$1,435,172 revenue provides negotiating leverage.","action":"Use volume as leverage in next vendor meeting."}],"comparison":null}