{"brand":"PUF","date_range":"2024-01-01 00:00:00 to 2026-01-31 00:00:00","period_label":"All Time","summary":{"total_units":1232,"total_revenue":21455.25390625,"total_cost":9240.0,"total_discounts":6264.7503662109375,"total_profit":12215.2490234375,"overall_margin":56.900001525878906,"fp_margin":66.69999694824219,"disc_margin":52.900001525878906,"pct_full_price":29.200000762939453,"avg_discount_rate":22.600000381469727,"fp_revenue":6255.0,"disc_revenue":15200.250244140625,"brand":"PUF","date_range":"2024-01-01 00:00:00 to 2026-01-31 00:00:00","primary_category":"CARTRIDGE","store_coverage":"4/7","stores_present":["Elevation Springs","Elevation Mesa","Elevation Boulevard","Elevation Parkway"],"stores_missing":["Elevation Oasis","Elevation Downtown","Elevation Midtown"],"velocity_rank":23,"velocity_total":27},"distribution":[{"store":"Elevation Springs","carries_brand":true,"sku_count":4,"revenue":7542.4993896484375,"units":430,"store_total_revenue":51138750.0,"brand_share_pct":0.0},{"store":"Elevation Mesa","carries_brand":true,"sku_count":6,"revenue":10151.500244140625,"units":586,"store_total_revenue":47532240.0,"brand_share_pct":0.0},{"store":"Elevation Oasis","carries_brand":false,"sku_count":0,"revenue":0.0,"units":0,"store_total_revenue":56050145.0,"brand_share_pct":0},{"store":"Elevation Downtown","carries_brand":false,"sku_count":0,"revenue":0.0,"units":0,"store_total_revenue":1945237.1875,"brand_share_pct":0},{"store":"Elevation Midtown","carries_brand":false,"sku_count":0,"revenue":0.0,"units":0,"store_total_revenue":30850185.0,"brand_share_pct":0},{"store":"Elevation Boulevard","carries_brand":true,"sku_count":8,"revenue":3450.7501220703125,"units":198,"store_total_revenue":28757865.0,"brand_share_pct":0.0},{"store":"Elevation Parkway","carries_brand":true,"sku_count":2,"revenue":310.5000114440918,"units":18,"store_total_revenue":21987007.5,"brand_share_pct":0.0}],"share_of_category":[{"category":"CARTRIDGE","brand_revenue":21455.25390625,"category_revenue":46155130.0,"revenue_share_pct":0.0,"brand_units":1232,"category_units":1532896,"units_share_pct":0.1}],"share_of_category_trend":{"CARTRIDGE":[{"period":"2024-01","brand_revenue":21455.25146484375,"category_revenue":2057675.625,"share_pct":1.0},{"period":"2024-02","brand_revenue":0.0,"category_revenue":2141777.8125,"share_pct":0.0},{"period":"2024-03","brand_revenue":0.0,"category_revenue":2288552.1875,"share_pct":0.0},{"period":"2024-04","brand_revenue":0.0,"category_revenue":2096820.46875,"share_pct":0.0},{"period":"2024-05","brand_revenue":0.0,"category_revenue":2138038.59375,"share_pct":0.0},{"period":"2024-06","brand_revenue":0.0,"category_revenue":2017623.90625,"share_pct":0.0},{"period":"2024-07","brand_revenue":0.0,"category_revenue":2031918.28125,"share_pct":0.0},{"period":"2024-08","brand_revenue":0.0,"category_revenue":2132382.65625,"share_pct":0.0},{"period":"2024-09","brand_revenue":0.0,"category_revenue":1955407.03125,"share_pct":0.0},{"period":"2024-10","brand_revenue":0.0,"category_revenue":2083993.125,"share_pct":0.0},{"period":"2024-11","brand_revenue":0.0,"category_revenue":2038609.375,"share_pct":0.0},{"period":"2024-12","brand_revenue":0.0,"category_revenue":2003932.03125,"share_pct":0.0},{"period":"2025-01","brand_revenue":0.0,"category_revenue":1921719.21875,"share_pct":0.0},{"period":"2025-02","brand_revenue":0.0,"category_revenue":1668647.5,"share_pct":0.0},{"period":"2025-03","brand_revenue":0.0,"category_revenue":1758711.25,"share_pct":0.0},{"period":"2025-04","brand_revenue":0.0,"category_revenue":1735997.5,"share_pct":0.0},{"period":"2025-05","brand_revenue":0.0,"category_revenue":1688800.46875,"share_pct":0.0},{"period":"2025-06","brand_revenue":0.0,"category_revenue":1594515.0,"share_pct":0.0},{"period":"2025-07","brand_revenue":0.0,"category_revenue":1595739.53125,"share_pct":0.0},{"period":"2025-08","brand_revenue":0.0,"category_revenue":1677489.6875,"share_pct":0.0},{"period":"2025-09","brand_revenue":0.0,"category_revenue":1539547.96875,"share_pct":0.0},{"period":"2025-10","brand_revenue":0.0,"category_revenue":1548909.21875,"share_pct":0.0},{"period":"2025-11","brand_revenue":0.0,"category_revenue":1545430.15625,"share_pct":0.0},{"period":"2025-12","brand_revenue":0.0,"category_revenue":1467828.28125,"share_pct":0.0},{"period":"2026-01","brand_revenue":0.0,"category_revenue":1425064.0625,"share_pct":0.0}]},"velocity_by_category":[{"category":"CARTRIDGE","brand_units_per_day":1.62,"category_avg_units_per_day":74.5,"velocity_index":2.2,"brand_rev_per_unit":13.93,"category_rev_per_unit":24.09,"brands_in_category":27}],"store_gaps":[{"store":"Elevation Oasis","category":"CARTRIDGE","category_revenue_at_store":14399165.0,"opportunity":"Brand not carried"},{"store":"Elevation Midtown","category":"CARTRIDGE","category_revenue_at_store":6884323.75,"opportunity":"Brand not carried"},{"store":"Elevation Downtown","category":"CARTRIDGE","category_revenue_at_store":190494.43359375,"opportunity":"Brand not carried"}],"product_mix":{"top":[{"product":"LAFFY TAFFY CART - PUF","units":314,"revenue":5622.2503662109375,"cost":2355.0,"profit":3267.2500610351562,"stores":3,"transactions":256,"margin":58.099998474121094},{"product":"GREEN CRACK CART 0.5G - PUF","units":254,"revenue":4510.0,"cost":1905.0,"profit":2605.0,"stores":1,"transactions":174,"margin":57.79999923706055},{"product":"WHITE WIDOW CART - PUF","units":228,"revenue":3868.5000610351562,"cost":1710.0,"profit":2158.4999084472656,"stores":2,"transactions":172,"margin":55.79999923706055},{"product":"GREEN CRACK CART - PUF","units":188,"revenue":3126.0000610351562,"cost":1410.0,"profit":1715.9999084472656,"stores":2,"transactions":164,"margin":54.900001525878906},{"product":"LAFFY TAFFY CART 0.5G - PUF","units":176,"revenue":3032.5,"cost":1320.0,"profit":1712.5,"stores":1,"transactions":128,"margin":56.5},{"product":"WHITE WIDOW CART 0.5G - PUF","units":72,"revenue":1296.0000610351562,"cost":540.0,"profit":755.9999847412109,"stores":1,"transactions":68,"margin":58.29999923706055}],"bottom":[],"expansion":[{"product":"LAFFY TAFFY CART - PUF","current_stores":3,"total_stores":4,"missing_stores":["Elevation Springs"],"revenue":5622.2503662109375},{"product":"WHITE WIDOW CART - PUF","current_stores":2,"total_stores":4,"missing_stores":["Elevation Springs","Elevation Parkway"],"revenue":3868.5000610351562},{"product":"GREEN CRACK CART - PUF","current_stores":2,"total_stores":4,"missing_stores":["Elevation Springs","Elevation Parkway"],"revenue":3126.0000610351562}]},"pricing_consistency":[{"product":"WHITE WIDOW CART - PUF","min_price":30.0,"max_price":33.96902708880669,"avg_price":31.98451354440334,"std_dev":1.1226103876833244,"store_count":4,"price_range":3.9690270888066914,"range_pct":12.4},{"product":"GREEN CRACK CART - PUF","min_price":32.83333107277199,"max_price":35.884616558368386,"avg_price":34.35897381557019,"std_dev":0.8630338632805208,"store_count":4,"price_range":3.051285485596398,"range_pct":8.9},{"product":"LAFFY TAFFY CART - PUF","min_price":33.841839225924744,"max_price":36.90404102055713,"avg_price":35.08196050601588,"std_dev":0.6447669185910555,"store_count":6,"price_range":3.0622017946323865,"range_pct":8.7}],"promotional_effectiveness":{"lift":{"fp_units_per_day":11.58,"disc_units_per_day":36.7,"lift_pct":216.8,"fp_avg_revenue_per_unit":45.0,"disc_avg_revenue_per_unit":31.875},"by_deal":[{"deal_name":"30% Off Special","uses":105,"revenue":4536.000118255615,"discounts":1944.0000367164612,"units":288.0,"cost":2160.0,"margin":52.4,"discount_depth":60.0},{"deal_name":"Industry - 30% Off","uses":100,"revenue":3528.000102043152,"discounts":1512.0000278949738,"units":224.0,"cost":1680.0,"margin":52.4,"discount_depth":60.0},{"deal_name":"4 for $50 PUF 0.5g Carts","uses":25,"revenue":3375.0,"discounts":1485.0,"units":216.0,"cost":1620.0,"margin":52.0,"discount_depth":61.2},{"deal_name":"25% OFF SALE","uses":21,"revenue":776.25,"discounts":258.75,"units":46.0,"cost":345.0,"margin":55.6,"discount_depth":50.0},{"deal_name":"Senior - 10% Off","uses":3,"revenue":121.5000057220459,"discounts":13.499999642372131,"units":6.0,"cost":45.0,"margin":63.0,"discount_depth":20.0},{"deal_name":"Veterans - 10% Off","uses":2,"revenue":81.00000381469727,"discounts":8.999999761581421,"units":4.0,"cost":30.0,"margin":63.0,"discount_depth":20.0}]},"growth_opportunities":[{"type":"distribution","title":"Expand to Elevation Oasis","detail":"Store has $5,759,666 in CARTRIDGE \u2014 categories where PUF competes.","priority":"high"},{"type":"distribution","title":"Expand to Elevation Downtown","detail":"Store has $76,198 in CARTRIDGE \u2014 categories where PUF competes.","priority":"high"},{"type":"distribution","title":"Expand to Elevation Midtown","detail":"Store has $2,753,730 in CARTRIDGE \u2014 categories where PUF competes.","priority":"high"},{"type":"sku_expansion","title":"Add 'GREEN CRACK CART - PUF' to 2 more store(s)","detail":"Carried in 2 stores. Missing from: Elevation Springs, Elevation Parkway","priority":"medium"},{"type":"sku_expansion","title":"Add 'LAFFY TAFFY CART - PUF' to 1 more store(s)","detail":"Carried in 3 stores. Missing from: Elevation Springs","priority":"medium"},{"type":"sku_expansion","title":"Add 'WHITE WIDOW CART - PUF' to 2 more store(s)","detail":"Carried in 2 stores. Missing from: Elevation Springs, Elevation Parkway","priority":"medium"},{"type":"velocity","title":"Improve velocity in CARTRIDGE","detail":"Velocity index 2 (below category average). 0.8 units/day vs 37.2 avg.","priority":"medium"}],"trend":[{"period":"2024-01","revenue":21455.25146484375,"cost":9240.0,"margin":56.9,"units":1232,"transactions":894,"profit":12215.250244140625,"revenue_change_pct":null,"units_change_pct":null,"margin_change_pts":null}]}