{"brand":"PUF","date_range":"2024-01-01 00:00:00 to 2026-01-31 00:00:00","period_label":"All Time","summary":{"total_units":1232,"total_revenue":21455.25390625,"total_cost":9240.0,"total_discounts":6264.7503662109375,"total_profit":12215.2490234375,"overall_margin":56.900001525878906,"fp_margin":66.69999694824219,"disc_margin":52.900001525878906,"pct_full_price":29.200000762939453,"avg_discount_rate":22.600000381469727,"fp_revenue":6255.0,"disc_revenue":15200.250244140625,"unique_customers":722,"brand":"PUF","date_range":"2024-01-01 00:00:00 to 2026-01-31 00:00:00","months_count":2,"avg_monthly_cost":9240.0,"cost_per_unit":15.0,"primary_category":"CARTRIDGE","primary_cat_margin":50.400001525878906,"category_rank":24,"category_total":27,"margin_vs_category":6.5,"velocity_rank":23},"category_breakdown":[{"category_clean":"CARTRIDGE","units":1232,"revenue":21455.25146484375,"cost":9240.0,"profit":12215.250244140625,"discounts":6264.7503662109375,"margin":56.900001525878906,"category_avg_margin":50.400001525878906,"vs_category":6.5,"rank":24.0,"total_brands":27.0}],"trend":[{"period":"2024-01","revenue":21455.25146484375,"cost":9240.0,"margin":56.9,"units":1232,"transactions":894,"profit":12215.250244140625,"revenue_change_pct":null,"units_change_pct":null,"margin_change_pts":null}],"share_of_category":[{"category":"CARTRIDGE","brand_revenue":21455.25390625,"category_revenue":46155130.0,"revenue_share_pct":0.0,"brand_units":1232,"category_units":1532896,"units_share_pct":0.1}],"share_of_category_trend":{"CARTRIDGE":[{"period":"2024-01","brand_revenue":21455.25146484375,"category_revenue":2057675.625,"share_pct":1.0},{"period":"2024-02","brand_revenue":0.0,"category_revenue":2141777.8125,"share_pct":0.0},{"period":"2024-03","brand_revenue":0.0,"category_revenue":2288552.1875,"share_pct":0.0},{"period":"2024-04","brand_revenue":0.0,"category_revenue":2096820.46875,"share_pct":0.0},{"period":"2024-05","brand_revenue":0.0,"category_revenue":2138038.59375,"share_pct":0.0},{"period":"2024-06","brand_revenue":0.0,"category_revenue":2017623.90625,"share_pct":0.0},{"period":"2024-07","brand_revenue":0.0,"category_revenue":2031918.28125,"share_pct":0.0},{"period":"2024-08","brand_revenue":0.0,"category_revenue":2132382.65625,"share_pct":0.0},{"period":"2024-09","brand_revenue":0.0,"category_revenue":1955407.03125,"share_pct":0.0},{"period":"2024-10","brand_revenue":0.0,"category_revenue":2083993.125,"share_pct":0.0},{"period":"2024-11","brand_revenue":0.0,"category_revenue":2038609.375,"share_pct":0.0},{"period":"2024-12","brand_revenue":0.0,"category_revenue":2003932.03125,"share_pct":0.0},{"period":"2025-01","brand_revenue":0.0,"category_revenue":1921719.21875,"share_pct":0.0},{"period":"2025-02","brand_revenue":0.0,"category_revenue":1668647.5,"share_pct":0.0},{"period":"2025-03","brand_revenue":0.0,"category_revenue":1758711.25,"share_pct":0.0},{"period":"2025-04","brand_revenue":0.0,"category_revenue":1735997.5,"share_pct":0.0},{"period":"2025-05","brand_revenue":0.0,"category_revenue":1688800.46875,"share_pct":0.0},{"period":"2025-06","brand_revenue":0.0,"category_revenue":1594515.0,"share_pct":0.0},{"period":"2025-07","brand_revenue":0.0,"category_revenue":1595739.53125,"share_pct":0.0},{"period":"2025-08","brand_revenue":0.0,"category_revenue":1677489.6875,"share_pct":0.0},{"period":"2025-09","brand_revenue":0.0,"category_revenue":1539547.96875,"share_pct":0.0},{"period":"2025-10","brand_revenue":0.0,"category_revenue":1548909.21875,"share_pct":0.0},{"period":"2025-11","brand_revenue":0.0,"category_revenue":1545430.15625,"share_pct":0.0},{"period":"2025-12","brand_revenue":0.0,"category_revenue":1467828.28125,"share_pct":0.0},{"period":"2026-01","brand_revenue":0.0,"category_revenue":1425064.0625,"share_pct":0.0}]},"discount_depth":[{"tier":"0% (Full Price)","transactions":274,"pct_of_transactions":28.5,"revenue":6255.0,"avg_discount":0.0},{"tier":"1-10%","transactions":28,"pct_of_transactions":2.9,"revenue":729.0000915527344,"avg_discount":20.0},{"tier":"11-20%","transactions":2,"pct_of_transactions":0.2,"revenue":35.999999046325684,"avg_discount":40.0},{"tier":"21-30%","transactions":44,"pct_of_transactions":4.6,"revenue":876.25,"avg_discount":50.0},{"tier":"31%+","transactions":82,"pct_of_transactions":8.5,"revenue":3573.5000610351562,"avg_discount":63.400001525878906}],"velocity":{"units_per_day":44.0,"revenue_per_day":766.25,"avg_units_per_txn":2.76,"days_of_data":28,"total_units":1232,"total_transactions":894},"velocity_by_category":[{"category":"CARTRIDGE","brand_units_per_day":1.62,"category_avg_units_per_day":74.5,"velocity_index":2.2,"brand_rev_per_unit":13.93,"category_rev_per_unit":24.09,"brands_in_category":27}],"deals":[{"deal_name":"30% Off Special","times_used":210,"units":288.0,"revenue":4536.000118255615,"discounts":1944.0000367164612,"cost":2160.0,"profit":2375.999963283539,"pre_discount_revenue":6480.0,"margin":52.4,"avg_discount":60.0},{"deal_name":"Industry - 30% Off","times_used":200,"units":224.0,"revenue":3528.000102043152,"discounts":1512.0000278949738,"cost":1680.0,"profit":1847.9999721050262,"pre_discount_revenue":5040.0,"margin":52.4,"avg_discount":60.0},{"deal_name":"4 for $50 PUF 0.5g Carts","times_used":50,"units":216.0,"revenue":3375.0,"discounts":1485.0,"cost":1620.0,"profit":1755.0,"pre_discount_revenue":4860.0,"margin":52.0,"avg_discount":61.2},{"deal_name":"25% OFF SALE","times_used":42,"units":46.0,"revenue":776.25,"discounts":258.75,"cost":345.0,"profit":431.25,"pre_discount_revenue":1035.0,"margin":55.6,"avg_discount":50.0},{"deal_name":"Senior - 10% Off","times_used":6,"units":6.0,"revenue":121.5000057220459,"discounts":13.499999642372131,"cost":45.0,"profit":76.49999856948853,"pre_discount_revenue":135.0,"margin":63.0,"avg_discount":20.0},{"deal_name":"Veterans - 10% Off","times_used":4,"units":4.0,"revenue":81.00000381469727,"discounts":8.999999761581421,"cost":30.0,"profit":50.999999046325684,"pre_discount_revenue":90.0,"margin":63.0,"avg_discount":20.0}],"top_products":[{"product":"LAFFY TAFFY CART - PUF","units":314,"revenue":5622.2503662109375,"cost":2355.0,"profit":3267.2500610351562,"transactions":256,"margin":58.099998474121094},{"product":"GREEN CRACK CART 0.5G - PUF","units":254,"revenue":4510.0,"cost":1905.0,"profit":2605.0,"transactions":174,"margin":57.79999923706055},{"product":"WHITE WIDOW CART - PUF","units":228,"revenue":3868.5000610351562,"cost":1710.0,"profit":2158.4999084472656,"transactions":172,"margin":55.79999923706055},{"product":"GREEN CRACK CART - PUF","units":188,"revenue":3126.0000610351562,"cost":1410.0,"profit":1715.9999084472656,"transactions":164,"margin":54.900001525878906},{"product":"LAFFY TAFFY CART 0.5G - PUF","units":176,"revenue":3032.5,"cost":1320.0,"profit":1712.5,"transactions":128,"margin":56.5},{"product":"WHITE WIDOW CART 0.5G - PUF","units":72,"revenue":1296.0000610351562,"cost":540.0,"profit":755.9999847412109,"transactions":68,"margin":58.29999923706055}],"products_by_store":{"Elevation Springs":[{"product":"GREEN CRACK CART 0.5G - PUF","units":254,"revenue":4510.0,"cost":1905.0,"profit":2605.0,"transactions":174,"margin":57.79999923706055},{"product":"LAFFY TAFFY CART 0.5G - PUF","units":176,"revenue":3032.5,"cost":1320.0,"profit":1712.5,"transactions":128,"margin":56.5}],"Elevation Mesa":[{"product":"WHITE WIDOW CART - PUF","units":226,"revenue":3838.5000610351562,"cost":1695.0,"profit":2143.4999084472656,"transactions":170,"margin":55.79999923706055},{"product":"LAFFY TAFFY CART - PUF","units":198,"revenue":3653.5000610351562,"cost":1485.0,"profit":2168.5000610351562,"transactions":152,"margin":59.400001525878906},{"product":"GREEN CRACK CART - PUF","units":162,"revenue":2659.5001220703125,"cost":1215.0,"profit":1444.4999694824219,"transactions":138,"margin":54.29999923706055}],"Elevation Boulevard":[{"product":"LAFFY TAFFY CART - PUF","units":98,"revenue":1658.2499694824219,"cost":735.0,"profit":923.2499694824219,"transactions":86,"margin":55.70000076293945},{"product":"WHITE WIDOW CART 0.5G - PUF","units":72,"revenue":1296.0000610351562,"cost":540.0,"profit":755.9999847412109,"transactions":68,"margin":58.29999923706055},{"product":"GREEN CRACK CART - PUF","units":26,"revenue":466.50001525878906,"cost":195.0,"profit":271.49999618530273,"transactions":26,"margin":58.20000076293945},{"product":"WHITE WIDOW CART - PUF","units":2,"revenue":30.0,"cost":15.0,"profit":15.0,"transactions":2,"margin":50.0}],"Elevation Parkway":[{"product":"LAFFY TAFFY CART - PUF","units":18,"revenue":310.5000114440918,"cost":135.0,"profit":175.49999237060547,"transactions":18,"margin":56.5}]},"store_summary":[{"store_clean":"Elevation Mesa","units":586,"revenue":10151.500244140625,"cost":4395.0,"profit":5756.500244140625,"discounts":3033.5000610351562,"margin":56.70000076293945,"discount_rate":23.0},{"store_clean":"Elevation Springs","units":430,"revenue":7542.5,"cost":3225.0,"profit":4317.5,"discounts":2132.5,"margin":57.20000076293945,"discount_rate":22.0},{"store_clean":"Elevation Boulevard","units":198,"revenue":3450.7501220703125,"cost":1485.0,"profit":1965.7499694824219,"discounts":1004.2500305175781,"margin":57.0,"discount_rate":22.5},{"store_clean":"Elevation Parkway","units":18,"revenue":310.5000114440918,"cost":135.0,"profit":175.49999237060547,"discounts":94.49999809265137,"margin":56.5,"discount_rate":23.299999237060547}],"recommendations":[{"severity":"info","title":"VOLUME LEVERAGE","detail":"$8,582 revenue provides negotiating leverage.","action":"Use volume as leverage in next vendor meeting."}],"comparison":null}