{"brand":"BOND ROAD","date_range":"2024-01-01 00:00:00 to 2026-01-31 00:00:00","period_label":"All Time","summary":{"total_units":11120,"total_revenue":330155.546875,"total_cost":159329.98046875,"total_discounts":81913.2275390625,"total_profit":170825.546875,"overall_margin":51.70000076293945,"fp_margin":61.099998474121094,"disc_margin":46.29999923706055,"pct_full_price":36.70000076293945,"avg_discount_rate":19.899999618530273,"fp_revenue":121237.5,"disc_revenue":208918.02734375,"brand":"BOND ROAD","date_range":"2024-01-01 00:00:00 to 2026-01-31 00:00:00","primary_category":"FLOWER","store_coverage":"5/7","stores_present":["Elevation Springs","Elevation Mesa","Elevation Oasis","Elevation Midtown","Elevation Boulevard"],"stores_missing":["Elevation Downtown","Elevation Parkway"],"velocity_rank":34,"velocity_total":64},"distribution":[{"store":"Elevation Springs","carries_brand":true,"sku_count":8,"revenue":75366.25,"units":2516,"store_total_revenue":51138750.0,"brand_share_pct":0.10000000149011612},{"store":"Elevation Mesa","carries_brand":true,"sku_count":8,"revenue":113785.0,"units":3766,"store_total_revenue":47532240.0,"brand_share_pct":0.20000000298023224},{"store":"Elevation Oasis","carries_brand":true,"sku_count":6,"revenue":23340.0,"units":864,"store_total_revenue":56050145.0,"brand_share_pct":0.0},{"store":"Elevation Downtown","carries_brand":false,"sku_count":0,"revenue":0.0,"units":0,"store_total_revenue":1945237.1875,"brand_share_pct":0},{"store":"Elevation Midtown","carries_brand":true,"sku_count":8,"revenue":33614.1748046875,"units":1056,"store_total_revenue":30850185.0,"brand_share_pct":0.10000000149011612},{"store":"Elevation Boulevard","carries_brand":true,"sku_count":8,"revenue":84050.09765625,"units":2918,"store_total_revenue":28757865.0,"brand_share_pct":0.30000001192092896},{"store":"Elevation Parkway","carries_brand":false,"sku_count":0,"revenue":0.0,"units":0,"store_total_revenue":21987007.5,"brand_share_pct":0}],"share_of_category":[{"category":"FLOWER","brand_revenue":330155.546875,"category_revenue":77755450.0,"revenue_share_pct":0.4000000059604645,"brand_units":11120,"category_units":2708446,"units_share_pct":0.4}],"share_of_category_trend":{"FLOWER":[{"period":"2024-01","brand_revenue":60674.9755859375,"category_revenue":3552357.8125,"share_pct":1.7000000476837158},{"period":"2024-02","brand_revenue":54343.57421875,"category_revenue":3535245.625,"share_pct":1.5},{"period":"2024-03","brand_revenue":53062.5,"category_revenue":3693805.625,"share_pct":1.399999976158142},{"period":"2024-04","brand_revenue":27896.25,"category_revenue":3541899.6875,"share_pct":0.800000011920929},{"period":"2024-05","brand_revenue":51451.25,"category_revenue":3537479.375,"share_pct":1.5},{"period":"2024-06","brand_revenue":25637.5,"category_revenue":3403269.6875,"share_pct":0.800000011920929},{"period":"2024-07","brand_revenue":19771.25,"category_revenue":3457705.9375,"share_pct":0.6000000238418579},{"period":"2024-08","brand_revenue":27482.5,"category_revenue":3453819.375,"share_pct":0.800000011920929},{"period":"2024-09","brand_revenue":9835.72509765625,"category_revenue":3316441.5625,"share_pct":0.30000001192092896},{"period":"2024-10","brand_revenue":0.0,"category_revenue":3585775.0,"share_pct":0.0},{"period":"2024-11","brand_revenue":0.0,"category_revenue":3454855.3125,"share_pct":0.0},{"period":"2024-12","brand_revenue":0.0,"category_revenue":3226567.8125,"share_pct":0.0},{"period":"2025-01","brand_revenue":0.0,"category_revenue":2984938.125,"share_pct":0.0},{"period":"2025-02","brand_revenue":0.0,"category_revenue":2816220.0,"share_pct":0.0},{"period":"2025-03","brand_revenue":0.0,"category_revenue":2911379.6875,"share_pct":0.0},{"period":"2025-04","brand_revenue":0.0,"category_revenue":3118895.3125,"share_pct":0.0},{"period":"2025-05","brand_revenue":0.0,"category_revenue":2887345.0,"share_pct":0.0},{"period":"2025-06","brand_revenue":0.0,"category_revenue":2773698.125,"share_pct":0.0},{"period":"2025-07","brand_revenue":0.0,"category_revenue":2782763.125,"share_pct":0.0},{"period":"2025-08","brand_revenue":0.0,"category_revenue":2733122.8125,"share_pct":0.0},{"period":"2025-09","brand_revenue":0.0,"category_revenue":2603501.5625,"share_pct":0.0},{"period":"2025-10","brand_revenue":0.0,"category_revenue":2663705.0,"share_pct":0.0},{"period":"2025-11","brand_revenue":0.0,"category_revenue":2700189.0625,"share_pct":0.0},{"period":"2025-12","brand_revenue":0.0,"category_revenue":2515209.53125,"share_pct":0.0},{"period":"2026-01","brand_revenue":0.0,"category_revenue":2505261.875,"share_pct":0.0}]},"velocity_by_category":[{"category":"FLOWER","brand_units_per_day":14.6,"category_avg_units_per_day":55.54,"velocity_index":26.3,"brand_rev_per_unit":23.75,"category_rev_per_unit":22.97,"brands_in_category":64}],"store_gaps":[{"store":"Elevation Parkway","category":"FLOWER","category_revenue_at_store":4297298.125,"opportunity":"Brand not carried"},{"store":"Elevation Downtown","category":"FLOWER","category_revenue_at_store":324929.8828125,"opportunity":"Brand not carried"}],"product_mix":{"top":[{"product":"BUBBA FETT EIGHTH - BOND ROAD","units":5472,"revenue":162847.7734375,"cost":78111.845703125,"profit":84735.927734375,"stores":5,"transactions":4764,"margin":52.0},{"product":"WHITE 99 EIGHTH - BOND ROAD","units":2858,"revenue":83618.37890625,"cost":40779.0234375,"profit":42839.3505859375,"stores":5,"transactions":2536,"margin":51.20000076293945},{"product":"MAC & CHEESE EIGHTH - BOND ROAD","units":1754,"revenue":52738.75,"cost":25367.22412109375,"profit":27371.52587890625,"stores":5,"transactions":1484,"margin":51.900001525878906},{"product":"GLUEBALL EIGHTH - BOND ROAD","units":1036,"revenue":30950.625,"cost":15071.875,"profit":15878.75,"stores":4,"transactions":920,"margin":51.29999923706055}],"bottom":[],"expansion":[{"product":"GLUEBALL EIGHTH - BOND ROAD","current_stores":4,"total_stores":5,"missing_stores":["Elevation Oasis"],"revenue":30950.625}]},"pricing_consistency":[{"product":"MAC & CHEESE EIGHTH - BOND ROAD","min_price":52.630434782608695,"max_price":67.0908273381295,"avg_price":60.07546356245137,"std_dev":2.1484277639509077,"store_count":10,"price_range":14.460392555520798,"range_pct":24.1},{"product":"BUBBA FETT EIGHTH - BOND ROAD","min_price":53.25259515570934,"max_price":65.90625,"avg_price":59.81015037571296,"std_dev":1.8807446919270998,"store_count":10,"price_range":12.653654844290658,"range_pct":21.2},{"product":"WHITE 99 EIGHTH - BOND ROAD","min_price":56.98846153846154,"max_price":67.76785714285714,"avg_price":60.37457791912572,"std_dev":1.7138457763332378,"store_count":10,"price_range":10.779395604395603,"range_pct":17.9},{"product":"GLUEBALL EIGHTH - BOND ROAD","min_price":57.46666666666667,"max_price":63.06066176470588,"avg_price":59.93955313532223,"std_dev":0.9925875958038278,"store_count":8,"price_range":5.593995098039208,"range_pct":9.3}],"promotional_effectiveness":{"lift":{"fp_units_per_day":13.86,"disc_units_per_day":29.56,"lift_pct":113.2,"fp_avg_revenue_per_unit":73.8,"disc_avg_revenue_per_unit":53.324999999999996},"by_deal":[{"deal_name":"Industry - 30% Off","uses":1583,"revenue":91199.375,"discounts":39181.875,"units":3506.0,"cost":50325.04856109619,"margin":44.8,"discount_depth":60.2},{"deal_name":"Stock & Save - 1/4 for $40","uses":270,"revenue":22498.22500228882,"discounts":11251.775000095367,"units":900.0,"cost":12839.549612998962,"margin":42.9,"discount_depth":66.6},{"deal_name":"Senior / Veterans - 20% Off","uses":93,"revenue":7235.0,"discounts":1808.75,"units":242.0,"cost":3448.6248922348022,"margin":52.3,"discount_depth":40.0},{"deal_name":"Senior - 10% Off","uses":90,"revenue":6851.25,"discounts":761.25,"units":206.0,"cost":2946.1249136924744,"margin":57.0,"discount_depth":20.0},{"deal_name":"Veterans - 10% Off","uses":54,"revenue":3821.25,"discounts":441.25,"units":114.0,"cost":1638.274953365326,"margin":57.1,"discount_depth":20.8},{"deal_name":"BondRoad 1/4 for $45","uses":47,"revenue":5400.0,"discounts":1200.0,"units":192.0,"cost":2766.3999462127686,"margin":48.8,"discount_depth":36.4},{"deal_name":"BondRoad 1/4 for $50","uses":47,"revenue":5737.5,"discounts":1912.5,"units":204.0,"cost":2937.0499181747437,"margin":48.8,"discount_depth":50.0},{"deal_name":"30% Off Special","uses":16,"revenue":1680.0,"discounts":720.0,"units":64.0,"cost":925.5999755859375,"margin":44.9,"discount_depth":60.0},{"deal_name":"Jackpot - Locals 30% Off","uses":15,"revenue":1417.5,"discounts":607.5,"units":54.0,"cost":779.0749788284302,"margin":45.0,"discount_depth":60.0},{"deal_name":"LVAC - 25% Off","uses":2,"revenue":112.5,"discounts":37.5,"units":4.0,"cost":57.849998474121094,"margin":48.6,"discount_depth":50.0},{"deal_name":"Employee - 40% OFF","uses":1,"revenue":45.0,"discounts":30.0,"units":2.0,"cost":27.974998950958252,"margin":37.8,"discount_depth":80.0}]},"growth_opportunities":[{"type":"distribution","title":"Expand to Elevation Downtown","detail":"Store has $129,972 in FLOWER \u2014 categories where BOND ROAD competes.","priority":"high"},{"type":"distribution","title":"Expand to Elevation Parkway","detail":"Store has $1,718,919 in FLOWER \u2014 categories where BOND ROAD competes.","priority":"high"},{"type":"sku_expansion","title":"Add 'GLUEBALL EIGHTH - BOND ROAD' to 1 more store(s)","detail":"Carried in 4 stores. Missing from: Elevation Oasis","priority":"medium"},{"type":"velocity","title":"Improve velocity in FLOWER","detail":"Velocity index 26 (below category average). 7.3 units/day vs 27.8 avg.","priority":"medium"}],"trend":[{"period":"2024-01","revenue":60674.9755859375,"cost":29949.72412109375,"margin":50.6,"units":2104,"transactions":1764,"profit":30725.25146484375,"revenue_change_pct":null,"units_change_pct":null,"margin_change_pts":null},{"period":"2024-02","revenue":54343.57421875,"cost":25471.84814453125,"margin":53.1,"units":1768,"transactions":1526,"profit":28871.72607421875,"revenue_change_pct":-10.4,"units_change_pct":-16.0,"margin_change_pts":2.5},{"period":"2024-03","revenue":53062.5,"cost":24923.1494140625,"margin":53.0,"units":1752,"transactions":1544,"profit":28139.3505859375,"revenue_change_pct":-2.4,"units_change_pct":-0.9,"margin_change_pts":-0.1},{"period":"2024-04","revenue":27896.25,"cost":13249.874267578125,"margin":52.5,"units":922,"transactions":810,"profit":14646.375732421875,"revenue_change_pct":-47.4,"units_change_pct":-47.4,"margin_change_pts":-0.5},{"period":"2024-05","revenue":51451.25,"cost":24713.1494140625,"margin":52.0,"units":1716,"transactions":1454,"profit":26738.1005859375,"revenue_change_pct":84.4,"units_change_pct":86.1,"margin_change_pts":-0.5},{"period":"2024-06","revenue":25637.5,"cost":12104.27490234375,"margin":52.8,"units":842,"transactions":710,"profit":13533.22509765625,"revenue_change_pct":-50.2,"units_change_pct":-50.9,"margin_change_pts":0.8},{"period":"2024-07","revenue":19771.25,"cost":9159.199829101562,"margin":53.7,"units":636,"transactions":564,"profit":10612.05078125,"revenue_change_pct":-22.9,"units_change_pct":-24.5,"margin_change_pts":0.9},{"period":"2024-08","revenue":27482.5,"cost":14279.674072265625,"margin":48.0,"units":998,"transactions":620,"profit":13202.825927734375,"revenue_change_pct":39.0,"units_change_pct":56.9,"margin_change_pts":-5.6},{"period":"2024-09","revenue":9835.72509765625,"cost":5479.07470703125,"margin":44.3,"units":382,"transactions":310,"profit":4356.650085449219,"revenue_change_pct":-64.2,"units_change_pct":-61.7,"margin_change_pts":-3.7}]}