{"brand":"GARCIAS HANDPICKED","date_range":"2024-01-01 00:00:00 to 2026-01-31 00:00:00","period_label":"All Time","summary":{"total_units":100,"total_revenue":3048.75,"total_cost":3137.5,"total_discounts":88.75,"total_profit":-88.75,"overall_margin":-2.9000000953674316,"fp_margin":0.0,"disc_margin":-59.70000076293945,"pct_full_price":95.0999984741211,"avg_discount_rate":2.799999952316284,"fp_revenue":2900.0,"disc_revenue":148.75,"brand":"GARCIAS HANDPICKED","date_range":"2024-01-01 00:00:00 to 2026-01-31 00:00:00","primary_category":"APPAREL","store_coverage":"1/7","stores_present":["Elevation Parkway"],"stores_missing":["Elevation Springs","Elevation Mesa","Elevation Oasis","Elevation Downtown","Elevation Midtown","Elevation Boulevard"],"velocity_rank":4,"velocity_total":8},"distribution":[{"store":"Elevation Springs","carries_brand":false,"sku_count":0,"revenue":0.0,"units":0,"store_total_revenue":51138750.0,"brand_share_pct":0},{"store":"Elevation Mesa","carries_brand":false,"sku_count":0,"revenue":0.0,"units":0,"store_total_revenue":47532240.0,"brand_share_pct":0},{"store":"Elevation Oasis","carries_brand":false,"sku_count":0,"revenue":0.0,"units":0,"store_total_revenue":56050145.0,"brand_share_pct":0},{"store":"Elevation Downtown","carries_brand":false,"sku_count":0,"revenue":0.0,"units":0,"store_total_revenue":1945237.1875,"brand_share_pct":0},{"store":"Elevation Midtown","carries_brand":false,"sku_count":0,"revenue":0.0,"units":0,"store_total_revenue":30850185.0,"brand_share_pct":0},{"store":"Elevation Boulevard","carries_brand":false,"sku_count":0,"revenue":0.0,"units":0,"store_total_revenue":28757865.0,"brand_share_pct":0},{"store":"Elevation Parkway","carries_brand":true,"sku_count":10,"revenue":3048.75,"units":100,"store_total_revenue":21987007.5,"brand_share_pct":0.0}],"share_of_category":[{"category":"APPAREL","brand_revenue":3048.75,"category_revenue":37619.05029296875,"revenue_share_pct":8.100000381469727,"brand_units":100,"category_units":1088,"units_share_pct":9.2}],"share_of_category_trend":{"APPAREL":[{"period":"2024-01","brand_revenue":0.0,"category_revenue":300.0,"share_pct":0.0},{"period":"2024-02","brand_revenue":0.0,"category_revenue":837.5,"share_pct":0.0},{"period":"2024-03","brand_revenue":0.0,"category_revenue":1097.4250030517578,"share_pct":0.0},{"period":"2024-04","brand_revenue":0.0,"category_revenue":770.625,"share_pct":0.0},{"period":"2024-05","brand_revenue":3048.75,"category_revenue":4345.0,"share_pct":70.19999694824219},{"period":"2024-06","brand_revenue":0.0,"category_revenue":5618.75,"share_pct":0.0},{"period":"2024-07","brand_revenue":0.0,"category_revenue":3827.5,"share_pct":0.0},{"period":"2024-08","brand_revenue":0.0,"category_revenue":822.5,"share_pct":0.0},{"period":"2024-09","brand_revenue":0.0,"category_revenue":810.0,"share_pct":0.0},{"period":"2024-10","brand_revenue":0.0,"category_revenue":493.75,"share_pct":0.0},{"period":"2024-11","brand_revenue":0.0,"category_revenue":2087.5,"share_pct":0.0},{"period":"2024-12","brand_revenue":0.0,"category_revenue":928.125,"share_pct":0.0},{"period":"2025-01","brand_revenue":0.0,"category_revenue":702.5,"share_pct":0.0},{"period":"2025-02","brand_revenue":0.0,"category_revenue":268.75,"share_pct":0.0},{"period":"2025-03","brand_revenue":0.0,"category_revenue":382.5,"share_pct":0.0},{"period":"2025-04","brand_revenue":0.0,"category_revenue":421.25,"share_pct":0.0},{"period":"2025-05","brand_revenue":0.0,"category_revenue":879.4999694824219,"share_pct":0.0},{"period":"2025-06","brand_revenue":0.0,"category_revenue":525.0,"share_pct":0.0},{"period":"2025-07","brand_revenue":0.0,"category_revenue":218.75,"share_pct":0.0},{"period":"2025-08","brand_revenue":0.0,"category_revenue":1616.25,"share_pct":0.0},{"period":"2025-09","brand_revenue":0.0,"category_revenue":920.0,"share_pct":0.0},{"period":"2025-10","brand_revenue":0.0,"category_revenue":1917.5,"share_pct":0.0},{"period":"2025-11","brand_revenue":0.0,"category_revenue":3255.3750610351562,"share_pct":0.0},{"period":"2025-12","brand_revenue":0.0,"category_revenue":2027.5,"share_pct":0.0},{"period":"2026-01","brand_revenue":0.0,"category_revenue":2545.500030517578,"share_pct":0.0}]},"velocity_by_category":[{"category":"APPAREL","brand_units_per_day":0.14,"category_avg_units_per_day":0.18,"velocity_index":73.5,"brand_rev_per_unit":24.39,"category_rev_per_unit":27.66,"brands_in_category":8}],"store_gaps":[{"store":"Elevation Oasis","category":"APPAREL","category_revenue_at_store":13742.8759765625,"opportunity":"Brand not carried"},{"store":"Elevation Midtown","category":"APPAREL","category_revenue_at_store":2118.6749267578125,"opportunity":"Brand not carried"},{"store":"Elevation Downtown","category":"APPAREL","category_revenue_at_store":2012.5,"opportunity":"Brand not carried"},{"store":"Elevation Mesa","category":"APPAREL","category_revenue_at_store":1474.375,"opportunity":"Brand not carried"},{"store":"Elevation Springs","category":"APPAREL","category_revenue_at_store":1437.5,"opportunity":"Brand not carried"},{"store":"Elevation Boulevard","category":"APPAREL","category_revenue_at_store":1302.5,"opportunity":"Brand not carried"}],"product_mix":{"top":[{"product":"Pickin V Dye Shirt - GARCIA","units":42,"revenue":1275.0,"cost":1312.5,"profit":-37.5,"stores":1,"transactions":40,"margin":-2.9000000953674316},{"product":"Scuba Jerry Shirt - GARCIA","units":30,"revenue":931.25,"cost":937.5,"profit":-6.25,"stores":1,"transactions":26,"margin":-0.699999988079071},{"product":"Set List Pocket Tee - GARCIA","units":12,"revenue":450.0,"cost":450.0,"profit":0.0,"stores":1,"transactions":12,"margin":0.0},{"product":"Jerry Garcia Pick Hat - GARCIA","units":10,"revenue":205.0,"cost":250.0,"profit":-45.0,"stores":1,"transactions":10,"margin":-22.0},{"product":"Tripple Dose Shirt - GARCIA","units":6,"revenue":187.5,"cost":187.5,"profit":0.0,"stores":1,"transactions":6,"margin":0.0}],"bottom":[],"expansion":[]},"pricing_consistency":[],"promotional_effectiveness":{"lift":{"fp_units_per_day":6.58,"disc_units_per_day":2.66,"lift_pct":-59.4,"fp_avg_revenue_per_unit":63.05,"disc_avg_revenue_per_unit":37.2},"by_deal":[{"deal_name":"Industry - 30% Off","uses":1,"revenue":87.5,"discounts":37.5,"units":4.0,"cost":125.0,"margin":-42.9,"discount_depth":60.0}]},"growth_opportunities":[{"type":"distribution","title":"Expand to Elevation Springs","detail":"Store has $575 in APPAREL \u2014 categories where GARCIAS HANDPICKED competes.","priority":"medium"},{"type":"distribution","title":"Expand to Elevation Mesa","detail":"Store has $590 in APPAREL \u2014 categories where GARCIAS HANDPICKED competes.","priority":"medium"},{"type":"distribution","title":"Expand to Elevation Oasis","detail":"Store has $5,497 in APPAREL \u2014 categories where GARCIAS HANDPICKED competes.","priority":"medium"},{"type":"distribution","title":"Expand to Elevation Downtown","detail":"Store has $805 in APPAREL \u2014 categories where GARCIAS HANDPICKED competes.","priority":"medium"},{"type":"distribution","title":"Expand to Elevation Midtown","detail":"Store has $847 in APPAREL \u2014 categories where GARCIAS HANDPICKED competes.","priority":"medium"},{"type":"distribution","title":"Expand to Elevation Boulevard","detail":"Store has $521 in APPAREL \u2014 categories where GARCIAS HANDPICKED competes.","priority":"medium"},{"type":"velocity","title":"Improve velocity in APPAREL","detail":"Velocity index 74 (below category average). 0.1 units/day vs 0.1 avg.","priority":"medium"}],"trend":[{"period":"2024-05","revenue":3048.75,"cost":3137.5,"margin":-2.9,"units":100,"transactions":84,"profit":-88.75,"revenue_change_pct":null,"units_change_pct":null,"margin_change_pts":null}]}