{"brand":"GARCIAS HANDPICKED","date_range":"2024-01-01 00:00:00 to 2026-01-31 00:00:00","period_label":"All Time","summary":{"total_units":50,"total_revenue":1219.5,"total_cost":1255.0,"total_discounts":35.5,"total_profit":-35.5,"overall_margin":-2.9000000953674316,"fp_margin":0.0,"disc_margin":-59.70000076293945,"pct_full_price":95.0999984741211,"avg_discount_rate":2.799999952316284,"fp_revenue":1160.0,"disc_revenue":59.5,"unique_customers":40,"brand":"GARCIAS HANDPICKED","date_range":"2024-01-01 00:00:00 to 2026-01-31 00:00:00","months_count":1,"avg_monthly_cost":1255.0,"cost_per_unit":25.1,"primary_category":"APPAREL","primary_cat_margin":35.099998474121094,"category_rank":5,"category_total":8,"margin_vs_category":-38.0,"velocity_rank":4},"category_breakdown":[{"category_clean":"APPAREL","units":50,"revenue":1219.5,"cost":1255.0,"profit":-35.5,"discounts":35.5,"margin":-2.9000000953674316,"category_avg_margin":35.099998474121094,"vs_category":-38.0,"rank":5.0,"total_brands":8.0}],"trend":[{"period":"2024-05","revenue":1219.5,"cost":1255.0,"margin":-2.9,"units":50,"transactions":42,"profit":-35.5,"revenue_change_pct":null,"units_change_pct":null,"margin_change_pts":null}],"share_of_category":[{"category":"APPAREL","brand_revenue":1219.5,"category_revenue":15047.6201171875,"revenue_share_pct":8.100000381469727,"brand_units":50,"category_units":544,"units_share_pct":9.2}],"share_of_category_trend":{"APPAREL":[{"period":"2024-01","brand_revenue":0.0,"category_revenue":120.0,"share_pct":0.0},{"period":"2024-02","brand_revenue":0.0,"category_revenue":335.0,"share_pct":0.0},{"period":"2024-03","brand_revenue":0.0,"category_revenue":438.9700012207031,"share_pct":0.0},{"period":"2024-04","brand_revenue":0.0,"category_revenue":308.25,"share_pct":0.0},{"period":"2024-05","brand_revenue":1219.5,"category_revenue":1738.0,"share_pct":70.19999694824219},{"period":"2024-06","brand_revenue":0.0,"category_revenue":2247.5,"share_pct":0.0},{"period":"2024-07","brand_revenue":0.0,"category_revenue":1531.0,"share_pct":0.0},{"period":"2024-08","brand_revenue":0.0,"category_revenue":329.0,"share_pct":0.0},{"period":"2024-09","brand_revenue":0.0,"category_revenue":324.0,"share_pct":0.0},{"period":"2024-10","brand_revenue":0.0,"category_revenue":197.5,"share_pct":0.0},{"period":"2024-11","brand_revenue":0.0,"category_revenue":835.0,"share_pct":0.0},{"period":"2024-12","brand_revenue":0.0,"category_revenue":371.25,"share_pct":0.0},{"period":"2025-01","brand_revenue":0.0,"category_revenue":281.0,"share_pct":0.0},{"period":"2025-02","brand_revenue":0.0,"category_revenue":107.5,"share_pct":0.0},{"period":"2025-03","brand_revenue":0.0,"category_revenue":153.0,"share_pct":0.0},{"period":"2025-04","brand_revenue":0.0,"category_revenue":168.5,"share_pct":0.0},{"period":"2025-05","brand_revenue":0.0,"category_revenue":351.79998779296875,"share_pct":0.0},{"period":"2025-06","brand_revenue":0.0,"category_revenue":210.0,"share_pct":0.0},{"period":"2025-07","brand_revenue":0.0,"category_revenue":87.5,"share_pct":0.0},{"period":"2025-08","brand_revenue":0.0,"category_revenue":646.5,"share_pct":0.0},{"period":"2025-09","brand_revenue":0.0,"category_revenue":368.0,"share_pct":0.0},{"period":"2025-10","brand_revenue":0.0,"category_revenue":767.0,"share_pct":0.0},{"period":"2025-11","brand_revenue":0.0,"category_revenue":1302.1500244140625,"share_pct":0.0},{"period":"2025-12","brand_revenue":0.0,"category_revenue":811.0,"share_pct":0.0},{"period":"2026-01","brand_revenue":0.0,"category_revenue":1018.2000122070312,"share_pct":0.0}]},"discount_depth":[{"tier":"0% (Full Price)","transactions":44,"pct_of_transactions":93.6,"revenue":1160.0,"avg_discount":0.0},{"tier":"1-10%","transactions":1,"pct_of_transactions":2.1,"revenue":22.5,"avg_discount":10.0},{"tier":"11-20%","transactions":0,"pct_of_transactions":0.0,"revenue":0.0,"avg_discount":0},{"tier":"21-30%","transactions":0,"pct_of_transactions":0.0,"revenue":0.0,"avg_discount":0},{"tier":"31%+","transactions":1,"pct_of_transactions":2.1,"revenue":2.0,"avg_discount":90.0}],"velocity":{"units_per_day":3.12,"revenue_per_day":76.22000122070312,"avg_units_per_txn":1.19,"days_of_data":16,"total_units":50,"total_transactions":42},"velocity_by_category":[{"category":"APPAREL","brand_units_per_day":0.07,"category_avg_units_per_day":0.09,"velocity_index":73.5,"brand_rev_per_unit":24.39,"category_rev_per_unit":27.66,"brands_in_category":8}],"deals":[{"deal_name":"Industry - 30% Off","times_used":1,"units":2.0,"revenue":35.0,"discounts":15.0,"cost":50.0,"profit":-15.0,"pre_discount_revenue":50.0,"margin":-42.9,"avg_discount":30.0}],"top_products":[{"product":"Pickin V Dye Shirt - GARCIA","units":21,"revenue":510.0,"cost":525.0,"profit":-15.0,"transactions":20,"margin":-2.9000000953674316},{"product":"Scuba Jerry Shirt - GARCIA","units":15,"revenue":372.5,"cost":375.0,"profit":-2.5,"transactions":13,"margin":-0.699999988079071},{"product":"Set List Pocket Tee - GARCIA","units":6,"revenue":180.0,"cost":180.0,"profit":0.0,"transactions":6,"margin":0.0},{"product":"Jerry Garcia Pick Hat - GARCIA","units":5,"revenue":82.0,"cost":100.0,"profit":-18.0,"transactions":5,"margin":-22.0},{"product":"Tripple Dose Shirt - GARCIA","units":3,"revenue":75.0,"cost":75.0,"profit":0.0,"transactions":3,"margin":0.0}],"products_by_store":{"Thrive Sammy":[{"product":"Pickin V Dye Shirt - GARCIA","units":21,"revenue":510.0,"cost":525.0,"profit":-15.0,"transactions":20,"margin":-2.9000000953674316},{"product":"Scuba Jerry Shirt - GARCIA","units":15,"revenue":372.5,"cost":375.0,"profit":-2.5,"transactions":13,"margin":-0.699999988079071},{"product":"Set List Pocket Tee - GARCIA","units":6,"revenue":180.0,"cost":180.0,"profit":0.0,"transactions":6,"margin":0.0},{"product":"Jerry Garcia Pick Hat - GARCIA","units":5,"revenue":82.0,"cost":100.0,"profit":-18.0,"transactions":5,"margin":-22.0},{"product":"Tripple Dose Shirt - GARCIA","units":3,"revenue":75.0,"cost":75.0,"profit":0.0,"transactions":3,"margin":0.0}]},"store_summary":[{"store_clean":"Thrive Sammy","units":50,"revenue":1219.5,"cost":1255.0,"profit":-35.5,"discounts":35.5,"margin":-2.9000000953674316,"discount_rate":2.799999952316284}],"recommendations":[{"severity":"red","title":"APPAREL: BELOW CATEGORY AVERAGE","detail":"Margin (-2.9%) is 38 pts below APPAREL average. Ranked #5 of 8. Strong case for cost negotiation.","action":"Request 19% cost reduction or evaluate alternative APPAREL brands."},{"severity":"yellow","title":"CATEGORY BENCHMARK GAP","detail":"Overall margin (-2.9%) trails APPAREL average (35.1%) by 38.0 pts.","action":"Negotiate cost reduction or increase retail price."},{"severity":"red","title":"LOW DISCOUNTED MARGIN","detail":"Margin drops to -59.7% when discounted.","action":"Cap discount depth at 20% or negotiate lower wholesale cost."}],"comparison":null}