{"brand":"YOCAN","date_range":"2024-01-01 00:00:00 to 2026-01-31 00:00:00","period_label":"All Time","summary":{"total_units":7334,"total_revenue":211062.4609375,"total_cost":80015.498046875,"total_discounts":28742.548828125,"total_profit":131046.953125,"overall_margin":62.099998474121094,"fp_margin":66.30000305175781,"disc_margin":54.0,"pct_full_price":65.80000305175781,"avg_discount_rate":12.0,"fp_revenue":138777.5,"disc_revenue":72284.951171875,"brand":"YOCAN","date_range":"2024-01-01 00:00:00 to 2026-01-31 00:00:00","primary_category":"BATTERY","store_coverage":"6/7","stores_present":["Elevation Springs","Elevation Mesa","Elevation Oasis","Elevation Midtown","Elevation Boulevard","Elevation Parkway"],"stores_missing":["Elevation Downtown"],"velocity_rank":3,"velocity_total":19},"distribution":[{"store":"Elevation Springs","carries_brand":true,"sku_count":6,"revenue":20508.2763671875,"units":736,"store_total_revenue":51138750.0,"brand_share_pct":0.0},{"store":"Elevation Mesa","carries_brand":true,"sku_count":6,"revenue":15018.9501953125,"units":558,"store_total_revenue":47532240.0,"brand_share_pct":0.0},{"store":"Elevation Oasis","carries_brand":true,"sku_count":10,"revenue":93243.5546875,"units":3194,"store_total_revenue":56050145.0,"brand_share_pct":0.20000000298023224},{"store":"Elevation Downtown","carries_brand":false,"sku_count":0,"revenue":0.0,"units":0,"store_total_revenue":1945237.1875,"brand_share_pct":0},{"store":"Elevation Midtown","carries_brand":true,"sku_count":26,"revenue":29127.1240234375,"units":838,"store_total_revenue":30850185.0,"brand_share_pct":0.10000000149011612},{"store":"Elevation Boulevard","carries_brand":true,"sku_count":6,"revenue":34960.17578125,"units":1356,"store_total_revenue":28757865.0,"brand_share_pct":0.10000000149011612},{"store":"Elevation Parkway","carries_brand":true,"sku_count":6,"revenue":18204.375,"units":652,"store_total_revenue":21987007.5,"brand_share_pct":0.10000000149011612}],"share_of_category":[{"category":"BATTERY","brand_revenue":172833.3984375,"category_revenue":1041867.1875,"revenue_share_pct":16.600000381469727,"brand_units":6062,"category_units":41118,"units_share_pct":14.7},{"category":"ACCESSORY","brand_revenue":37904.0478515625,"category_revenue":4128754.0625,"revenue_share_pct":0.8999999761581421,"brand_units":1268,"category_units":2130096,"units_share_pct":0.1},{"category":0.0,"brand_revenue":0.0,"category_revenue":0.0,"revenue_share_pct":0.0,"brand_units":0,"category_units":0,"units_share_pct":0.0}],"share_of_category_trend":{"BATTERY":[{"period":"2024-01","brand_revenue":23181.25,"category_revenue":78523.75,"share_pct":29.5},{"period":"2024-02","brand_revenue":31010.625,"category_revenue":79510.9765625,"share_pct":39.0},{"period":"2024-03","brand_revenue":35489.326171875,"category_revenue":80066.9482421875,"share_pct":44.29999923706055},{"period":"2024-04","brand_revenue":17572.5,"category_revenue":65688.7744140625,"share_pct":26.799999237060547},{"period":"2024-05","brand_revenue":7665.625,"category_revenue":61493.57421875,"share_pct":12.5},{"period":"2024-06","brand_revenue":12423.75,"category_revenue":67340.751953125,"share_pct":18.399999618530273},{"period":"2024-07","brand_revenue":17628.75,"category_revenue":70591.1767578125,"share_pct":25.0},{"period":"2024-08","brand_revenue":9516.25,"category_revenue":64657.8759765625,"share_pct":14.699999809265137},{"period":"2024-09","brand_revenue":1040.7749938964844,"category_revenue":52538.3740234375,"share_pct":2.0},{"period":"2024-10","brand_revenue":303.125,"category_revenue":49278.92578125,"share_pct":0.6000000238418579},{"period":"2024-11","brand_revenue":181.25,"category_revenue":39889.69970703125,"share_pct":0.5},{"period":"2024-12","brand_revenue":0.0,"category_revenue":38273.87451171875,"share_pct":0.0},{"period":"2025-01","brand_revenue":1544.7500610351562,"category_revenue":24301.0498046875,"share_pct":6.400000095367432},{"period":"2025-02","brand_revenue":2175.625,"category_revenue":15730.625,"share_pct":13.800000190734863},{"period":"2025-03","brand_revenue":1262.5,"category_revenue":17904.124755859375,"share_pct":7.099999904632568},{"period":"2025-04","brand_revenue":2276.875,"category_revenue":17018.02490234375,"share_pct":13.399999618530273},{"period":"2025-05","brand_revenue":2412.5,"category_revenue":21588.3740234375,"share_pct":11.199999809265137},{"period":"2025-06","brand_revenue":790.625,"category_revenue":20285.274658203125,"share_pct":3.9000000953674316},{"period":"2025-07","brand_revenue":737.5,"category_revenue":26462.7490234375,"share_pct":2.799999952316284},{"period":"2025-08","brand_revenue":1068.75,"category_revenue":27441.025390625,"share_pct":3.9000000953674316},{"period":"2025-09","brand_revenue":1184.375,"category_revenue":24531.35009765625,"share_pct":4.800000190734863},{"period":"2025-10","brand_revenue":1153.125,"category_revenue":27787.275390625,"share_pct":4.099999904632568},{"period":"2025-11","brand_revenue":821.875,"category_revenue":23690.8251953125,"share_pct":3.5},{"period":"2025-12","brand_revenue":746.875,"category_revenue":24923.798828125,"share_pct":3.0},{"period":"2026-01","brand_revenue":644.7999572753906,"category_revenue":22347.9248046875,"share_pct":2.9000000953674316}],"ACCESSORY":[{"period":"2024-01","brand_revenue":0.0,"category_revenue":153543.9453125,"share_pct":0.0},{"period":"2024-02","brand_revenue":0.0,"category_revenue":152399.47265625,"share_pct":0.0},{"period":"2024-03","brand_revenue":0.0,"category_revenue":154678.876953125,"share_pct":0.0},{"period":"2024-04","brand_revenue":0.0,"category_revenue":163353.65234375,"share_pct":0.0},{"period":"2024-05","brand_revenue":0.0,"category_revenue":179676.4453125,"share_pct":0.0},{"period":"2024-06","brand_revenue":0.0,"category_revenue":185008.828125,"share_pct":0.0},{"period":"2024-07","brand_revenue":0.0,"category_revenue":186675.46875,"share_pct":0.0},{"period":"2024-08","brand_revenue":0.0,"category_revenue":180226.328125,"share_pct":0.0},{"period":"2024-09","brand_revenue":337.5,"category_revenue":162386.298828125,"share_pct":0.20000000298023224},{"period":"2024-10","brand_revenue":0.0,"category_revenue":166088.73046875,"share_pct":0.0},{"period":"2024-11","brand_revenue":262.5,"category_revenue":171706.09375,"share_pct":0.20000000298023224},{"period":"2024-12","brand_revenue":0.0,"category_revenue":176502.03125,"share_pct":0.0},{"period":"2025-01","brand_revenue":150.0,"category_revenue":167261.34765625,"share_pct":0.10000000149011612},{"period":"2025-02","brand_revenue":825.0,"category_revenue":155260.927734375,"share_pct":0.5},{"period":"2025-03","brand_revenue":1018.75,"category_revenue":176420.390625,"share_pct":0.6000000238418579},{"period":"2025-04","brand_revenue":1271.500015258789,"category_revenue":182694.82421875,"share_pct":0.699999988079071},{"period":"2025-05","brand_revenue":1132.5,"category_revenue":179904.4921875,"share_pct":0.6000000238418579},{"period":"2025-06","brand_revenue":515.0,"category_revenue":161148.75,"share_pct":0.30000001192092896},{"period":"2025-07","brand_revenue":0.0,"category_revenue":165549.8046875,"share_pct":0.0},{"period":"2025-08","brand_revenue":3230.0,"category_revenue":171752.05078125,"share_pct":1.899999976158142},{"period":"2025-09","brand_revenue":1547.5,"category_revenue":168198.9453125,"share_pct":0.8999999761581421},{"period":"2025-10","brand_revenue":6025.0,"category_revenue":171844.55078125,"share_pct":3.5},{"period":"2025-11","brand_revenue":8275.4248046875,"category_revenue":172839.74609375,"share_pct":4.800000190734863},{"period":"2025-12","brand_revenue":8622.125244140625,"category_revenue":141954.873046875,"share_pct":6.099999904632568},{"period":"2026-01","brand_revenue":4691.25,"category_revenue":81677.1484375,"share_pct":5.699999809265137}]},"velocity_by_category":[{"category":"BATTERY","brand_units_per_day":7.96,"category_avg_units_per_day":2.84,"velocity_index":280.1,"brand_rev_per_unit":22.81,"category_rev_per_unit":20.27,"brands_in_category":19},{"category":"ACCESSORY","brand_units_per_day":1.66,"category_avg_units_per_day":20.56,"velocity_index":8.1,"brand_rev_per_unit":23.91,"category_rev_per_unit":1.55,"brands_in_category":136},{"category":0.0,"brand_units_per_day":0.0,"category_avg_units_per_day":0,"velocity_index":0,"brand_rev_per_unit":0.0,"category_rev_per_unit":0.0,"brands_in_category":0}],"store_gaps":[{"store":"Elevation Springs","category":"ACCESSORY","category_revenue_at_store":898382.421875,"opportunity":"Category not carried at this store"},{"store":"Elevation Mesa","category":"ACCESSORY","category_revenue_at_store":552719.140625,"opportunity":"Category not carried at this store"},{"store":"Elevation Boulevard","category":"ACCESSORY","category_revenue_at_store":466482.890625,"opportunity":"Category not carried at this store"},{"store":"Elevation Parkway","category":"ACCESSORY","category_revenue_at_store":435759.453125,"opportunity":"Category not carried at this store"},{"store":"Elevation Downtown","category":"ACCESSORY","category_revenue_at_store":61539.7021484375,"opportunity":"Brand not carried"},{"store":"Elevation Downtown","category":"BATTERY","category_revenue_at_store":6820.7501220703125,"opportunity":"Brand not carried"}],"product_mix":{"top":[{"product":"ZIVA INCOGNITO CARTRIDGE BATTERY - YOCAN","units":3398,"revenue":95849.27734375,"cost":35641.25,"profit":60208.02734375,"stores":6,"transactions":3364,"margin":62.79999923706055},{"product":"VERVE INCOGNITO CART BATTERY - YOCAN","units":1922,"revenue":52661.6259765625,"cost":20496.25,"profit":32165.3759765625,"stores":6,"transactions":1904,"margin":61.099998474121094},{"product":"INCOGNITO CART BATTERY","units":1032,"revenue":27713.798828125,"cost":9030.0,"profit":18683.800048828125,"stores":1,"transactions":1002,"margin":67.4000015258789},{"product":"Ziva PRO Incognito Battery","units":742,"revenue":24322.5,"cost":9738.75,"profit":14583.75,"stores":6,"transactions":732,"margin":60.0},{"product":"KODO PRO BATTERY","units":124,"revenue":3190.0,"cost":1400.0,"profit":1790.0,"stores":1,"transactions":106,"margin":56.099998474121094},{"product":"WULF RAZR","units":22,"revenue":1743.75,"cost":742.2249603271484,"profit":1001.5249633789062,"stores":1,"transactions":22,"margin":57.400001525878906},{"product":"Yocan Vane","units":22,"revenue":1635.0,"cost":797.2249603271484,"profit":837.7750396728516,"stores":1,"transactions":22,"margin":51.20000076293945},{"product":"WULF UNI X","units":18,"revenue":1075.0,"cost":404.77500915527344,"profit":670.2249908447266,"stores":1,"transactions":16,"margin":62.29999923706055},{"product":"Yokan Kodo Knife kit","units":34,"revenue":994.0000152587891,"cost":472.17498779296875,"profit":521.8249893188477,"stores":1,"transactions":32,"margin":52.5},{"product":"WULF FANG","units":4,"revenue":500.0,"cost":399.94998931884766,"profit":100.05000114440918,"stores":1,"transactions":4,"margin":20.0},{"product":"Torch XL E-Nail","units":6,"revenue":487.5,"cost":239.9250030517578,"profit":247.5749969482422,"stores":1,"transactions":6,"margin":50.79999923706055},{"product":"CELESTIAL DAB RIG","units":2,"revenue":337.5,"cost":274.9749946594238,"profit":62.52500057220459,"stores":1,"transactions":2,"margin":18.5},{"product":"PHASER ELECTRIC DAB RIG","units":2,"revenue":262.5,"cost":264.9749946594238,"profit":-2.475000023841858,"stores":1,"transactions":2,"margin":-0.8999999761581421},{"product":"YOCAN SLATE TORCH","units":2,"revenue":150.0,"cost":57.47499942779541,"profit":92.52499580383301,"stores":1,"transactions":2,"margin":61.70000076293945},{"product":"WULF YOCAN KODO KNIFE KIT","units":4,"revenue":140.0,"cost":55.54999828338623,"profit":84.44999694824219,"stores":1,"transactions":4,"margin":60.29999923706055}],"bottom":[],"expansion":[]},"pricing_consistency":[{"product":"Ziva PRO Incognito Battery","min_price":56.96808510638298,"max_price":70.2840909090909,"avg_price":64.15363195568364,"std_dev":2.026005068133874,"store_count":12,"price_range":13.31600580270793,"range_pct":20.8},{"product":"ZIVA INCOGNITO CARTRIDGE BATTERY - YOCAN","min_price":50.64752252252252,"max_price":59.91889312977099,"avg_price":55.2551952110511,"std_dev":1.530002304445524,"store_count":12,"price_range":9.271370607248466,"range_pct":16.8},{"product":"VERVE INCOGNITO CART BATTERY - YOCAN","min_price":50.409541239265266,"max_price":59.54902912008351,"avg_price":55.05835932714859,"std_dev":1.3477549994062354,"store_count":12,"price_range":9.139487880818242,"range_pct":16.6}],"promotional_effectiveness":{"lift":{"fp_units_per_day":10.1,"disc_units_per_day":6.7,"lift_pct":-33.7,"fp_avg_revenue_per_unit":64.9,"disc_avg_revenue_per_unit":47.275},"by_deal":[{"deal_name":"Industry - 30% Off","uses":369,"revenue":16868.24998855591,"discounts":7229.250011444092,"units":744.0,"cost":8198.125,"margin":51.4,"discount_depth":60.0},{"deal_name":"Senior - 10% Off","uses":95,"revenue":5556.750009059906,"discounts":675.7499998807907,"units":192.0,"cost":2033.75,"margin":63.4,"discount_depth":21.6},{"deal_name":"Jackpot - Locals 30% Off","uses":78,"revenue":3521.2750029563904,"discounts":1546.2250006198883,"units":157.0,"cost":1603.75,"margin":54.5,"discount_depth":61.0},{"deal_name":"Industry 30% Off","uses":73,"revenue":3179.462502002716,"discounts":1404.2875003814697,"units":147.0,"cost":1577.1875,"margin":50.4,"discount_depth":61.2},{"deal_name":"Veterans - 10% Off","uses":63,"revenue":3663.2500076293945,"discounts":441.74999952316284,"units":128.0,"cost":1330.625,"margin":63.7,"discount_depth":21.6},{"deal_name":"Senior / Veterans - 20% Off","uses":31,"revenue":1551.25,"discounts":411.25,"units":62.0,"cost":641.25,"margin":58.7,"discount_depth":42.0},{"deal_name":"LVAC - 25% Off","uses":8,"revenue":375.0,"discounts":125.0,"units":16.0,"cost":175.0,"margin":53.3,"discount_depth":50.0},{"deal_name":"Employee 30% - NOT FRIDAYS","uses":7,"revenue":409.50000286102295,"discounts":175.49999713897705,"units":14.0,"cost":216.42499685287476,"margin":47.1,"discount_depth":60.0},{"deal_name":"Employee - 40% OFF","uses":3,"revenue":525.0,"discounts":350.0,"units":6.0,"cost":387.42499351501465,"margin":26.2,"discount_depth":80.0},{"deal_name":"Store Credit - $25","uses":2,"revenue":34.23749923706055,"discounts":34.51249957084656,"units":2.0,"cost":19.6875,"margin":42.5,"discount_depth":100.4},{"deal_name":"Medical - 10%","uses":1,"revenue":56.25,"discounts":6.25,"units":2.0,"cost":21.875,"margin":61.1,"discount_depth":20.0},{"deal_name":"Store Credit - $50","uses":1,"revenue":44.17500019073486,"discounts":30.824999809265137,"units":2.0,"cost":17.5,"margin":60.4,"discount_depth":82.2}]},"growth_opportunities":[{"type":"distribution","title":"Expand to Elevation Downtown","detail":"Store has $27,344 in ACCESSORY, BATTERY \u2014 categories where YOCAN competes.","priority":"high"},{"type":"velocity","title":"Improve velocity in ACCESSORY","detail":"Velocity index 8 (below category average). 0.8 units/day vs 10.3 avg.","priority":"medium"},{"type":"velocity","title":"Improve velocity in nan","detail":"Velocity index 0 (below category average). 0.0 units/day vs 0.0 avg.","priority":"medium"}],"trend":[{"period":"2024-01","revenue":23181.25,"cost":8610.625,"margin":62.9,"units":822,"transactions":802,"profit":14570.625,"revenue_change_pct":null,"units_change_pct":null,"margin_change_pts":null},{"period":"2024-02","revenue":31010.625,"cost":11403.125,"margin":63.2,"units":1096,"transactions":1072,"profit":19607.5,"revenue_change_pct":33.8,"units_change_pct":33.3,"margin_change_pts":0.4},{"period":"2024-03","revenue":35489.326171875,"cost":13189.375,"margin":62.8,"units":1252,"transactions":1228,"profit":22299.951171875,"revenue_change_pct":14.4,"units_change_pct":14.2,"margin_change_pts":-0.4},{"period":"2024-04","revenue":17572.5,"cost":6511.875,"margin":62.9,"units":616,"transactions":606,"profit":11060.625,"revenue_change_pct":-50.5,"units_change_pct":-50.8,"margin_change_pts":0.1},{"period":"2024-05","revenue":7665.625,"cost":2888.75,"margin":62.3,"units":276,"transactions":274,"profit":4776.875,"revenue_change_pct":-56.4,"units_change_pct":-55.2,"margin_change_pts":-0.6},{"period":"2024-06","revenue":12423.75,"cost":4896.25,"margin":60.6,"units":404,"transactions":396,"profit":7527.5,"revenue_change_pct":62.1,"units_change_pct":46.4,"margin_change_pts":-1.7},{"period":"2024-07","revenue":17628.75,"cost":6937.5,"margin":60.6,"units":588,"transactions":582,"profit":10691.25,"revenue_change_pct":41.9,"units_change_pct":45.5,"margin_change_pts":0.1},{"period":"2024-08","revenue":9516.25,"cost":3583.75,"margin":62.3,"units":286,"transactions":282,"profit":5932.5,"revenue_change_pct":-46.0,"units_change_pct":-51.4,"margin_change_pts":1.7},{"period":"2024-09","revenue":1378.2749938964844,"cost":693.0999755859375,"margin":49.7,"units":42,"transactions":42,"profit":685.1750183105469,"revenue_change_pct":-85.5,"units_change_pct":-85.3,"margin_change_pts":-12.6},{"period":"2024-10","revenue":303.125,"cost":127.5,"margin":57.9,"units":12,"transactions":12,"profit":175.625,"revenue_change_pct":-78.0,"units_change_pct":-71.4,"margin_change_pts":8.2},{"period":"2024-11","revenue":768.75,"cost":488.6750030517578,"margin":36.4,"units":12,"transactions":12,"profit":280.0749969482422,"revenue_change_pct":153.6,"units_change_pct":0,"margin_change_pts":-21.5},{"period":"2025-01","revenue":1694.7499084472656,"cost":713.7249755859375,"margin":57.9,"units":62,"transactions":62,"profit":981.0250091552734,"revenue_change_pct":120.5,"units_change_pct":416.7,"margin_change_pts":21.5},{"period":"2025-02","revenue":3000.625,"cost":1317.9499816894531,"margin":56.1,"units":106,"transactions":104,"profit":1682.6750183105469,"revenue_change_pct":77.1,"units_change_pct":71.0,"margin_change_pts":-1.8},{"period":"2025-03","revenue":2281.25,"cost":956.0749816894531,"margin":58.1,"units":62,"transactions":62,"profit":1325.1750183105469,"revenue_change_pct":-24.0,"units_change_pct":-41.5,"margin_change_pts":2.0},{"period":"2025-04","revenue":3548.3749389648438,"cost":1585.6500244140625,"margin":55.3,"units":124,"transactions":122,"profit":1962.7249145507812,"revenue_change_pct":55.5,"units_change_pct":100.0,"margin_change_pts":-2.8},{"period":"2025-05","revenue":3545.0,"cost":1703.2499694824219,"margin":52.0,"units":106,"transactions":102,"profit":1841.7500305175781,"revenue_change_pct":-0.1,"units_change_pct":-14.5,"margin_change_pts":-3.4},{"period":"2025-06","revenue":1305.625,"cost":538.6249923706055,"margin":58.7,"units":40,"transactions":40,"profit":766.9999694824219,"revenue_change_pct":-63.2,"units_change_pct":-62.3,"margin_change_pts":6.8},{"period":"2025-07","revenue":737.5,"cost":326.875,"margin":55.7,"units":30,"transactions":30,"profit":410.625,"revenue_change_pct":-43.5,"units_change_pct":-25.0,"margin_change_pts":-3.1},{"period":"2025-08","revenue":4298.75,"cost":1900.5999755859375,"margin":55.8,"units":166,"transactions":148,"profit":2398.1500244140625,"revenue_change_pct":482.9,"units_change_pct":453.3,"margin_change_pts":0.1},{"period":"2025-09","revenue":2731.875,"cost":1094.3250274658203,"margin":59.9,"units":100,"transactions":100,"profit":1637.550048828125,"revenue_change_pct":-36.4,"units_change_pct":-39.8,"margin_change_pts":4.2},{"period":"2025-10","revenue":7178.125,"cost":2605.5999755859375,"margin":63.7,"units":280,"transactions":272,"profit":4572.5250244140625,"revenue_change_pct":162.8,"units_change_pct":180.0,"margin_change_pts":3.8},{"period":"2025-11","revenue":9097.2998046875,"cost":3312.449951171875,"margin":63.6,"units":358,"transactions":348,"profit":5784.849853515625,"revenue_change_pct":26.7,"units_change_pct":27.9,"margin_change_pts":-0.1},{"period":"2025-12","revenue":9369.000244140625,"cost":2738.125,"margin":70.8,"units":306,"transactions":294,"profit":6630.875244140625,"revenue_change_pct":3.0,"units_change_pct":-14.5,"margin_change_pts":7.2},{"period":"2026-01","revenue":5336.0498046875,"cost":1891.7250061035156,"margin":64.5,"units":188,"transactions":186,"profit":3444.324951171875,"revenue_change_pct":-43.0,"units_change_pct":-38.6,"margin_change_pts":-6.2}]}