{"brand":"INDORUB","date_range":"2024-01-01 00:00:00 to 2026-01-31 00:00:00","period_label":"All Time","summary":{"total_units":956,"total_revenue":37342.29736328125,"total_cost":19120.0,"total_discounts":6827.7001953125,"total_profit":18222.2998046875,"overall_margin":48.79999923706055,"fp_margin":56.79999923706055,"disc_margin":40.5,"pct_full_price":51.0,"avg_discount_rate":15.5,"fp_revenue":19055.0,"disc_revenue":18287.2998046875,"unique_customers":674,"brand":"INDORUB","date_range":"2024-01-01 00:00:00 to 2026-01-31 00:00:00","months_count":22,"avg_monthly_cost":1738.175,"cost_per_unit":40.0,"primary_category":"TOPICAL","primary_cat_margin":51.0,"category_rank":3,"category_total":7,"margin_vs_category":-2.200000047683716,"velocity_rank":4},"category_breakdown":[{"category_clean":"TOPICAL","units":956,"revenue":37342.2998046875,"cost":19120.0,"profit":18222.2998046875,"discounts":6827.7001953125,"margin":48.79999923706055,"category_avg_margin":51.0,"vs_category":-2.2,"rank":3.0,"total_brands":7.0}],"trend":[{"period":"2024-11","revenue":249.75000381469727,"cost":200.0,"margin":19.9,"units":10,"transactions":8,"profit":49.749999046325684,"revenue_change_pct":null,"units_change_pct":null,"margin_change_pts":null},{"period":"2024-12","revenue":4678.175048828125,"cost":2240.0,"margin":52.1,"units":112,"transactions":88,"profit":2438.175048828125,"revenue_change_pct":1773.1,"units_change_pct":1020.0,"margin_change_pts":32.2},{"period":"2025-01","revenue":4430.7501220703125,"cost":2080.0,"margin":53.1,"units":104,"transactions":76,"profit":2350.749969482422,"revenue_change_pct":-5.3,"units_change_pct":-7.1,"margin_change_pts":0.9},{"period":"2025-02","revenue":3098.75,"cost":1440.0,"margin":53.5,"units":72,"transactions":58,"profit":1658.75,"revenue_change_pct":-30.1,"units_change_pct":-30.8,"margin_change_pts":0.5},{"period":"2025-03","revenue":3519.7750854492188,"cost":1920.0,"margin":45.5,"units":96,"transactions":80,"profit":1599.7749328613281,"revenue_change_pct":13.6,"units_change_pct":33.3,"margin_change_pts":-8.1},{"period":"2025-04","revenue":7511.099853515625,"cost":4240.0,"margin":43.6,"units":212,"transactions":156,"profit":3271.099853515625,"revenue_change_pct":113.4,"units_change_pct":120.8,"margin_change_pts":-1.9},{"period":"2025-05","revenue":3802.7499389648438,"cost":1840.0,"margin":51.6,"units":92,"transactions":60,"profit":1962.7499389648438,"revenue_change_pct":-49.4,"units_change_pct":-56.6,"margin_change_pts":8.1},{"period":"2025-06","revenue":4680.4998779296875,"cost":2520.0,"margin":46.2,"units":126,"transactions":96,"profit":2160.500030517578,"revenue_change_pct":23.1,"units_change_pct":37.0,"margin_change_pts":-5.5},{"period":"2025-07","revenue":4282.9998779296875,"cost":2040.0,"margin":52.4,"units":102,"transactions":92,"profit":2243.000030517578,"revenue_change_pct":-8.5,"units_change_pct":-19.0,"margin_change_pts":6.2},{"period":"2025-08","revenue":536.5000152587891,"cost":240.0,"margin":55.3,"units":12,"transactions":12,"profit":296.49999618530273,"revenue_change_pct":-87.5,"units_change_pct":-88.2,"margin_change_pts":2.9},{"period":"2025-09","revenue":551.25,"cost":360.0,"margin":34.7,"units":18,"transactions":16,"profit":191.25,"revenue_change_pct":2.7,"units_change_pct":50.0,"margin_change_pts":-20.6}],"share_of_category":[{"category":"TOPICAL","brand_revenue":37342.29736328125,"category_revenue":961288.59375,"revenue_share_pct":3.9000000953674316,"brand_units":956,"category_units":20876,"units_share_pct":4.6}],"share_of_category_trend":{"TOPICAL":[{"period":"2024-01","brand_revenue":0.0,"category_revenue":36155.625,"share_pct":0.0},{"period":"2024-02","brand_revenue":0.0,"category_revenue":40546.25,"share_pct":0.0},{"period":"2024-03","brand_revenue":0.0,"category_revenue":40492.37548828125,"share_pct":0.0},{"period":"2024-04","brand_revenue":0.0,"category_revenue":47283.251953125,"share_pct":0.0},{"period":"2024-05","brand_revenue":0.0,"category_revenue":44135.2490234375,"share_pct":0.0},{"period":"2024-06","brand_revenue":0.0,"category_revenue":45135.80078125,"share_pct":0.0},{"period":"2024-07","brand_revenue":0.0,"category_revenue":37561.875,"share_pct":0.0},{"period":"2024-08","brand_revenue":0.0,"category_revenue":44962.8759765625,"share_pct":0.0},{"period":"2024-09","brand_revenue":0.0,"category_revenue":40434.65087890625,"share_pct":0.0},{"period":"2024-10","brand_revenue":0.0,"category_revenue":43945.849609375,"share_pct":0.0},{"period":"2024-11","brand_revenue":249.75000381469727,"category_revenue":35443.1494140625,"share_pct":0.699999988079071},{"period":"2024-12","brand_revenue":4678.175048828125,"category_revenue":54908.6767578125,"share_pct":8.5},{"period":"2025-01","brand_revenue":4430.7501220703125,"category_revenue":41293.9990234375,"share_pct":10.699999809265137},{"period":"2025-02","brand_revenue":3098.75,"category_revenue":34815.0244140625,"share_pct":8.899999618530273},{"period":"2025-03","brand_revenue":3519.7750854492188,"category_revenue":45425.673828125,"share_pct":7.699999809265137},{"period":"2025-04","brand_revenue":7511.099853515625,"category_revenue":49624.19921875,"share_pct":15.100000381469727},{"period":"2025-05","brand_revenue":3802.7499389648438,"category_revenue":46769.27734375,"share_pct":8.100000381469727},{"period":"2025-06","brand_revenue":4680.4998779296875,"category_revenue":36023.3740234375,"share_pct":13.0},{"period":"2025-07","brand_revenue":4282.9998779296875,"category_revenue":34410.0,"share_pct":12.399999618530273},{"period":"2025-08","brand_revenue":536.5000152587891,"category_revenue":23680.0,"share_pct":2.299999952316284},{"period":"2025-09","brand_revenue":551.25,"category_revenue":23843.57421875,"share_pct":2.299999952316284},{"period":"2025-10","brand_revenue":0.0,"category_revenue":30430.07568359375,"share_pct":0.0},{"period":"2025-11","brand_revenue":0.0,"category_revenue":32425.30029296875,"share_pct":0.0},{"period":"2025-12","brand_revenue":0.0,"category_revenue":27391.6748046875,"share_pct":0.0},{"period":"2026-01","brand_revenue":0.0,"category_revenue":24150.74951171875,"share_pct":0.0}]},"discount_depth":[{"tier":"0% (Full Price)","transactions":372,"pct_of_transactions":48.2,"revenue":19055.0,"avg_discount":0.0},{"tier":"1-10%","transactions":108,"pct_of_transactions":14.0,"revenue":7076.25,"avg_discount":20.0},{"tier":"11-20%","transactions":30,"pct_of_transactions":3.9,"revenue":1555.0,"avg_discount":39.79999923706055},{"tier":"21-30%","transactions":12,"pct_of_transactions":1.6,"revenue":788.7999725341797,"avg_discount":55.79999923706055},{"tier":"31%+","transactions":82,"pct_of_transactions":10.6,"revenue":2812.249755859375,"avg_discount":98.5999984741211}],"velocity":{"units_per_day":3.14,"revenue_per_day":122.42500305175781,"avg_units_per_txn":2.58,"days_of_data":305,"total_units":956,"total_transactions":742},"velocity_by_category":[{"category":"TOPICAL","brand_units_per_day":1.26,"category_avg_units_per_day":3.92,"velocity_index":32.1,"brand_rev_per_unit":31.25,"category_rev_per_unit":36.84,"brands_in_category":7}],"deals":[{"deal_name":"30% Off Special","times_used":80,"units":102.0,"revenue":3274.2499494552612,"discounts":1403.2500314712524,"cost":2040.0,"profit":1234.2499685287476,"pre_discount_revenue":4677.5,"margin":37.7,"avg_discount":60.0},{"deal_name":"Senior - 10% Off","times_used":50,"units":70.0,"revenue":2913.749933242798,"discounts":323.75000417232513,"cost":1400.0,"profit":1513.7499332427979,"pre_discount_revenue":3237.5,"margin":52.0,"avg_discount":20.0},{"deal_name":"4/20 2025 - Edibles","times_used":30,"units":46.0,"revenue":1063.75,"discounts":1063.75,"cost":920.0,"profit":143.75,"pre_discount_revenue":2127.5,"margin":13.5,"avg_discount":100.0},{"deal_name":"Industry - 30% Off","times_used":24,"units":24.0,"revenue":776.9999885559082,"discounts":333.0000114440918,"cost":480.0,"profit":296.9999885559082,"pre_discount_revenue":1110.0,"margin":38.2,"avg_discount":60.0},{"deal_name":"INDO Topicals BOGO","times_used":16,"units":32.0,"revenue":740.1999664306641,"discounts":739.8000335693359,"cost":640.0,"profit":100.20000457763672,"pre_discount_revenue":1480.0,"margin":13.5,"avg_discount":100.0},{"deal_name":"Senior / Veterans - 20% Off","times_used":16,"units":28.0,"revenue":1036.000018119812,"discounts":259.000004529953,"cost":560.0,"profit":476.00000858306885,"pre_discount_revenue":1295.0,"margin":45.9,"avg_discount":40.0},{"deal_name":"Industry 30% Off","times_used":14,"units":18.0,"revenue":582.7499866485596,"discounts":249.75000381469727,"cost":360.0,"profit":222.74999618530273,"pre_discount_revenue":832.5,"margin":38.2,"avg_discount":60.0},{"deal_name":"AIRO / INDO 30% Off","times_used":10,"units":10.0,"revenue":320.24999618530273,"discounts":137.25000381469727,"cost":200.0,"profit":120.24999618530273,"pre_discount_revenue":457.5,"margin":37.5,"avg_discount":60.0},{"deal_name":"Employee 30% - NOT FRIDAYS","times_used":10,"units":12.0,"revenue":388.4999942779541,"discounts":166.5000057220459,"cost":240.0,"profit":148.4999942779541,"pre_discount_revenue":555.0,"margin":38.2,"avg_discount":60.0},{"deal_name":"Employee - 40% OFF","times_used":8,"units":16.0,"revenue":444.00001525878906,"discounts":296.00000381469727,"cost":320.0,"profit":123.99999618530273,"pre_discount_revenue":740.0,"margin":27.9,"avg_discount":80.0},{"deal_name":"Jackpot - Locals 30% Off","times_used":6,"units":6.0,"revenue":194.24999713897705,"discounts":83.25000286102295,"cost":120.0,"profit":74.24999713897705,"pre_discount_revenue":277.5,"margin":38.2,"avg_discount":60.0},{"deal_name":"INDO Carts + Tabs / Topicals BOGO","times_used":2,"units":8.0,"revenue":185.04999160766602,"discounts":184.95000839233398,"cost":160.0,"profit":25.05000114440918,"pre_discount_revenue":370.0,"margin":13.5,"avg_discount":100.0},{"deal_name":"Veterans - 10% Off","times_used":2,"units":2.0,"revenue":83.24999809265137,"discounts":9.25000011920929,"cost":40.0,"profit":43.24999809265137,"pre_discount_revenue":92.5,"margin":52.0,"avg_discount":20.0}],"top_products":[{"product":"2:1 CBD/THC EUCALYPTUS MOISTURIZING CREAM - INDORUB","units":358,"revenue":14002.5244140625,"cost":7160.0,"profit":6842.5250244140625,"transactions":292,"margin":48.900001525878906},{"product":"2:1 CBD/THC UNSCENTED MOISTURIZING CREAM - INDORUB","units":334,"revenue":13136.025390625,"cost":6680.0,"profit":6456.0247802734375,"transactions":240,"margin":49.099998474121094},{"product":"2:1 CBD/THC GRAPEFRUIT MOISTURIZING CREAM - INDORUB","units":264,"revenue":10203.75,"cost":5280.0,"profit":4923.75,"transactions":240,"margin":48.29999923706055}],"products_by_store":{"Elevation Springs":[{"product":"2:1 CBD/THC UNSCENTED MOISTURIZING CREAM - INDORUB","units":60,"revenue":2580.7501220703125,"cost":1200.0,"profit":1380.7499694824219,"transactions":36,"margin":53.5},{"product":"2:1 CBD/THC EUCALYPTUS MOISTURIZING CREAM - INDORUB","units":60,"revenue":2553.000030517578,"cost":1200.0,"profit":1353.0000305175781,"transactions":42,"margin":53.0},{"product":"2:1 CBD/THC GRAPEFRUIT MOISTURIZING CREAM - INDORUB","units":38,"revenue":1433.7750244140625,"cost":760.0,"profit":673.7750244140625,"transactions":34,"margin":47.0}],"Elevation Mesa":[{"product":"2:1 CBD/THC UNSCENTED MOISTURIZING CREAM - INDORUB","units":40,"revenue":1378.2499694824219,"cost":800.0,"profit":578.2500076293945,"transactions":34,"margin":42.0},{"product":"2:1 CBD/THC EUCALYPTUS MOISTURIZING CREAM - INDORUB","units":40,"revenue":1329.6749877929688,"cost":800.0,"profit":529.6749877929688,"transactions":24,"margin":39.79999923706055},{"product":"2:1 CBD/THC GRAPEFRUIT MOISTURIZING CREAM - INDORUB","units":20,"revenue":744.6499633789062,"cost":400.0,"profit":344.6500015258789,"transactions":18,"margin":46.29999923706055}],"Elevation Oasis":[{"product":"2:1 CBD/THC EUCALYPTUS MOISTURIZING CREAM - INDORUB","units":140,"revenue":5300.3497314453125,"cost":2800.0,"profit":2500.3500366210938,"transactions":118,"margin":47.20000076293945},{"product":"2:1 CBD/THC GRAPEFRUIT MOISTURIZING CREAM - INDORUB","units":128,"revenue":5170.8001708984375,"cost":2560.0,"profit":2610.7998657226562,"transactions":114,"margin":50.5},{"product":"2:1 CBD/THC UNSCENTED MOISTURIZING CREAM - INDORUB","units":138,"revenue":5152.2747802734375,"cost":2760.0,"profit":2392.274932861328,"transactions":100,"margin":46.400001525878906}],"Elevation Midtown":[{"product":"2:1 CBD/THC EUCALYPTUS MOISTURIZING CREAM - INDORUB","units":40,"revenue":1692.7499389648438,"cost":800.0,"profit":892.7500152587891,"transactions":38,"margin":52.70000076293945},{"product":"2:1 CBD/THC UNSCENTED MOISTURIZING CREAM - INDORUB","units":36,"revenue":1553.9999389648438,"cost":720.0,"profit":834.0000152587891,"transactions":32,"margin":53.70000076293945},{"product":"2:1 CBD/THC GRAPEFRUIT MOISTURIZING CREAM - INDORUB","units":40,"revenue":1411.5249633789062,"cost":800.0,"profit":611.5250015258789,"transactions":36,"margin":43.29999923706055}],"Elevation Boulevard":[{"product":"2:1 CBD/THC EUCALYPTUS MOISTURIZING CREAM - INDORUB","units":38,"revenue":1406.25,"cost":760.0,"profit":646.25,"transactions":36,"margin":46.0},{"product":"2:1 CBD/THC UNSCENTED MOISTURIZING CREAM - INDORUB","units":20,"revenue":805.7499694824219,"cost":400.0,"profit":405.75000762939453,"transactions":10,"margin":50.400001525878906},{"product":"2:1 CBD/THC GRAPEFRUIT MOISTURIZING CREAM - INDORUB","units":18,"revenue":591.9999694824219,"cost":360.0,"profit":231.9999885559082,"transactions":18,"margin":39.20000076293945}],"Elevation Parkway":[{"product":"2:1 CBD/THC EUCALYPTUS MOISTURIZING CREAM - INDORUB","units":40,"revenue":1720.5000305175781,"cost":800.0,"profit":920.5000305175781,"transactions":34,"margin":53.5},{"product":"2:1 CBD/THC UNSCENTED MOISTURIZING CREAM - INDORUB","units":40,"revenue":1665.0,"cost":800.0,"profit":865.0,"transactions":28,"margin":52.0},{"product":"2:1 CBD/THC GRAPEFRUIT MOISTURIZING CREAM - INDORUB","units":20,"revenue":850.9999847412109,"cost":400.0,"profit":450.99998474121094,"transactions":20,"margin":53.0}]},"store_summary":[{"store_clean":"Elevation Oasis","units":406,"revenue":15623.42529296875,"cost":8120.0,"profit":7503.4246826171875,"discounts":3154.0750122070312,"margin":48.0,"discount_rate":16.799999237060547},{"store_clean":"Elevation Springs","units":158,"revenue":6567.5250244140625,"cost":3160.0,"profit":3407.5250244140625,"discounts":739.9749755859375,"margin":51.900001525878906,"discount_rate":10.100000381469727},{"store_clean":"Elevation Midtown","units":116,"revenue":4658.274841308594,"cost":2320.0,"profit":2338.2749938964844,"discounts":661.7250061035156,"margin":50.20000076293945,"discount_rate":12.399999618530273},{"store_clean":"Elevation Parkway","units":100,"revenue":4236.499938964844,"cost":2000.0,"profit":2236.4999389648438,"discounts":388.49998474121094,"margin":52.79999923706055,"discount_rate":8.399999618530273},{"store_clean":"Elevation Mesa","units":100,"revenue":3452.5750732421875,"cost":2000.0,"profit":1452.5749206542969,"discounts":1172.4250030517578,"margin":42.099998474121094,"discount_rate":25.299999237060547},{"store_clean":"Elevation Boulevard","units":76,"revenue":2803.9999389648438,"cost":1520.0,"profit":1283.9999389648438,"discounts":710.9999847412109,"margin":45.79999923706055,"discount_rate":20.200000762939453}],"recommendations":[{"severity":"info","title":"VOLUME LEVERAGE","detail":"$14,937 revenue provides negotiating leverage.","action":"Use volume as leverage in next vendor meeting."}],"comparison":null}