{"brand":"KIVA","date_range":"2024-01-01 00:00:00 to 2026-01-31 00:00:00","period_label":"All Time","summary":{"total_units":118228,"total_revenue":2253556.71875,"total_cost":1149360.390625,"total_discounts":589428.28125,"total_profit":1104196.328125,"overall_margin":49.0,"fp_margin":59.599998474121094,"disc_margin":39.400001525878906,"pct_full_price":47.400001525878906,"avg_discount_rate":20.700000762939453,"fp_revenue":1067742.5,"disc_revenue":1185814.21875,"brand":"KIVA","date_range":"2024-01-01 00:00:00 to 2026-01-31 00:00:00","primary_category":"EDIBLE","store_coverage":"7/7","stores_present":["Elevation Springs","Elevation Mesa","Elevation Oasis","Elevation Downtown","Elevation Midtown","Elevation Boulevard","Elevation Parkway"],"stores_missing":[],"velocity_rank":4,"velocity_total":32},"distribution":[{"store":"Elevation Springs","carries_brand":true,"sku_count":28,"revenue":323426.2890625,"units":17412,"store_total_revenue":51138750.0,"brand_share_pct":0.6000000238418579},{"store":"Elevation Mesa","carries_brand":true,"sku_count":28,"revenue":289963.18359375,"units":16456,"store_total_revenue":47532240.0,"brand_share_pct":0.6000000238418579},{"store":"Elevation Oasis","carries_brand":true,"sku_count":28,"revenue":511394.6875,"units":27158,"store_total_revenue":56050145.0,"brand_share_pct":0.8999999761581421},{"store":"Elevation Downtown","carries_brand":true,"sku_count":26,"revenue":79138.65234375,"units":3914,"store_total_revenue":1945237.1875,"brand_share_pct":4.099999904632568},{"store":"Elevation Midtown","carries_brand":true,"sku_count":28,"revenue":393324.296875,"units":19806,"store_total_revenue":30850185.0,"brand_share_pct":1.2999999523162842},{"store":"Elevation Boulevard","carries_brand":true,"sku_count":28,"revenue":193225.3125,"units":10800,"store_total_revenue":28757865.0,"brand_share_pct":0.699999988079071},{"store":"Elevation Parkway","carries_brand":true,"sku_count":28,"revenue":463084.296875,"units":22682,"store_total_revenue":21987007.5,"brand_share_pct":2.0999999046325684}],"share_of_category":[{"category":"EDIBLE","brand_revenue":2253554.21875,"category_revenue":29378492.5,"revenue_share_pct":7.699999809265137,"brand_units":118224,"category_units":1706530,"units_share_pct":6.9},{"category":"TESTER","brand_revenue":2.549999952316284,"category_revenue":5668.800048828125,"revenue_share_pct":0.0,"brand_units":4,"category_units":186,"units_share_pct":2.2}],"share_of_category_trend":{"EDIBLE":[{"period":"2024-01","brand_revenue":27727.37548828125,"category_revenue":1115754.921875,"share_pct":2.5},{"period":"2024-02","brand_revenue":62533.9990234375,"category_revenue":1235210.0,"share_pct":5.099999904632568},{"period":"2024-03","brand_revenue":53019.9267578125,"category_revenue":1273343.671875,"share_pct":4.199999809265137},{"period":"2024-04","brand_revenue":57926.77734375,"category_revenue":1298159.0625,"share_pct":4.5},{"period":"2024-05","brand_revenue":59347.7490234375,"category_revenue":1215880.78125,"share_pct":4.900000095367432},{"period":"2024-06","brand_revenue":59776.4990234375,"category_revenue":1181362.421875,"share_pct":5.099999904632568},{"period":"2024-07","brand_revenue":69245.8984375,"category_revenue":1128302.8125,"share_pct":6.099999904632568},{"period":"2024-08","brand_revenue":61278.3740234375,"category_revenue":1167724.921875,"share_pct":5.199999809265137},{"period":"2024-09","brand_revenue":74913.251953125,"category_revenue":1114619.53125,"share_pct":6.699999809265137},{"period":"2024-10","brand_revenue":91406.50390625,"category_revenue":1205149.0625,"share_pct":7.599999904632568},{"period":"2024-11","brand_revenue":96161.62109375,"category_revenue":1236132.421875,"share_pct":7.800000190734863},{"period":"2024-12","brand_revenue":72639.326171875,"category_revenue":1207318.046875,"share_pct":6.0},{"period":"2025-01","brand_revenue":92395.078125,"category_revenue":1176202.578125,"share_pct":7.900000095367432},{"period":"2025-02","brand_revenue":92189.375,"category_revenue":1097683.359375,"share_pct":8.399999618530273},{"period":"2025-03","brand_revenue":131769.248046875,"category_revenue":1228067.265625,"share_pct":10.699999809265137},{"period":"2025-04","brand_revenue":98518.779296875,"category_revenue":1290106.171875,"share_pct":7.599999904632568},{"period":"2025-05","brand_revenue":120644.921875,"category_revenue":1191670.3125,"share_pct":10.100000381469727},{"period":"2025-06","brand_revenue":100689.853515625,"category_revenue":1110702.109375,"share_pct":9.100000381469727},{"period":"2025-07","brand_revenue":125129.072265625,"category_revenue":1096938.125,"share_pct":11.399999618530273},{"period":"2025-08","brand_revenue":124915.673828125,"category_revenue":1145920.859375,"share_pct":10.899999618530273},{"period":"2025-09","brand_revenue":121587.0703125,"category_revenue":1070074.53125,"share_pct":11.399999618530273},{"period":"2025-10","brand_revenue":134275.0,"category_revenue":1168865.78125,"share_pct":11.5},{"period":"2025-11","brand_revenue":99394.0234375,"category_revenue":1192334.453125,"share_pct":8.300000190734863},{"period":"2025-12","brand_revenue":114490.654296875,"category_revenue":1138094.375,"share_pct":10.100000381469727},{"period":"2026-01","brand_revenue":111578.154296875,"category_revenue":1092874.21875,"share_pct":10.199999809265137}],"TESTER":[{"period":"2024-01","brand_revenue":0.0,"category_revenue":4033.75,"share_pct":0.0},{"period":"2024-04","brand_revenue":0.0,"category_revenue":85.0,"share_pct":0.0},{"period":"2024-05","brand_revenue":0.0,"category_revenue":145.24999618530273,"share_pct":0.0},{"period":"2024-09","brand_revenue":0.0,"category_revenue":462.5,"share_pct":0.0},{"period":"2024-11","brand_revenue":0.0,"category_revenue":61.25,"share_pct":0.0},{"period":"2025-03","brand_revenue":0.0,"category_revenue":49.000000953674316,"share_pct":0.0},{"period":"2025-05","brand_revenue":0.0,"category_revenue":25.0,"share_pct":0.0},{"period":"2025-06","brand_revenue":0.0,"category_revenue":156.75000190734863,"share_pct":0.0},{"period":"2025-07","brand_revenue":0.0,"category_revenue":399.24999237060547,"share_pct":0.0},{"period":"2025-08","brand_revenue":0.0,"category_revenue":248.50000381469727,"share_pct":0.0},{"period":"2025-09","brand_revenue":2.549999952316284,"category_revenue":2.549999952316284,"share_pct":100.0}]},"velocity_by_category":[{"category":"EDIBLE","brand_units_per_day":155.14,"category_avg_units_per_day":69.98,"velocity_index":221.7,"brand_rev_per_unit":15.25,"category_rev_per_unit":13.77,"brands_in_category":32},{"category":"TESTER","brand_units_per_day":0.0,"category_avg_units_per_day":0.02,"velocity_index":19.4,"brand_rev_per_unit":0.51,"category_rev_per_unit":24.38,"brands_in_category":9}],"store_gaps":[{"store":"Elevation Parkway","category":"TESTER","category_revenue_at_store":3387.2500610351562,"opportunity":"Category not carried at this store"}],"product_mix":{"top":[{"product":"5:1 THC/CBN MIDNIGHT BLUEBERRY CAMINO GUMMIES - KIVA","units":14016,"revenue":287576.15234375,"cost":150736.25,"profit":136839.90234375,"stores":7,"transactions":9234,"margin":47.599998474121094},{"product":"WILD CHERRY CAMINO GUMMIES - KIVA","units":14812,"revenue":275659.8828125,"cost":139829.248046875,"profit":135830.625,"stores":7,"transactions":11382,"margin":49.29999923706055},{"product":"WATERMELON LEMONADE CAMINO GUMMIES - KIVA","units":14222,"revenue":267051.85546875,"cost":135322.548828125,"profit":131729.296875,"stores":7,"transactions":11212,"margin":49.29999923706055},{"product":"WILD BERRY CAMINO GUMMIES - KIVA","units":12662,"revenue":235777.94921875,"cost":119300.99609375,"profit":116476.953125,"stores":7,"transactions":9604,"margin":49.400001525878906},{"product":"1:1:1 THC/CBD/CBN SOUR BLACKBERRY DREAM GUMMIES - KIVA","units":9278,"revenue":190699.70703125,"cost":94530.0,"profit":96169.697265625,"stores":7,"transactions":5932,"margin":50.400001525878906},{"product":"SOUR WATERMELON SPRITZ GUMMIES - KIVA","units":9536,"revenue":176107.94921875,"cost":87175.0,"profit":88932.94921875,"stores":7,"transactions":7302,"margin":50.5},{"product":"PINEAPPLE HABANERO CAMINO GUMMIES - KIVA","units":8966,"revenue":166677.3828125,"cost":83628.876953125,"profit":83048.49609375,"stores":7,"transactions":6690,"margin":49.79999923706055},{"product":"SOUR STRAWBERRY SUNSET GUMMIES - KIVA","units":7888,"revenue":140799.775390625,"cost":73890.2490234375,"profit":66909.5263671875,"stores":7,"transactions":5916,"margin":47.5},{"product":"SOUR RASPBERRY LEMONADE GUMMIES - KIVA","units":6868,"revenue":129017.646484375,"cost":62108.5009765625,"profit":66909.150390625,"stores":7,"transactions":5400,"margin":51.900001525878906},{"product":"BLACKBERRY BLITZ CAMINO GUMMIES - KIVA","units":6866,"revenue":125807.421875,"cost":65670.0,"profit":60137.4267578125,"stores":7,"transactions":5352,"margin":47.79999923706055},{"product":"1:1 THC/CBD SOUR ORCHARD PEACH GUMMIES - KIVA","units":5548,"revenue":106840.048828125,"cost":58936.25,"profit":47903.798828125,"stores":7,"transactions":4244,"margin":44.79999923706055},{"product":"2:1 CBG/THC FRESHLY SQUEEZED GUMMIES - KIVA","units":4458,"revenue":90082.05078125,"cost":45607.5,"profit":44474.55078125,"stores":7,"transactions":3574,"margin":49.400001525878906},{"product":"1:1 THC/CBD MANGO GUMMIES - KIVA","units":2646,"revenue":54079.9267578125,"cost":28005.0,"profit":26074.92431640625,"stores":7,"transactions":2190,"margin":48.20000076293945},{"product":"PASSIONFRUIT PUNCH CAMINO GUMMIES - KIVA","units":462,"revenue":7379.0252685546875,"cost":4620.0,"profit":2759.0249633789062,"stores":6,"transactions":354,"margin":37.400001525878906}],"bottom":[],"expansion":[{"product":"PASSIONFRUIT PUNCH CAMINO GUMMIES - KIVA","current_stores":6,"total_stores":7,"missing_stores":["Elevation Downtown"],"revenue":7379.0252685546875}]},"pricing_consistency":[{"product":"PASSIONFRUIT PUNCH CAMINO GUMMIES - KIVA","min_price":27.1008616480334,"max_price":35.97333272298177,"avg_price":31.382146635766652,"std_dev":1.297533975104294,"store_count":12,"price_range":8.872471074948368,"range_pct":28.3},{"product":"1:1 THC/CBD SOUR ORCHARD PEACH GUMMIES - KIVA","min_price":31.996218897715337,"max_price":41.21376520470727,"avg_price":38.01273255777137,"std_dev":1.275572714979673,"store_count":14,"price_range":9.217546306991938,"range_pct":24.2},{"product":"BLACKBERRY BLITZ CAMINO GUMMIES - KIVA","min_price":32.71564690879653,"max_price":41.18566176470588,"avg_price":36.8017939089722,"std_dev":1.2490142699116935,"store_count":14,"price_range":8.470014855909351,"range_pct":23.0},{"product":"WILD BERRY CAMINO GUMMIES - KIVA","min_price":34.4913145123106,"max_price":42.353971962616825,"avg_price":37.68341544471485,"std_dev":1.099750916022114,"store_count":14,"price_range":7.8626574503062185,"range_pct":20.9},{"product":"PINEAPPLE HABANERO CAMINO GUMMIES - KIVA","min_price":34.77846300279772,"max_price":42.63861325707766,"avg_price":37.771124120575664,"std_dev":1.1345318666859598,"store_count":14,"price_range":7.860150254279938,"range_pct":20.8},{"product":"WILD CHERRY CAMINO GUMMIES - KIVA","min_price":33.969521380485375,"max_price":40.97536302649456,"avg_price":37.15380641944885,"std_dev":1.106619536862138,"store_count":14,"price_range":7.005841646009192,"range_pct":18.9},{"product":"2:1 CBG/THC FRESHLY SQUEEZED GUMMIES - KIVA","min_price":37.218588057474875,"max_price":44.86895161290323,"avg_price":40.790277096722406,"std_dev":1.0447786473854959,"store_count":14,"price_range":7.6503635554283544,"range_pct":18.8},{"product":"SOUR WATERMELON SPRITZ GUMMIES - KIVA","min_price":33.66053936298077,"max_price":40.344123490359806,"avg_price":36.72573276764513,"std_dev":0.9339505292222003,"store_count":14,"price_range":6.683584127379034,"range_pct":18.2},{"product":"WATERMELON LEMONADE CAMINO GUMMIES - KIVA","min_price":34.191346779847755,"max_price":40.58631526955831,"avg_price":37.42095713716714,"std_dev":0.9396500466997345,"store_count":14,"price_range":6.394968489710555,"range_pct":17.1},{"product":"SOUR RASPBERRY LEMONADE GUMMIES - KIVA","min_price":33.76687020166523,"max_price":39.673039362980774,"avg_price":37.18413906124721,"std_dev":0.871099041034642,"store_count":14,"price_range":5.906169161315544,"range_pct":15.9},{"product":"1:1 THC/CBD MANGO GUMMIES - KIVA","min_price":37.715890066964285,"max_price":44.08333333333333,"avg_price":40.9721557111066,"std_dev":0.9996730628380169,"store_count":14,"price_range":6.367443266369048,"range_pct":15.5},{"product":"SOUR STRAWBERRY SUNSET GUMMIES - KIVA","min_price":33.352770908273385,"max_price":38.436000279017854,"avg_price":35.784826785441226,"std_dev":0.6833029082429691,"store_count":14,"price_range":5.083229370744475,"range_pct":14.2},{"product":"5:1 THC/CBN MIDNIGHT BLUEBERRY CAMINO GUMMIES - KIVA","min_price":38.359375,"max_price":44.12461998413847,"avg_price":40.85591700138643,"std_dev":0.8295191233041072,"store_count":14,"price_range":5.765244984138471,"range_pct":14.1},{"product":"1:1:1 THC/CBD/CBN SOUR BLACKBERRY DREAM GUMMIES - KIVA","min_price":38.23737494379496,"max_price":43.65173838768733,"avg_price":41.13962832208212,"std_dev":0.911278683436366,"store_count":14,"price_range":5.414363443892367,"range_pct":13.2}],"promotional_effectiveness":{"lift":{"fp_units_per_day":64.72,"disc_units_per_day":99.02,"lift_pct":53.0,"fp_avg_revenue_per_unit":48.025000000000006,"disc_avg_revenue_per_unit":32.15},"by_deal":[{"deal_name":"30% Off Kiva / Camino","uses":1719,"revenue":110318.05068731308,"discounts":47769.45056557655,"units":6516.0,"cost":63643.99966716766,"margin":42.3,"discount_depth":60.4},{"deal_name":"25% Off Kiva / Camino","uses":1103,"revenue":75939.10000026226,"discounts":25460.900000333786,"units":4056.0,"cost":35386.7494726181,"margin":53.4,"discount_depth":50.2},{"deal_name":"Industry - 30% Off","uses":1052,"revenue":50815.55075287819,"discounts":21866.95046067238,"units":3101.0,"cost":31962.52499999944,"margin":37.1,"discount_depth":60.2},{"deal_name":"Industry 30% Off","uses":1029,"revenue":66091.12515211105,"discounts":29358.041795492172,"units":3868.6666666666665,"cost":34119.08289591471,"margin":48.4,"discount_depth":61.6},{"deal_name":"Senior - 10% Off","uses":889,"revenue":81136.32556438446,"discounts":9588.674882054329,"units":3693.0,"cost":35911.74983859062,"margin":55.7,"discount_depth":21.2},{"deal_name":"40% OFF KIVA ( Camino / Lost Farms )","uses":880,"revenue":48888.30100774765,"discounts":32779.19912338257,"units":3482.0,"cost":35927.5,"margin":26.5,"discount_depth":80.2},{"deal_name":"4 for $55 Camino / Sours","uses":612,"revenue":92758.63750219345,"discounts":42176.36249542236,"units":5416.0,"cost":45539.74902629852,"margin":50.9,"discount_depth":62.6},{"deal_name":"4 for $50 Camino / Sours","uses":574,"revenue":79948.50000143051,"discounts":43374.000000953674,"units":5173.0,"cost":52259.249851703644,"margin":34.6,"discount_depth":70.4},{"deal_name":"4/20 2025 - Edibles","uses":515,"revenue":28372.675000429153,"discounts":28477.324998378754,"units":2414.0,"cost":24985.0,"margin":11.9,"discount_depth":100.2},{"deal_name":"KIVA B1G1","uses":459,"revenue":37989.1753578186,"discounts":37595.824575424194,"units":3164.0,"cost":33105.0,"margin":12.9,"discount_depth":99.4},{"deal_name":"KIVA / Camino 4 for $40","uses":428,"revenue":51362.7499961853,"discounts":44682.25000143051,"units":4101.0,"cost":42257.5,"margin":17.7,"discount_depth":93.0},{"deal_name":"KIVA 25% Off","uses":405,"revenue":28483.075008392334,"discounts":9666.92500114441,"units":1526.0,"cost":12762.999813556671,"margin":55.2,"discount_depth":50.6},{"deal_name":"Spark the Summer Sale","uses":373,"revenue":21008.25046300888,"discounts":13994.249608516693,"units":1482.0,"cost":13714.249877929688,"margin":34.7,"discount_depth":80.0},{"deal_name":"GW - 50% Off Edibles","uses":342,"revenue":18427.000000476837,"discounts":18417.999999523163,"units":1552.0,"cost":16235.0,"margin":11.9,"discount_depth":100.0},{"deal_name":"Veterans - 10% Off","uses":315,"revenue":24398.000259399414,"discounts":2854.499955177307,"units":1130.0,"cost":11027.24995136261,"margin":54.8,"discount_depth":21.0},{"deal_name":"30% OFF KIVA ( Camino / Lost Farms )","uses":232,"revenue":15177.750194072723,"discounts":6504.75012421608,"units":926.0,"cost":9542.5,"margin":37.1,"discount_depth":60.0},{"deal_name":"KIVA; Camino 4 for $40","uses":219,"revenue":26231.000003814697,"discounts":22863.99999856949,"units":2093.0,"cost":21667.5,"margin":17.4,"discount_depth":93.2},{"deal_name":"Senior / Veterans - 20% Off","uses":216,"revenue":19267.74980545044,"discounts":4897.249953746796,"units":989.0,"cost":9503.249967098236,"margin":50.7,"discount_depth":40.6},{"deal_name":"Jackpot - Locals 30% Off","uses":188,"revenue":9869.000053405762,"discounts":4251.000038385391,"units":578.0,"cost":5392.749948501587,"margin":45.4,"discount_depth":60.2},{"deal_name":"30% Off Special","uses":172,"revenue":7089.500012397766,"discounts":3045.5000245571136,"units":410.0,"cost":3950.9999990463257,"margin":44.3,"discount_depth":60.0}]},"growth_opportunities":[{"type":"sku_expansion","title":"Add 'PASSIONFRUIT PUNCH CAMINO GUMMIES - KIVA' to 1 more store(s)","detail":"Carried in 6 stores. Missing from: Elevation Downtown","priority":"medium"},{"type":"velocity","title":"Improve velocity in TESTER","detail":"Velocity index 19 (below category average). 0.0 units/day vs 0.0 avg.","priority":"medium"}],"trend":[{"period":"2024-01","revenue":27727.37548828125,"cost":13145.0,"margin":52.6,"units":1268,"transactions":704,"profit":14582.37548828125,"revenue_change_pct":null,"units_change_pct":null,"margin_change_pts":null},{"period":"2024-02","revenue":62533.9990234375,"cost":30017.5,"margin":52.0,"units":2916,"transactions":1720,"profit":32516.4990234375,"revenue_change_pct":125.5,"units_change_pct":130.0,"margin_change_pts":-0.6},{"period":"2024-03","revenue":53019.9267578125,"cost":28282.5,"margin":46.7,"units":2756,"transactions":1596,"profit":24737.42431640625,"revenue_change_pct":-15.2,"units_change_pct":-5.5,"margin_change_pts":-5.3},{"period":"2024-04","revenue":57926.77734375,"cost":35775.0,"margin":38.2,"units":3508,"transactions":1788,"profit":22151.77490234375,"revenue_change_pct":9.3,"units_change_pct":27.3,"margin_change_pts":-8.4},{"period":"2024-05","revenue":59347.7490234375,"cost":35200.0,"margin":40.7,"units":3438,"transactions":1618,"profit":24147.7490234375,"revenue_change_pct":2.5,"units_change_pct":-2.0,"margin_change_pts":2.4},{"period":"2024-06","revenue":59776.4990234375,"cost":31662.5,"margin":47.0,"units":3070,"transactions":1640,"profit":28113.9990234375,"revenue_change_pct":0.7,"units_change_pct":-10.7,"margin_change_pts":6.3},{"period":"2024-07","revenue":69245.8984375,"cost":39477.5,"margin":43.0,"units":3824,"transactions":1726,"profit":29768.40087890625,"revenue_change_pct":15.8,"units_change_pct":24.6,"margin_change_pts":-4.0},{"period":"2024-08","revenue":61278.3740234375,"cost":34852.5,"margin":43.1,"units":3388,"transactions":1628,"profit":26425.8740234375,"revenue_change_pct":-11.5,"units_change_pct":-11.4,"margin_change_pts":0.1},{"period":"2024-09","revenue":74913.251953125,"cost":47262.5,"margin":36.9,"units":4582,"transactions":1936,"profit":27650.74951171875,"revenue_change_pct":22.3,"units_change_pct":35.2,"margin_change_pts":-6.2},{"period":"2024-10","revenue":91406.50390625,"cost":50292.5,"margin":45.0,"units":4858,"transactions":2528,"profit":41113.9990234375,"revenue_change_pct":22.0,"units_change_pct":6.0,"margin_change_pts":8.1},{"period":"2024-11","revenue":96161.62109375,"cost":63195.0,"margin":34.3,"units":6100,"transactions":2762,"profit":32966.6259765625,"revenue_change_pct":5.2,"units_change_pct":25.6,"margin_change_pts":-10.7},{"period":"2024-12","revenue":72639.326171875,"cost":39475.12451171875,"margin":45.7,"units":3768,"transactions":2002,"profit":33164.19921875,"revenue_change_pct":-24.5,"units_change_pct":-38.2,"margin_change_pts":11.4},{"period":"2025-01","revenue":92395.078125,"cost":52352.5,"margin":43.3,"units":4998,"transactions":2412,"profit":40042.57568359375,"revenue_change_pct":27.2,"units_change_pct":32.6,"margin_change_pts":-2.3},{"period":"2025-02","revenue":92189.375,"cost":50280.0,"margin":45.5,"units":4780,"transactions":2498,"profit":41909.375,"revenue_change_pct":-0.2,"units_change_pct":-4.4,"margin_change_pts":2.1},{"period":"2025-03","revenue":131769.248046875,"cost":75222.5,"margin":42.9,"units":7236,"transactions":3564,"profit":56546.748046875,"revenue_change_pct":42.9,"units_change_pct":51.4,"margin_change_pts":-2.5},{"period":"2025-04","revenue":98518.779296875,"cost":60635.0,"margin":38.5,"units":5854,"transactions":3068,"profit":37883.7744140625,"revenue_change_pct":-25.2,"units_change_pct":-19.1,"margin_change_pts":-4.5},{"period":"2025-05","revenue":120644.921875,"cost":65777.2509765625,"margin":45.5,"units":6348,"transactions":3348,"profit":54867.67578125,"revenue_change_pct":22.5,"units_change_pct":8.4,"margin_change_pts":7.0},{"period":"2025-06","revenue":100689.853515625,"cost":50106.748046875,"margin":50.2,"units":5536,"transactions":2726,"profit":50583.1005859375,"revenue_change_pct":-16.5,"units_change_pct":-12.8,"margin_change_pts":4.8},{"period":"2025-07","revenue":125129.072265625,"cost":53078.5009765625,"margin":57.6,"units":6058,"transactions":3446,"profit":72050.576171875,"revenue_change_pct":24.3,"units_change_pct":9.4,"margin_change_pts":7.3},{"period":"2025-08","revenue":124915.673828125,"cost":51610.0,"margin":58.7,"units":5904,"transactions":3322,"profit":73305.673828125,"revenue_change_pct":-0.2,"units_change_pct":-2.5,"margin_change_pts":1.1},{"period":"2025-09","revenue":121589.62890625,"cost":49705.80078125,"margin":59.1,"units":5726,"transactions":3128,"profit":71883.828125,"revenue_change_pct":-2.7,"units_change_pct":-3.0,"margin_change_pts":0.4},{"period":"2025-10","revenue":134275.0,"cost":56746.9970703125,"margin":57.7,"units":6594,"transactions":3454,"profit":77528.0029296875,"revenue_change_pct":10.4,"units_change_pct":15.2,"margin_change_pts":-1.4},{"period":"2025-11","revenue":99394.0234375,"cost":41061.9970703125,"margin":58.7,"units":4818,"transactions":2606,"profit":58332.0263671875,"revenue_change_pct":-26.0,"units_change_pct":-26.9,"margin_change_pts":0.9},{"period":"2025-12","revenue":114490.654296875,"cost":46357.7490234375,"margin":59.5,"units":5402,"transactions":2772,"profit":68132.900390625,"revenue_change_pct":15.2,"units_change_pct":12.1,"margin_change_pts":0.8},{"period":"2026-01","revenue":111578.154296875,"cost":47787.7490234375,"margin":57.2,"units":5498,"transactions":2930,"profit":63790.400390625,"revenue_change_pct":-2.5,"units_change_pct":1.8,"margin_change_pts":-2.3}]}