{"brand":"KIVA","date_range":"2024-01-01 00:00:00 to 2026-01-31 00:00:00","period_label":"All Time","summary":{"total_units":118228,"total_revenue":2253556.71875,"total_cost":1149360.390625,"total_discounts":589428.28125,"total_profit":1104196.328125,"overall_margin":49.0,"fp_margin":59.599998474121094,"disc_margin":39.400001525878906,"pct_full_price":47.400001525878906,"avg_discount_rate":20.700000762939453,"fp_revenue":1067742.5,"disc_revenue":1185814.21875,"unique_customers":43184,"brand":"KIVA","date_range":"2024-01-01 00:00:00 to 2026-01-31 00:00:00","months_count":50,"avg_monthly_cost":45974.425,"cost_per_unit":19.45,"primary_category":"EDIBLE","primary_cat_margin":50.0,"category_rank":4,"category_total":32,"margin_vs_category":-1.0,"velocity_rank":4},"category_breakdown":[{"category_clean":"EDIBLE","units":118224,"revenue":2253554.21875,"cost":1149360.390625,"profit":1104193.828125,"discounts":589330.78125,"margin":49.0,"category_avg_margin":50.0,"vs_category":-1.0,"rank":4.0,"total_brands":32.0},{"category_clean":"TESTER","units":4,"revenue":2.549999952316284,"cost":0.04999999888241291,"profit":2.5,"discounts":97.44999885559082,"margin":98.0,"category_avg_margin":57.599998474121094,"vs_category":40.4,"rank":9.0,"total_brands":9.0}],"trend":[{"period":"2024-01","revenue":27727.37548828125,"cost":13145.0,"margin":52.6,"units":1268,"transactions":704,"profit":14582.37548828125,"revenue_change_pct":null,"units_change_pct":null,"margin_change_pts":null},{"period":"2024-02","revenue":62533.9990234375,"cost":30017.5,"margin":52.0,"units":2916,"transactions":1720,"profit":32516.4990234375,"revenue_change_pct":125.5,"units_change_pct":130.0,"margin_change_pts":-0.6},{"period":"2024-03","revenue":53019.9267578125,"cost":28282.5,"margin":46.7,"units":2756,"transactions":1596,"profit":24737.42431640625,"revenue_change_pct":-15.2,"units_change_pct":-5.5,"margin_change_pts":-5.3},{"period":"2024-04","revenue":57926.77734375,"cost":35775.0,"margin":38.2,"units":3508,"transactions":1788,"profit":22151.77490234375,"revenue_change_pct":9.3,"units_change_pct":27.3,"margin_change_pts":-8.4},{"period":"2024-05","revenue":59347.7490234375,"cost":35200.0,"margin":40.7,"units":3438,"transactions":1618,"profit":24147.7490234375,"revenue_change_pct":2.5,"units_change_pct":-2.0,"margin_change_pts":2.4},{"period":"2024-06","revenue":59776.4990234375,"cost":31662.5,"margin":47.0,"units":3070,"transactions":1640,"profit":28113.9990234375,"revenue_change_pct":0.7,"units_change_pct":-10.7,"margin_change_pts":6.3},{"period":"2024-07","revenue":69245.8984375,"cost":39477.5,"margin":43.0,"units":3824,"transactions":1726,"profit":29768.40087890625,"revenue_change_pct":15.8,"units_change_pct":24.6,"margin_change_pts":-4.0},{"period":"2024-08","revenue":61278.3740234375,"cost":34852.5,"margin":43.1,"units":3388,"transactions":1628,"profit":26425.8740234375,"revenue_change_pct":-11.5,"units_change_pct":-11.4,"margin_change_pts":0.1},{"period":"2024-09","revenue":74913.251953125,"cost":47262.5,"margin":36.9,"units":4582,"transactions":1936,"profit":27650.74951171875,"revenue_change_pct":22.3,"units_change_pct":35.2,"margin_change_pts":-6.2},{"period":"2024-10","revenue":91406.50390625,"cost":50292.5,"margin":45.0,"units":4858,"transactions":2528,"profit":41113.9990234375,"revenue_change_pct":22.0,"units_change_pct":6.0,"margin_change_pts":8.1},{"period":"2024-11","revenue":96161.62109375,"cost":63195.0,"margin":34.3,"units":6100,"transactions":2762,"profit":32966.6259765625,"revenue_change_pct":5.2,"units_change_pct":25.6,"margin_change_pts":-10.7},{"period":"2024-12","revenue":72639.326171875,"cost":39475.12451171875,"margin":45.7,"units":3768,"transactions":2002,"profit":33164.19921875,"revenue_change_pct":-24.5,"units_change_pct":-38.2,"margin_change_pts":11.4},{"period":"2025-01","revenue":92395.078125,"cost":52352.5,"margin":43.3,"units":4998,"transactions":2412,"profit":40042.57568359375,"revenue_change_pct":27.2,"units_change_pct":32.6,"margin_change_pts":-2.3},{"period":"2025-02","revenue":92189.375,"cost":50280.0,"margin":45.5,"units":4780,"transactions":2498,"profit":41909.375,"revenue_change_pct":-0.2,"units_change_pct":-4.4,"margin_change_pts":2.1},{"period":"2025-03","revenue":131769.248046875,"cost":75222.5,"margin":42.9,"units":7236,"transactions":3564,"profit":56546.748046875,"revenue_change_pct":42.9,"units_change_pct":51.4,"margin_change_pts":-2.5},{"period":"2025-04","revenue":98518.779296875,"cost":60635.0,"margin":38.5,"units":5854,"transactions":3068,"profit":37883.7744140625,"revenue_change_pct":-25.2,"units_change_pct":-19.1,"margin_change_pts":-4.5},{"period":"2025-05","revenue":120644.921875,"cost":65777.2509765625,"margin":45.5,"units":6348,"transactions":3348,"profit":54867.67578125,"revenue_change_pct":22.5,"units_change_pct":8.4,"margin_change_pts":7.0},{"period":"2025-06","revenue":100689.853515625,"cost":50106.748046875,"margin":50.2,"units":5536,"transactions":2726,"profit":50583.1005859375,"revenue_change_pct":-16.5,"units_change_pct":-12.8,"margin_change_pts":4.8},{"period":"2025-07","revenue":125129.072265625,"cost":53078.5009765625,"margin":57.6,"units":6058,"transactions":3446,"profit":72050.576171875,"revenue_change_pct":24.3,"units_change_pct":9.4,"margin_change_pts":7.3},{"period":"2025-08","revenue":124915.673828125,"cost":51610.0,"margin":58.7,"units":5904,"transactions":3322,"profit":73305.673828125,"revenue_change_pct":-0.2,"units_change_pct":-2.5,"margin_change_pts":1.1},{"period":"2025-09","revenue":121589.62890625,"cost":49705.80078125,"margin":59.1,"units":5726,"transactions":3128,"profit":71883.828125,"revenue_change_pct":-2.7,"units_change_pct":-3.0,"margin_change_pts":0.4},{"period":"2025-10","revenue":134275.0,"cost":56746.9970703125,"margin":57.7,"units":6594,"transactions":3454,"profit":77528.0029296875,"revenue_change_pct":10.4,"units_change_pct":15.2,"margin_change_pts":-1.4},{"period":"2025-11","revenue":99394.0234375,"cost":41061.9970703125,"margin":58.7,"units":4818,"transactions":2606,"profit":58332.0263671875,"revenue_change_pct":-26.0,"units_change_pct":-26.9,"margin_change_pts":0.9},{"period":"2025-12","revenue":114490.654296875,"cost":46357.7490234375,"margin":59.5,"units":5402,"transactions":2772,"profit":68132.900390625,"revenue_change_pct":15.2,"units_change_pct":12.1,"margin_change_pts":0.8},{"period":"2026-01","revenue":111578.154296875,"cost":47787.7490234375,"margin":57.2,"units":5498,"transactions":2930,"profit":63790.400390625,"revenue_change_pct":-2.5,"units_change_pct":1.8,"margin_change_pts":-2.3}],"share_of_category":[{"category":"EDIBLE","brand_revenue":2253554.21875,"category_revenue":29378492.5,"revenue_share_pct":7.699999809265137,"brand_units":118224,"category_units":1706530,"units_share_pct":6.9},{"category":"TESTER","brand_revenue":2.549999952316284,"category_revenue":5668.800048828125,"revenue_share_pct":0.0,"brand_units":4,"category_units":186,"units_share_pct":2.2}],"share_of_category_trend":{"EDIBLE":[{"period":"2024-01","brand_revenue":27727.37548828125,"category_revenue":1115754.921875,"share_pct":2.5},{"period":"2024-02","brand_revenue":62533.9990234375,"category_revenue":1235210.0,"share_pct":5.099999904632568},{"period":"2024-03","brand_revenue":53019.9267578125,"category_revenue":1273343.671875,"share_pct":4.199999809265137},{"period":"2024-04","brand_revenue":57926.77734375,"category_revenue":1298159.0625,"share_pct":4.5},{"period":"2024-05","brand_revenue":59347.7490234375,"category_revenue":1215880.78125,"share_pct":4.900000095367432},{"period":"2024-06","brand_revenue":59776.4990234375,"category_revenue":1181362.421875,"share_pct":5.099999904632568},{"period":"2024-07","brand_revenue":69245.8984375,"category_revenue":1128302.8125,"share_pct":6.099999904632568},{"period":"2024-08","brand_revenue":61278.3740234375,"category_revenue":1167724.921875,"share_pct":5.199999809265137},{"period":"2024-09","brand_revenue":74913.251953125,"category_revenue":1114619.53125,"share_pct":6.699999809265137},{"period":"2024-10","brand_revenue":91406.50390625,"category_revenue":1205149.0625,"share_pct":7.599999904632568},{"period":"2024-11","brand_revenue":96161.62109375,"category_revenue":1236132.421875,"share_pct":7.800000190734863},{"period":"2024-12","brand_revenue":72639.326171875,"category_revenue":1207318.046875,"share_pct":6.0},{"period":"2025-01","brand_revenue":92395.078125,"category_revenue":1176202.578125,"share_pct":7.900000095367432},{"period":"2025-02","brand_revenue":92189.375,"category_revenue":1097683.359375,"share_pct":8.399999618530273},{"period":"2025-03","brand_revenue":131769.248046875,"category_revenue":1228067.265625,"share_pct":10.699999809265137},{"period":"2025-04","brand_revenue":98518.779296875,"category_revenue":1290106.171875,"share_pct":7.599999904632568},{"period":"2025-05","brand_revenue":120644.921875,"category_revenue":1191670.3125,"share_pct":10.100000381469727},{"period":"2025-06","brand_revenue":100689.853515625,"category_revenue":1110702.109375,"share_pct":9.100000381469727},{"period":"2025-07","brand_revenue":125129.072265625,"category_revenue":1096938.125,"share_pct":11.399999618530273},{"period":"2025-08","brand_revenue":124915.673828125,"category_revenue":1145920.859375,"share_pct":10.899999618530273},{"period":"2025-09","brand_revenue":121587.0703125,"category_revenue":1070074.53125,"share_pct":11.399999618530273},{"period":"2025-10","brand_revenue":134275.0,"category_revenue":1168865.78125,"share_pct":11.5},{"period":"2025-11","brand_revenue":99394.0234375,"category_revenue":1192334.453125,"share_pct":8.300000190734863},{"period":"2025-12","brand_revenue":114490.654296875,"category_revenue":1138094.375,"share_pct":10.100000381469727},{"period":"2026-01","brand_revenue":111578.154296875,"category_revenue":1092874.21875,"share_pct":10.199999809265137}],"TESTER":[{"period":"2024-01","brand_revenue":0.0,"category_revenue":4033.75,"share_pct":0.0},{"period":"2024-04","brand_revenue":0.0,"category_revenue":85.0,"share_pct":0.0},{"period":"2024-05","brand_revenue":0.0,"category_revenue":145.24999618530273,"share_pct":0.0},{"period":"2024-09","brand_revenue":0.0,"category_revenue":462.5,"share_pct":0.0},{"period":"2024-11","brand_revenue":0.0,"category_revenue":61.25,"share_pct":0.0},{"period":"2025-03","brand_revenue":0.0,"category_revenue":49.000000953674316,"share_pct":0.0},{"period":"2025-05","brand_revenue":0.0,"category_revenue":25.0,"share_pct":0.0},{"period":"2025-06","brand_revenue":0.0,"category_revenue":156.75000190734863,"share_pct":0.0},{"period":"2025-07","brand_revenue":0.0,"category_revenue":399.24999237060547,"share_pct":0.0},{"period":"2025-08","brand_revenue":0.0,"category_revenue":248.50000381469727,"share_pct":0.0},{"period":"2025-09","brand_revenue":2.549999952316284,"category_revenue":2.549999952316284,"share_pct":100.0}]},"discount_depth":[{"tier":"0% (Full Price)","transactions":37504,"pct_of_transactions":42.4,"revenue":1067742.5,"avg_discount":0.0},{"tier":"1-10%","transactions":5098,"pct_of_transactions":5.8,"revenue":168568.02734375,"avg_discount":20.0},{"tier":"11-20%","transactions":1598,"pct_of_transactions":1.8,"revenue":52630.2978515625,"avg_discount":38.79999923706055},{"tier":"21-30%","transactions":5718,"pct_of_transactions":6.5,"revenue":143912.96875,"avg_discount":50.20000076293945},{"tier":"31%+","transactions":23848,"pct_of_transactions":27.0,"revenue":512022.1875,"avg_discount":84.0}],"velocity":{"units_per_day":158.28,"revenue_per_day":3016.7999267578125,"avg_units_per_txn":3.88,"days_of_data":747,"total_units":118228,"total_transactions":60922},"velocity_by_category":[{"category":"EDIBLE","brand_units_per_day":155.14,"category_avg_units_per_day":69.98,"velocity_index":221.7,"brand_rev_per_unit":15.25,"category_rev_per_unit":13.77,"brands_in_category":32},{"category":"TESTER","brand_units_per_day":0.0,"category_avg_units_per_day":0.02,"velocity_index":19.4,"brand_rev_per_unit":0.51,"category_rev_per_unit":24.38,"brands_in_category":9}],"deals":[{"deal_name":"30% Off Kiva / Camino","times_used":3438,"units":6516.0,"revenue":110318.05068731308,"discounts":47769.45056557655,"cost":63643.99966716766,"profit":46674.04981568456,"pre_discount_revenue":158087.5,"margin":42.3,"avg_discount":60.4},{"deal_name":"25% Off Kiva / Camino","times_used":2206,"units":4056.0,"revenue":75939.10000026226,"discounts":25460.900000333786,"cost":35386.7494726181,"profit":40552.3505140841,"pre_discount_revenue":101400.0,"margin":53.4,"avg_discount":50.2},{"deal_name":"Industry - 30% Off","times_used":2104,"units":3101.0,"revenue":50815.55075287819,"discounts":21866.95046067238,"cost":31962.52499999944,"profit":18853.02459359169,"pre_discount_revenue":72682.5,"margin":37.1,"avg_discount":60.2},{"deal_name":"Industry 30% Off","times_used":2058,"units":3868.6666666666665,"revenue":66091.12515211105,"discounts":29358.041795492172,"cost":34119.08289591471,"profit":31972.042013965547,"pre_discount_revenue":95449.16666666666,"margin":48.4,"avg_discount":61.6},{"deal_name":"Senior - 10% Off","times_used":1778,"units":3693.0,"revenue":81136.32556438446,"discounts":9588.674882054329,"cost":35911.74983859062,"profit":45224.57475244999,"pre_discount_revenue":90725.0,"margin":55.7,"avg_discount":21.2},{"deal_name":"40% OFF KIVA ( Camino / Lost Farms )","times_used":1760,"units":3482.0,"revenue":48888.30100774765,"discounts":32779.19912338257,"cost":35927.5,"profit":12960.799747407436,"pre_discount_revenue":81667.5,"margin":26.5,"avg_discount":80.2},{"deal_name":"4 for $55 Camino / Sours","times_used":1224,"units":5416.0,"revenue":92758.63750219345,"discounts":42176.36249542236,"cost":45539.74902629852,"profit":47218.88846516609,"pre_discount_revenue":134935.0,"margin":50.9,"avg_discount":62.6},{"deal_name":"4 for $50 Camino / Sours","times_used":1148,"units":5173.0,"revenue":79948.50000143051,"discounts":43374.000000953674,"cost":52259.249851703644,"profit":27689.250147342682,"pre_discount_revenue":123322.5,"margin":34.6,"avg_discount":70.4},{"deal_name":"4/20 2025 - Edibles","times_used":1030,"units":2414.0,"revenue":28372.675000429153,"discounts":28477.324998378754,"cost":24985.0,"profit":3387.6750000938773,"pre_discount_revenue":56850.0,"margin":11.9,"avg_discount":100.2},{"deal_name":"KIVA B1G1","times_used":918,"units":3164.0,"revenue":37989.1753578186,"discounts":37595.824575424194,"cost":33105.0,"profit":4884.175006840378,"pre_discount_revenue":75585.0,"margin":12.9,"avg_discount":99.4},{"deal_name":"KIVA / Camino 4 for $40","times_used":856,"units":4101.0,"revenue":51362.7499961853,"discounts":44682.25000143051,"cost":42257.5,"profit":9105.250000953674,"pre_discount_revenue":96045.0,"margin":17.7,"avg_discount":93.0},{"deal_name":"KIVA 25% Off","times_used":810,"units":1526.0,"revenue":28483.075008392334,"discounts":9666.92500114441,"cost":12762.999813556671,"profit":15720.075178742409,"pre_discount_revenue":38150.0,"margin":55.2,"avg_discount":50.6},{"deal_name":"Spark the Summer Sale","times_used":746,"units":1482.0,"revenue":21008.25046300888,"discounts":13994.249608516693,"cost":13714.249877929688,"profit":7293.999873995781,"pre_discount_revenue":35002.5,"margin":34.7,"avg_discount":80.0},{"deal_name":"GW - 50% Off Edibles","times_used":684,"units":1552.0,"revenue":18427.000000476837,"discounts":18417.999999523163,"cost":16235.0,"profit":2191.9999998807907,"pre_discount_revenue":36845.0,"margin":11.9,"avg_discount":100.0},{"deal_name":"Veterans - 10% Off","times_used":630,"units":1130.0,"revenue":24398.000259399414,"discounts":2854.499955177307,"cost":11027.24995136261,"profit":13370.749912261963,"pre_discount_revenue":27252.5,"margin":54.8,"avg_discount":21.0},{"deal_name":"30% OFF KIVA ( Camino / Lost Farms )","times_used":464,"units":926.0,"revenue":15177.750194072723,"discounts":6504.75012421608,"cost":9542.5,"profit":5635.249894857407,"pre_discount_revenue":21682.5,"margin":37.1,"avg_discount":60.0},{"deal_name":"KIVA; Camino 4 for $40","times_used":438,"units":2093.0,"revenue":26231.000003814697,"discounts":22863.99999856949,"cost":21667.5,"profit":4563.5000014305115,"pre_discount_revenue":49095.0,"margin":17.4,"avg_discount":93.2},{"deal_name":"Senior / Veterans - 20% Off","times_used":432,"units":989.0,"revenue":19267.74980545044,"discounts":4897.249953746796,"cost":9503.249967098236,"profit":9764.500097036362,"pre_discount_revenue":24165.0,"margin":50.7,"avg_discount":40.6},{"deal_name":"Jackpot - Locals 30% Off","times_used":376,"units":578.0,"revenue":9869.000053405762,"discounts":4251.000038385391,"cost":5392.749948501587,"profit":4476.250014901161,"pre_discount_revenue":14120.0,"margin":45.4,"avg_discount":60.2},{"deal_name":"30% Off Special","times_used":344,"units":410.0,"revenue":7089.500012397766,"discounts":3045.5000245571136,"cost":3950.9999990463257,"profit":3138.4999763965607,"pre_discount_revenue":10135.0,"margin":44.3,"avg_discount":60.0},{"deal_name":"40% Off Kiva / Camino","times_used":336,"units":842.0,"revenue":11718.000221252441,"discounts":7826.999835968018,"cost":8620.0,"profit":3097.9999446868896,"pre_discount_revenue":19545.0,"margin":26.4,"avg_discount":80.0},{"deal_name":"Camino 3 for $31","times_used":276,"units":1156.0,"revenue":14965.199980735779,"discounts":12222.299966812134,"cost":11952.5,"profit":3012.699927985668,"pre_discount_revenue":27187.5,"margin":20.1,"avg_discount":90.0},{"deal_name":"42% Off Kiva / Camino","times_used":270,"units":488.0,"revenue":6373.649821281433,"discounts":4793.8499665260315,"cost":4942.5,"profit":1431.150034070015,"pre_discount_revenue":11167.5,"margin":22.5,"avg_discount":85.8},{"deal_name":"4/20 50% Off!!!!","times_used":240,"units":448.0,"revenue":5160.0,"discounts":5115.0,"cost":4545.0,"profit":615.0,"pre_discount_revenue":10275.0,"margin":11.9,"avg_discount":99.6},{"deal_name":"KIVA / Camino 5 for $50","times_used":218,"units":1318.0,"revenue":16577.5,"discounts":13940.0,"cost":13467.5,"profit":3110.0,"pre_discount_revenue":30517.5,"margin":18.8,"avg_discount":91.4},{"deal_name":"50% Off - G2B","times_used":192,"units":361.0,"revenue":4502.087499946356,"discounts":4522.912499904633,"cost":3147.3749577999115,"profit":1354.7124820947647,"pre_discount_revenue":9025.0,"margin":30.1,"avg_discount":100.2},{"deal_name":"5 for $50 Camino / Sours","times_used":180,"units":1012.0,"revenue":12677.5,"discounts":11045.0,"cost":10437.5,"profit":2240.0,"pre_discount_revenue":23722.5,"margin":17.7,"avg_discount":93.2},{"deal_name":"LVAC - 25% Off","times_used":124,"units":180.0,"revenue":3324.375,"discounts":1108.125,"cost":1655.9999752044678,"profit":1668.3750247955322,"pre_discount_revenue":4432.5,"margin":50.2,"avg_discount":50.0},{"deal_name":"Employee 30% - NOT FRIDAYS","times_used":110,"units":156.0,"revenue":2639.8750162124634,"discounts":1172.6250171661377,"cost":1533.4999907016754,"profit":1106.3749906420708,"pre_discount_revenue":3812.5,"margin":41.9,"avg_discount":61.6},{"deal_name":"Employee - 40% OFF","times_used":108,"units":154.0,"revenue":2259.000029563904,"discounts":1505.9999704360962,"cost":1465.499987602234,"profit":793.5000026226044,"pre_discount_revenue":3765.0,"margin":35.1,"avg_discount":80.0},{"deal_name":"KIVA B2G1","times_used":84,"units":322.0,"revenue":4659.049863815308,"discounts":2915.949969291687,"cost":3330.0,"profit":1329.050019979477,"pre_discount_revenue":7575.0,"margin":28.5,"avg_discount":77.0},{"deal_name":"Store Credit - $25","times_used":76,"units":174.0,"revenue":3202.3250220716,"discounts":1147.6749989390373,"cost":1535.7916490236917,"profit":1666.5333415567875,"pre_discount_revenue":4350.0,"margin":52.0,"avg_discount":52.8},{"deal_name":"Store Credit - $15","times_used":54,"units":83.0,"revenue":1329.362501502037,"discounts":745.6375005841255,"cost":718.416661421458,"profit":610.9458338841796,"pre_discount_revenue":2075.0,"margin":46.0,"avg_discount":71.8},{"deal_name":"40% Off Special","times_used":44,"units":56.0,"revenue":840.0,"discounts":560.0,"cost":474.99998807907104,"profit":365.00001192092896,"pre_discount_revenue":1400.0,"margin":43.5,"avg_discount":80.0},{"deal_name":"KIVA B2G2","times_used":38,"units":168.0,"revenue":2161.0000038146973,"discounts":1963.9999771118164,"cost":1795.0,"profit":366.0000014305115,"pre_discount_revenue":4125.0,"margin":16.9,"avg_discount":95.2},{"deal_name":"Main St Happy Hour - 25% Off","times_used":34,"units":42.0,"revenue":787.5,"discounts":262.5,"cost":341.49999380111694,"profit":446.00000619888306,"pre_discount_revenue":1050.0,"margin":56.6,"avg_discount":50.0},{"deal_name":"Camino / Sours B2G1","times_used":28,"units":104.0,"revenue":1605.4499435424805,"discounts":847.0499897003174,"cost":1077.5,"profit":527.9500079154968,"pre_discount_revenue":2452.5,"margin":32.9,"avg_discount":69.0},{"deal_name":"Reno - Early Bird - Senior / Veterans - 20%","times_used":18,"units":32.0,"revenue":640.0,"discounts":160.0,"cost":291.99999809265137,"profit":348.00000190734863,"pre_discount_revenue":800.0,"margin":54.4,"avg_discount":40.0},{"deal_name":"Store Credit - $50","times_used":14,"units":25.666666666666664,"revenue":359.6875047683716,"discounts":281.97916746139526,"cost":221.8749984105428,"profit":137.81250178813934,"pre_discount_revenue":641.6666666666667,"margin":38.3,"avg_discount":87.8},{"deal_name":"Medical - 10%","times_used":10,"units":18.0,"revenue":396.00000381469727,"discounts":43.99999976158142,"cost":159.24999952316284,"profit":236.75000429153442,"pre_discount_revenue":440.0,"margin":59.8,"avg_discount":20.0},{"deal_name":"Sammy Davis Early Bird - 15% Off","times_used":6,"units":8.0,"revenue":148.75,"discounts":51.25,"cost":72.99999952316284,"profit":75.75000047683716,"pre_discount_revenue":200.0,"margin":50.9,"avg_discount":51.2},{"deal_name":"Senior Sunday - RENO ONLY - 20% Off","times_used":6,"units":10.0,"revenue":193.99999618530273,"discounts":48.499999046325684,"cost":85.74999809265137,"profit":108.25000047683716,"pre_discount_revenue":242.5,"margin":55.8,"avg_discount":40.0},{"deal_name":"Store Credit - $100","times_used":6,"units":25.666666666666668,"revenue":252.99999952316284,"discounts":388.6666679382324,"cost":214.9583295981089,"profit":38.04166913032532,"pre_discount_revenue":641.6666666666665,"margin":15.0,"avg_discount":121.2},{"deal_name":"Neighborhood / ShareDowntown - 15%","times_used":4,"units":4.0,"revenue":85.0,"discounts":15.0,"cost":35.49999952316284,"profit":49.50000047683716,"pre_discount_revenue":100.0,"margin":58.2,"avg_discount":30.0},{"deal_name":"Store Credit - $75","times_used":2,"units":4.0,"revenue":15.199999809265137,"discounts":84.79999542236328,"cost":33.499999046325684,"profit":-18.300000429153442,"pre_discount_revenue":100.0,"margin":-120.4,"avg_discount":169.6}],"top_products":[{"product":"5:1 THC/CBN MIDNIGHT BLUEBERRY CAMINO GUMMIES - KIVA","units":14016,"revenue":287576.15234375,"cost":150736.25,"profit":136839.90234375,"transactions":9234,"margin":47.599998474121094},{"product":"WILD CHERRY CAMINO GUMMIES - KIVA","units":14812,"revenue":275659.8828125,"cost":139829.248046875,"profit":135830.625,"transactions":11382,"margin":49.29999923706055},{"product":"WATERMELON LEMONADE CAMINO GUMMIES - KIVA","units":14222,"revenue":267051.85546875,"cost":135322.548828125,"profit":131729.296875,"transactions":11212,"margin":49.29999923706055},{"product":"WILD BERRY CAMINO GUMMIES - KIVA","units":12662,"revenue":235777.94921875,"cost":119300.99609375,"profit":116476.953125,"transactions":9604,"margin":49.400001525878906},{"product":"1:1:1 THC/CBD/CBN SOUR BLACKBERRY DREAM GUMMIES - KIVA","units":9278,"revenue":190699.70703125,"cost":94530.0,"profit":96169.697265625,"transactions":5932,"margin":50.400001525878906},{"product":"SOUR WATERMELON SPRITZ GUMMIES - KIVA","units":9536,"revenue":176107.94921875,"cost":87175.0,"profit":88932.94921875,"transactions":7302,"margin":50.5},{"product":"PINEAPPLE HABANERO CAMINO GUMMIES - KIVA","units":8966,"revenue":166677.3828125,"cost":83628.876953125,"profit":83048.49609375,"transactions":6690,"margin":49.79999923706055},{"product":"SOUR STRAWBERRY SUNSET GUMMIES - KIVA","units":7888,"revenue":140799.775390625,"cost":73890.2490234375,"profit":66909.5263671875,"transactions":5916,"margin":47.5},{"product":"SOUR RASPBERRY LEMONADE GUMMIES - KIVA","units":6868,"revenue":129017.646484375,"cost":62108.5009765625,"profit":66909.150390625,"transactions":5400,"margin":51.900001525878906},{"product":"BLACKBERRY BLITZ CAMINO GUMMIES - KIVA","units":6866,"revenue":125807.421875,"cost":65670.0,"profit":60137.4267578125,"transactions":5352,"margin":47.79999923706055},{"product":"1:1 THC/CBD SOUR ORCHARD PEACH GUMMIES - KIVA","units":5548,"revenue":106840.048828125,"cost":58936.25,"profit":47903.798828125,"transactions":4244,"margin":44.79999923706055},{"product":"2:1 CBG/THC FRESHLY SQUEEZED GUMMIES - KIVA","units":4458,"revenue":90082.05078125,"cost":45607.5,"profit":44474.55078125,"transactions":3574,"margin":49.400001525878906},{"product":"1:1 THC/CBD MANGO GUMMIES - KIVA","units":2646,"revenue":54079.9267578125,"cost":28005.0,"profit":26074.92431640625,"transactions":2190,"margin":48.20000076293945},{"product":"PASSIONFRUIT PUNCH CAMINO GUMMIES - KIVA","units":462,"revenue":7379.0252685546875,"cost":4620.0,"profit":2759.0249633789062,"transactions":354,"margin":37.400001525878906}],"products_by_store":{"Elevation Springs":[{"product":"5:1 THC/CBN MIDNIGHT BLUEBERRY CAMINO GUMMIES - KIVA","units":2332,"revenue":46316.201171875,"cost":25383.75,"profit":20932.44873046875,"transactions":1494,"margin":45.20000076293945},{"product":"WILD CHERRY CAMINO GUMMIES - KIVA","units":2128,"revenue":37769.45068359375,"cost":20412.249755859375,"profit":17357.19970703125,"transactions":1638,"margin":46.0},{"product":"WATERMELON LEMONADE CAMINO GUMMIES - KIVA","units":1956,"revenue":36245.7763671875,"cost":18685.74951171875,"profit":17560.025634765625,"transactions":1596,"margin":48.400001525878906},{"product":"WILD BERRY CAMINO GUMMIES - KIVA","units":1898,"revenue":34862.275390625,"cost":17884.749755859375,"profit":16977.525634765625,"transactions":1450,"margin":48.70000076293945},{"product":"SOUR WATERMELON SPRITZ GUMMIES - KIVA","units":1502,"revenue":27111.10107421875,"cost":13461.25,"profit":13649.849853515625,"transactions":1114,"margin":50.29999923706055},{"product":"1:1:1 THC/CBD/CBN SOUR BLACKBERRY DREAM GUMMIES - KIVA","units":1284,"revenue":25828.64990234375,"cost":13216.25,"profit":12612.39990234375,"transactions":826,"margin":48.79999923706055},{"product":"1:1 THC/CBD SOUR ORCHARD PEACH GUMMIES - KIVA","units":1090,"revenue":20883.75,"cost":11542.5,"profit":9341.25,"transactions":766,"margin":44.70000076293945},{"product":"PINEAPPLE HABANERO CAMINO GUMMIES - KIVA","units":1184,"revenue":20588.85009765625,"cost":11264.749755859375,"profit":9324.100341796875,"transactions":956,"margin":45.29999923706055},{"product":"SOUR STRAWBERRY SUNSET GUMMIES - KIVA","units":1010,"revenue":17708.475341796875,"cost":9537.749633789062,"profit":8170.72509765625,"transactions":802,"margin":46.099998474121094},{"product":"2:1 CBG/THC FRESHLY SQUEEZED GUMMIES - KIVA","units":812,"revenue":15874.324951171875,"cost":8385.0,"profit":7489.324951171875,"transactions":680,"margin":47.20000076293945},{"product":"SOUR RASPBERRY LEMONADE GUMMIES - KIVA","units":864,"revenue":15795.675048828125,"cost":7765.7501220703125,"profit":8029.9249267578125,"transactions":666,"margin":50.79999923706055},{"product":"BLACKBERRY BLITZ CAMINO GUMMIES - KIVA","units":848,"revenue":14772.750244140625,"cost":8093.2501220703125,"profit":6679.5001220703125,"transactions":688,"margin":45.20000076293945},{"product":"1:1 THC/CBD MANGO GUMMIES - KIVA","units":446,"revenue":8883.099975585938,"cost":4792.5,"profit":4090.5999755859375,"transactions":364,"margin":46.0},{"product":"PASSIONFRUIT PUNCH CAMINO GUMMIES - KIVA","units":58,"revenue":785.9249877929688,"cost":580.0,"profit":205.92498779296875,"transactions":34,"margin":26.200000762939453}],"Elevation Mesa":[{"product":"5:1 THC/CBN MIDNIGHT BLUEBERRY CAMINO GUMMIES - KIVA","units":1856,"revenue":35597.5,"cost":20032.5,"profit":15565.0,"transactions":1286,"margin":43.70000076293945},{"product":"WILD BERRY CAMINO GUMMIES - KIVA","units":1980,"revenue":34146.4013671875,"cost":18925.74951171875,"profit":15220.650634765625,"transactions":1396,"margin":44.599998474121094},{"product":"WATERMELON LEMONADE CAMINO GUMMIES - KIVA","units":1872,"revenue":32003.1005859375,"cost":17943.24951171875,"profit":14059.849853515625,"transactions":1388,"margin":43.900001525878906},{"product":"WILD CHERRY CAMINO GUMMIES - KIVA","units":1880,"revenue":31931.35009765625,"cost":17922.5,"profit":14008.85009765625,"transactions":1354,"margin":43.900001525878906},{"product":"1:1:1 THC/CBD/CBN SOUR BLACKBERRY DREAM GUMMIES - KIVA","units":1390,"revenue":26574.9755859375,"cost":14126.25,"profit":12448.7255859375,"transactions":896,"margin":46.79999923706055},{"product":"PINEAPPLE HABANERO CAMINO GUMMIES - KIVA","units":1442,"revenue":25337.1240234375,"cost":13445.875244140625,"profit":11891.25,"transactions":978,"margin":46.900001525878906},{"product":"SOUR STRAWBERRY SUNSET GUMMIES - KIVA","units":1390,"revenue":23180.17578125,"cost":13139.49951171875,"profit":10040.675048828125,"transactions":1068,"margin":43.29999923706055},{"product":"SOUR WATERMELON SPRITZ GUMMIES - KIVA","units":1300,"revenue":21879.3505859375,"cost":11923.24951171875,"profit":9956.099853515625,"transactions":998,"margin":45.5},{"product":"BLACKBERRY BLITZ CAMINO GUMMIES - KIVA","units":994,"revenue":16259.67529296875,"cost":9657.249755859375,"profit":6602.4249267578125,"transactions":768,"margin":40.599998474121094},{"product":"2:1 CBG/THC FRESHLY SQUEEZED GUMMIES - KIVA","units":720,"revenue":13976.875,"cost":7297.5,"profit":6679.375,"transactions":584,"margin":47.79999923706055},{"product":"SOUR RASPBERRY LEMONADE GUMMIES - KIVA","units":772,"revenue":13587.650146484375,"cost":7034.2498779296875,"profit":6553.4002685546875,"transactions":616,"margin":48.20000076293945},{"product":"1:1 THC/CBD SOUR ORCHARD PEACH GUMMIES - KIVA","units":520,"revenue":9325.549926757812,"cost":5737.5,"profit":3588.0499267578125,"transactions":410,"margin":38.5},{"product":"1:1 THC/CBD MANGO GUMMIES - KIVA","units":280,"revenue":5280.2252197265625,"cost":2951.25,"profit":2328.9749145507812,"transactions":242,"margin":44.099998474121094},{"product":"PASSIONFRUIT PUNCH CAMINO GUMMIES - KIVA","units":60,"revenue":883.2250213623047,"cost":600.0,"profit":283.22500228881836,"transactions":36,"margin":32.099998474121094}],"Elevation Oasis":[{"product":"5:1 THC/CBN MIDNIGHT BLUEBERRY CAMINO GUMMIES - KIVA","units":2970,"revenue":60466.6259765625,"cost":31736.25,"profit":28730.3759765625,"transactions":1694,"margin":47.5},{"product":"WILD CHERRY CAMINO GUMMIES - KIVA","units":3032,"revenue":54590.2734375,"cost":28760.0,"profit":25830.27587890625,"transactions":2048,"margin":47.29999923706055},{"product":"1:1:1 THC/CBD/CBN SOUR BLACKBERRY DREAM GUMMIES - KIVA","units":2624,"revenue":53776.2255859375,"cost":27157.5,"profit":26618.7255859375,"transactions":1354,"margin":49.5},{"product":"WILD BERRY CAMINO GUMMIES - KIVA","units":2868,"revenue":52870.4248046875,"cost":26869.7509765625,"profit":26000.67626953125,"transactions":1984,"margin":49.20000076293945},{"product":"WATERMELON LEMONADE CAMINO GUMMIES - KIVA","units":2510,"revenue":45242.1484375,"cost":24088.30078125,"profit":21153.85009765625,"transactions":1654,"margin":46.79999923706055},{"product":"SOUR WATERMELON SPRITZ GUMMIES - KIVA","units":2250,"revenue":41066.376953125,"cost":21030.0,"profit":20036.37451171875,"transactions":1556,"margin":48.79999923706055},{"product":"PINEAPPLE HABANERO CAMINO GUMMIES - KIVA","units":2190,"revenue":39889.3505859375,"cost":20434.249267578125,"profit":19455.10009765625,"transactions":1488,"margin":48.79999923706055},{"product":"SOUR STRAWBERRY SUNSET GUMMIES - KIVA","units":2136,"revenue":37579.65087890625,"cost":20222.5,"profit":17357.149658203125,"transactions":1314,"margin":46.20000076293945},{"product":"BLACKBERRY BLITZ CAMINO GUMMIES - KIVA","units":1736,"revenue":31664.375,"cost":16583.24951171875,"profit":15081.12548828125,"transactions":1176,"margin":47.599998474121094},{"product":"SOUR RASPBERRY LEMONADE GUMMIES - KIVA","units":1682,"revenue":31337.15087890625,"cost":15360.74951171875,"profit":15976.400146484375,"transactions":1114,"margin":51.0},{"product":"1:1 THC/CBD SOUR ORCHARD PEACH GUMMIES - KIVA","units":1410,"revenue":27158.57421875,"cost":14962.5,"profit":12196.075439453125,"transactions":962,"margin":44.900001525878906},{"product":"2:1 CBG/THC FRESHLY SQUEEZED GUMMIES - KIVA","units":1110,"revenue":22779.7509765625,"cost":11268.75,"profit":11510.999755859375,"transactions":814,"margin":50.5},{"product":"1:1 THC/CBD MANGO GUMMIES - KIVA","units":580,"revenue":11944.449462890625,"cost":6187.5,"profit":5756.9500732421875,"transactions":438,"margin":48.20000076293945},{"product":"PASSIONFRUIT PUNCH CAMINO GUMMIES - KIVA","units":60,"revenue":1029.3250274658203,"cost":600.0,"profit":429.32498931884766,"transactions":42,"margin":41.70000076293945}],"Elevation Downtown":[{"product":"WILD CHERRY CAMINO GUMMIES - KIVA","units":690,"revenue":14136.500244140625,"cost":6158.9996337890625,"profit":7977.5,"transactions":608,"margin":56.400001525878906},{"product":"WATERMELON LEMONADE CAMINO GUMMIES - KIVA","units":602,"revenue":12003.64990234375,"cost":5431.7498779296875,"profit":6571.9000244140625,"transactions":560,"margin":54.70000076293945},{"product":"5:1 THC/CBN MIDNIGHT BLUEBERRY CAMINO GUMMIES - KIVA","units":420,"revenue":8723.474731445312,"cost":4275.0,"profit":4448.475036621094,"transactions":350,"margin":51.0},{"product":"SOUR WATERMELON SPRITZ GUMMIES - KIVA","units":416,"revenue":7774.89990234375,"cost":3567.5,"profit":4207.39990234375,"transactions":358,"margin":54.099998474121094},{"product":"1:1:1 THC/CBD/CBN SOUR BLACKBERRY DREAM GUMMIES - KIVA","units":272,"revenue":5871.624755859375,"cost":2550.0,"profit":3321.6250610351562,"transactions":216,"margin":56.599998474121094},{"product":"1:1 THC/CBD SOUR ORCHARD PEACH GUMMIES - KIVA","units":280,"revenue":5511.624755859375,"cost":3022.5,"profit":2489.1250610351562,"transactions":252,"margin":45.20000076293945},{"product":"SOUR RASPBERRY LEMONADE GUMMIES - KIVA","units":286,"revenue":5509.2498779296875,"cost":2395.2499389648438,"profit":3113.9999389648438,"transactions":248,"margin":56.5},{"product":"WILD BERRY CAMINO GUMMIES - KIVA","units":214,"revenue":4531.875,"cost":1792.2499084472656,"profit":2739.6249389648438,"transactions":202,"margin":60.5},{"product":"PINEAPPLE HABANERO CAMINO GUMMIES - KIVA","units":202,"revenue":4306.499938964844,"cost":1691.7500305175781,"profit":2614.7500610351562,"transactions":168,"margin":60.70000076293945},{"product":"SOUR STRAWBERRY SUNSET GUMMIES - KIVA","units":212,"revenue":3864.2501831054688,"cost":1970.5000305175781,"profit":1893.75,"transactions":176,"margin":49.0},{"product":"BLACKBERRY BLITZ CAMINO GUMMIES - KIVA","units":136,"revenue":2800.625,"cost":1165.0,"profit":1635.625,"transactions":114,"margin":58.400001525878906},{"product":"2:1 CBG/THC FRESHLY SQUEEZED GUMMIES - KIVA","units":124,"revenue":2781.875,"cost":1162.5,"profit":1619.375,"transactions":114,"margin":58.20000076293945},{"product":"1:1 THC/CBD MANGO GUMMIES - KIVA","units":60,"revenue":1322.5,"cost":562.5,"profit":760.0,"transactions":58,"margin":57.5}],"Elevation Midtown":[{"product":"5:1 THC/CBN MIDNIGHT BLUEBERRY CAMINO GUMMIES - KIVA","units":2882,"revenue":61454.326171875,"cost":30903.75,"profit":30550.57373046875,"transactions":1832,"margin":49.70000076293945},{"product":"WILD BERRY CAMINO GUMMIES - KIVA","units":2370,"revenue":45634.55078125,"cost":22240.74951171875,"profit":23393.80126953125,"transactions":1894,"margin":51.29999923706055},{"product":"WILD CHERRY CAMINO GUMMIES - KIVA","units":2308,"revenue":44328.4228515625,"cost":21520.0,"profit":22808.42529296875,"transactions":1886,"margin":51.5},{"product":"WATERMELON LEMONADE CAMINO GUMMIES - KIVA","units":2218,"revenue":42774.90234375,"cost":21094.49951171875,"profit":21680.400390625,"transactions":1850,"margin":50.70000076293945},{"product":"1:1:1 THC/CBD/CBN SOUR BLACKBERRY DREAM GUMMIES - KIVA","units":1482,"revenue":32025.576171875,"cost":14562.5,"profit":17463.074951171875,"transactions":1066,"margin":54.5},{"product":"SOUR WATERMELON SPRITZ GUMMIES - KIVA","units":1454,"revenue":28135.97412109375,"cost":13082.999267578125,"profit":15052.974853515625,"transactions":1178,"margin":53.5},{"product":"SOUR RASPBERRY LEMONADE GUMMIES - KIVA","units":1334,"revenue":26210.32470703125,"cost":11913.24951171875,"profit":14297.0751953125,"transactions":1136,"margin":54.5},{"product":"BLACKBERRY BLITZ CAMINO GUMMIES - KIVA","units":1318,"revenue":24647.5,"cost":12549.49951171875,"profit":12098.00048828125,"transactions":1092,"margin":49.099998474121094},{"product":"PINEAPPLE HABANERO CAMINO GUMMIES - KIVA","units":1142,"revenue":22378.3740234375,"cost":10623.75,"profit":11754.625244140625,"transactions":928,"margin":52.5},{"product":"SOUR STRAWBERRY SUNSET GUMMIES - KIVA","units":1064,"revenue":19818.85009765625,"cost":9820.999755859375,"profit":9997.850341796875,"transactions":870,"margin":50.400001525878906},{"product":"1:1 THC/CBD SOUR ORCHARD PEACH GUMMIES - KIVA","units":824,"revenue":16810.12451171875,"cost":8632.5,"profit":8177.6251220703125,"transactions":682,"margin":48.599998474121094},{"product":"2:1 CBG/THC FRESHLY SQUEEZED GUMMIES - KIVA","units":770,"revenue":16057.5,"cost":7878.75,"profit":8178.75,"transactions":650,"margin":50.900001525878906},{"product":"1:1 THC/CBD MANGO GUMMIES - KIVA","units":580,"revenue":12128.599853515625,"cost":6082.5,"profit":6046.099853515625,"transactions":500,"margin":49.79999923706055},{"product":"PASSIONFRUIT PUNCH CAMINO GUMMIES - KIVA","units":60,"revenue":919.2749786376953,"cost":600.0,"profit":319.27499771118164,"transactions":40,"margin":34.70000076293945}],"Elevation Boulevard":[{"product":"WATERMELON LEMONADE CAMINO GUMMIES - KIVA","units":1600,"revenue":28486.77490234375,"cost":15021.75048828125,"profit":13465.025634765625,"transactions":1204,"margin":47.29999923706055},{"product":"5:1 THC/CBN MIDNIGHT BLUEBERRY CAMINO GUMMIES - KIVA","units":1310,"revenue":25466.07421875,"cost":13906.25,"profit":11559.825439453125,"transactions":894,"margin":45.400001525878906},{"product":"WILD CHERRY CAMINO GUMMIES - KIVA","units":1246,"revenue":21714.85107421875,"cost":11683.24951171875,"profit":10031.600341796875,"transactions":860,"margin":46.20000076293945},{"product":"WILD BERRY CAMINO GUMMIES - KIVA","units":1066,"revenue":18692.80029296875,"cost":10084.749755859375,"profit":8608.049926757812,"transactions":822,"margin":46.099998474121094},{"product":"PINEAPPLE HABANERO CAMINO GUMMIES - KIVA","units":938,"revenue":17157.674560546875,"cost":8600.0,"profit":8557.675170898438,"transactions":634,"margin":49.900001525878906},{"product":"SOUR WATERMELON SPRITZ GUMMIES - KIVA","units":870,"revenue":14960.174560546875,"cost":7915.7501220703125,"profit":7044.425048828125,"transactions":664,"margin":47.099998474121094},{"product":"1:1:1 THC/CBD/CBN SOUR BLACKBERRY DREAM GUMMIES - KIVA","units":758,"revenue":14582.275390625,"cost":7751.25,"profit":6831.0247802734375,"transactions":528,"margin":46.79999923706055},{"product":"SOUR STRAWBERRY SUNSET GUMMIES - KIVA","units":676,"revenue":11743.175048828125,"cost":5982.249755859375,"profit":5760.92529296875,"transactions":514,"margin":49.099998474121094},{"product":"SOUR RASPBERRY LEMONADE GUMMIES - KIVA","units":578,"revenue":9758.624877929688,"cost":5390.0,"profit":4368.625183105469,"transactions":468,"margin":44.79999923706055},{"product":"BLACKBERRY BLITZ CAMINO GUMMIES - KIVA","units":482,"revenue":8326.925048828125,"cost":4586.000061035156,"profit":3740.9249877929688,"transactions":406,"margin":44.900001525878906},{"product":"1:1 THC/CBD SOUR ORCHARD PEACH GUMMIES - KIVA","units":476,"revenue":7615.10009765625,"cost":4942.5,"profit":2672.60009765625,"transactions":382,"margin":35.099998474121094},{"product":"2:1 CBG/THC FRESHLY SQUEEZED GUMMIES - KIVA","units":398,"revenue":7406.500244140625,"cost":4166.25,"profit":3240.2499389648438,"transactions":318,"margin":43.70000076293945},{"product":"1:1 THC/CBD MANGO GUMMIES - KIVA","units":298,"revenue":5711.500244140625,"cost":3127.5,"profit":2583.9999389648438,"transactions":240,"margin":45.20000076293945},{"product":"PASSIONFRUIT PUNCH CAMINO GUMMIES - KIVA","units":104,"revenue":1602.8750610351562,"cost":1040.0,"profit":562.8749847412109,"transactions":98,"margin":35.099998474121094}],"Elevation Parkway":[{"product":"WILD CHERRY CAMINO GUMMIES - KIVA","units":3528,"revenue":71189.0234375,"cost":33372.24853515625,"profit":37816.77490234375,"transactions":2988,"margin":53.099998474121094},{"product":"WATERMELON LEMONADE CAMINO GUMMIES - KIVA","units":3464,"revenue":70295.498046875,"cost":33057.2509765625,"profit":37238.24951171875,"transactions":2960,"margin":53.0},{"product":"5:1 THC/CBN MIDNIGHT BLUEBERRY CAMINO GUMMIES - KIVA","units":2246,"revenue":49551.9482421875,"cost":24498.75,"profit":25053.20068359375,"transactions":1684,"margin":50.599998474121094},{"product":"WILD BERRY CAMINO GUMMIES - KIVA","units":2266,"revenue":45039.6240234375,"cost":21503.00048828125,"profit":23536.6259765625,"transactions":1856,"margin":52.29999923706055},{"product":"PINEAPPLE HABANERO CAMINO GUMMIES - KIVA","units":1868,"revenue":37019.49951171875,"cost":17568.499755859375,"profit":19450.999755859375,"transactions":1538,"margin":52.5},{"product":"SOUR WATERMELON SPRITZ GUMMIES - KIVA","units":1744,"revenue":35180.07568359375,"cost":16194.25048828125,"profit":18985.8251953125,"transactions":1434,"margin":54.0},{"product":"1:1:1 THC/CBD/CBN SOUR BLACKBERRY DREAM GUMMIES - KIVA","units":1468,"revenue":32040.3759765625,"cost":15166.25,"profit":16874.124755859375,"transactions":1046,"margin":52.70000076293945},{"product":"BLACKBERRY BLITZ CAMINO GUMMIES - KIVA","units":1352,"revenue":27335.576171875,"cost":13035.74951171875,"profit":14299.825439453125,"transactions":1108,"margin":52.29999923706055},{"product":"SOUR STRAWBERRY SUNSET GUMMIES - KIVA","units":1400,"revenue":26905.2001953125,"cost":13216.75048828125,"profit":13688.44970703125,"transactions":1172,"margin":50.900001525878906},{"product":"SOUR RASPBERRY LEMONADE GUMMIES - KIVA","units":1352,"revenue":26818.974609375,"cost":12249.249267578125,"profit":14569.725341796875,"transactions":1152,"margin":54.29999923706055},{"product":"1:1 THC/CBD SOUR ORCHARD PEACH GUMMIES - KIVA","units":948,"revenue":19535.32470703125,"cost":10096.25,"profit":9439.07470703125,"transactions":790,"margin":48.29999923706055},{"product":"2:1 CBG/THC FRESHLY SQUEEZED GUMMIES - KIVA","units":524,"revenue":11205.224609375,"cost":5448.75,"profit":5756.4752197265625,"transactions":414,"margin":51.400001525878906},{"product":"1:1 THC/CBD MANGO GUMMIES - KIVA","units":402,"revenue":8809.550170898438,"cost":4301.25,"profit":4508.299865722656,"transactions":348,"margin":51.20000076293945},{"product":"PASSIONFRUIT PUNCH CAMINO GUMMIES - KIVA","units":120,"revenue":2158.3999633789062,"cost":1200.0,"profit":958.3999633789062,"transactions":104,"margin":44.400001525878906}]},"store_summary":[{"store_clean":"Elevation Oasis","units":27158,"revenue":511394.6875,"cost":265261.2890625,"profit":246133.3984375,"discounts":142197.802734375,"margin":48.099998474121094,"discount_rate":21.799999237060547},{"store_clean":"Elevation Parkway","units":22682,"revenue":463084.296875,"cost":220908.2421875,"profit":242176.0546875,"discounts":78005.6982421875,"margin":52.29999923706055,"discount_rate":14.399999618530273},{"store_clean":"Elevation Midtown","units":19806,"revenue":393324.296875,"cost":191505.7421875,"profit":201818.5546875,"discounts":85630.703125,"margin":51.29999923706055,"discount_rate":17.899999618530273},{"store_clean":"Elevation Springs","units":17412,"revenue":323426.30859375,"cost":171005.5078125,"profit":152420.80078125,"discounts":97476.201171875,"margin":47.099998474121094,"discount_rate":23.200000762939453},{"store_clean":"Elevation Mesa","units":16456,"revenue":289963.18359375,"cost":160736.62109375,"profit":129226.552734375,"discounts":103221.826171875,"margin":44.599998474121094,"discount_rate":26.299999237060547},{"store_clean":"Elevation Boulevard","units":10800,"revenue":193225.33203125,"cost":104197.5,"profit":89027.822265625,"discounts":65899.6728515625,"margin":46.099998474121094,"discount_rate":25.399999618530273},{"store_clean":"Elevation Downtown","units":3914,"revenue":79138.65234375,"cost":35745.50048828125,"profit":43393.1494140625,"discounts":16996.35009765625,"margin":54.79999923706055,"discount_rate":17.700000762939453}],"recommendations":[{"severity":"info","title":"VOLUME LEVERAGE","detail":"$901,423 revenue provides negotiating leverage.","action":"Use volume as leverage in next vendor meeting."}],"comparison":null}