{"brand":"CANNAVORE","date_range":"2024-01-01 00:00:00 to 2026-01-31 00:00:00","period_label":"All Time","summary":{"total_units":27608,"total_revenue":356072.8515625,"total_cost":147651.923828125,"total_discounts":176455.8984375,"total_profit":208420.9375,"overall_margin":58.5,"fp_margin":69.5999984741211,"disc_margin":56.0,"pct_full_price":18.799999237060547,"avg_discount_rate":33.099998474121094,"fp_revenue":67072.5,"disc_revenue":289000.3515625,"unique_customers":8576,"brand":"CANNAVORE","date_range":"2024-01-01 00:00:00 to 2026-01-31 00:00:00","months_count":32,"avg_monthly_cost":9228.25,"cost_per_unit":10.700000000000001,"primary_category":"EDIBLE","primary_cat_margin":50.0,"category_rank":14,"category_total":32,"margin_vs_category":8.5,"velocity_rank":13},"category_breakdown":[{"category_clean":"EDIBLE","units":27608,"revenue":356072.8515625,"cost":147651.923828125,"profit":208420.91796875,"discounts":176455.8984375,"margin":58.5,"category_avg_margin":50.0,"vs_category":8.5,"rank":14.0,"total_brands":32.0}],"trend":[{"period":"2024-01","revenue":8359.500122070312,"cost":4298.75,"margin":48.6,"units":362,"transactions":220,"profit":4060.7501220703125,"revenue_change_pct":null,"units_change_pct":null,"margin_change_pts":null},{"period":"2024-02","revenue":6333.75,"cost":3063.75,"margin":51.6,"units":258,"transactions":180,"profit":3270.0,"revenue_change_pct":-24.2,"units_change_pct":-28.7,"margin_change_pts":3.1},{"period":"2024-03","revenue":8523.925170898438,"cost":4370.0,"margin":48.7,"units":368,"transactions":254,"profit":4153.9251708984375,"revenue_change_pct":34.6,"units_change_pct":42.6,"margin_change_pts":-2.9},{"period":"2024-04","revenue":13720.899658203125,"cost":8407.5,"margin":38.7,"units":708,"transactions":460,"profit":5313.4002685546875,"revenue_change_pct":61.0,"units_change_pct":92.4,"margin_change_pts":-10.0},{"period":"2024-05","revenue":1036.500015258789,"cost":522.5,"margin":49.6,"units":44,"transactions":36,"profit":514.0000152587891,"revenue_change_pct":-92.4,"units_change_pct":-93.8,"margin_change_pts":10.9},{"period":"2024-06","revenue":863.4999847412109,"cost":403.75,"margin":53.2,"units":34,"transactions":20,"profit":459.74998474121094,"revenue_change_pct":-16.7,"units_change_pct":-22.7,"margin_change_pts":3.7},{"period":"2024-07","revenue":541.9999694824219,"cost":285.0,"margin":47.4,"units":24,"transactions":20,"profit":257.00000762939453,"revenue_change_pct":-37.2,"units_change_pct":-29.4,"margin_change_pts":-5.8},{"period":"2024-08","revenue":49.49999809265137,"cost":23.75,"margin":52.0,"units":2,"transactions":2,"profit":25.750000476837158,"revenue_change_pct":-90.9,"units_change_pct":-91.7,"margin_change_pts":4.6},{"period":"2025-06","revenue":16613.62548828125,"cost":5004.375,"margin":69.9,"units":1350,"transactions":618,"profit":11609.25048828125,"revenue_change_pct":33462.9,"units_change_pct":67400.0,"margin_change_pts":17.9},{"period":"2025-07","revenue":47721.3232421875,"cost":21022.548828125,"margin":55.9,"units":4408,"transactions":1612,"profit":26698.7744140625,"revenue_change_pct":187.2,"units_change_pct":226.5,"margin_change_pts":-13.9},{"period":"2025-08","revenue":29443.92578125,"cost":13610.0,"margin":53.8,"units":2722,"transactions":1022,"profit":15833.924560546875,"revenue_change_pct":-38.3,"units_change_pct":-38.2,"margin_change_pts":-2.2},{"period":"2025-09","revenue":35649.89990234375,"cost":14820.0,"margin":58.4,"units":2964,"transactions":1144,"profit":20829.89990234375,"revenue_change_pct":21.1,"units_change_pct":8.9,"margin_change_pts":4.7},{"period":"2025-10","revenue":34435.0,"cost":13120.0,"margin":61.9,"units":2624,"transactions":1118,"profit":21315.0,"revenue_change_pct":-3.4,"units_change_pct":-11.5,"margin_change_pts":3.5},{"period":"2025-11","revenue":47646.4013671875,"cost":18830.0,"margin":60.5,"units":3766,"transactions":1592,"profit":28816.39892578125,"revenue_change_pct":38.4,"units_change_pct":43.5,"margin_change_pts":-1.4},{"period":"2025-12","revenue":55455.0732421875,"cost":21090.0,"margin":62.0,"units":4218,"transactions":1770,"profit":34365.07568359375,"revenue_change_pct":16.4,"units_change_pct":12.0,"margin_change_pts":1.5},{"period":"2026-01","revenue":49678.02734375,"cost":18780.0,"margin":62.2,"units":3756,"transactions":1478,"profit":30898.02490234375,"revenue_change_pct":-10.4,"units_change_pct":-11.0,"margin_change_pts":0.2}],"share_of_category":[{"category":"EDIBLE","brand_revenue":356072.8515625,"category_revenue":29378492.5,"revenue_share_pct":1.2000000476837158,"brand_units":27608,"category_units":1706530,"units_share_pct":1.6}],"share_of_category_trend":{"EDIBLE":[{"period":"2024-01","brand_revenue":8359.500122070312,"category_revenue":1115754.921875,"share_pct":0.699999988079071},{"period":"2024-02","brand_revenue":6333.75,"category_revenue":1235210.0,"share_pct":0.5},{"period":"2024-03","brand_revenue":8523.925170898438,"category_revenue":1273343.671875,"share_pct":0.699999988079071},{"period":"2024-04","brand_revenue":13720.899658203125,"category_revenue":1298159.0625,"share_pct":1.100000023841858},{"period":"2024-05","brand_revenue":1036.500015258789,"category_revenue":1215880.78125,"share_pct":0.10000000149011612},{"period":"2024-06","brand_revenue":863.4999847412109,"category_revenue":1181362.421875,"share_pct":0.10000000149011612},{"period":"2024-07","brand_revenue":541.9999694824219,"category_revenue":1128302.8125,"share_pct":0.0},{"period":"2024-08","brand_revenue":49.49999809265137,"category_revenue":1167724.921875,"share_pct":0.0},{"period":"2024-09","brand_revenue":0.0,"category_revenue":1114619.53125,"share_pct":0.0},{"period":"2024-10","brand_revenue":0.0,"category_revenue":1205149.0625,"share_pct":0.0},{"period":"2024-11","brand_revenue":0.0,"category_revenue":1236132.421875,"share_pct":0.0},{"period":"2024-12","brand_revenue":0.0,"category_revenue":1207318.046875,"share_pct":0.0},{"period":"2025-01","brand_revenue":0.0,"category_revenue":1176202.578125,"share_pct":0.0},{"period":"2025-02","brand_revenue":0.0,"category_revenue":1097683.359375,"share_pct":0.0},{"period":"2025-03","brand_revenue":0.0,"category_revenue":1228067.265625,"share_pct":0.0},{"period":"2025-04","brand_revenue":0.0,"category_revenue":1290106.171875,"share_pct":0.0},{"period":"2025-05","brand_revenue":0.0,"category_revenue":1191670.3125,"share_pct":0.0},{"period":"2025-06","brand_revenue":16613.62548828125,"category_revenue":1110702.109375,"share_pct":1.5},{"period":"2025-07","brand_revenue":47721.3232421875,"category_revenue":1096938.125,"share_pct":4.400000095367432},{"period":"2025-08","brand_revenue":29443.92578125,"category_revenue":1145920.859375,"share_pct":2.5999999046325684},{"period":"2025-09","brand_revenue":35649.89990234375,"category_revenue":1070074.53125,"share_pct":3.299999952316284},{"period":"2025-10","brand_revenue":34435.0,"category_revenue":1168865.78125,"share_pct":2.9000000953674316},{"period":"2025-11","brand_revenue":47646.4013671875,"category_revenue":1192334.453125,"share_pct":4.0},{"period":"2025-12","brand_revenue":55455.0732421875,"category_revenue":1138094.375,"share_pct":4.900000095367432},{"period":"2026-01","brand_revenue":49678.02734375,"category_revenue":1092874.21875,"share_pct":4.5}]},"discount_depth":[{"tier":"0% (Full Price)","transactions":2930,"pct_of_transactions":17.8,"revenue":67072.5,"avg_discount":0.0},{"tier":"1-10%","transactions":500,"pct_of_transactions":3.0,"revenue":12408.60107421875,"avg_discount":19.799999237060547},{"tier":"11-20%","transactions":210,"pct_of_transactions":1.3,"revenue":4846.9500732421875,"avg_discount":38.20000076293945},{"tier":"21-30%","transactions":456,"pct_of_transactions":2.8,"revenue":8797.649536132812,"avg_discount":57.79999923706055},{"tier":"31%+","transactions":11518,"pct_of_transactions":70.0,"revenue":249515.8984375,"avg_discount":78.4000015258789}],"velocity":{"units_per_day":36.28,"revenue_per_day":467.90000915527344,"avg_units_per_txn":4.78,"days_of_data":761,"total_units":27608,"total_transactions":11546},"velocity_by_category":[{"category":"EDIBLE","brand_units_per_day":36.24,"category_avg_units_per_day":69.98,"velocity_index":51.8,"brand_rev_per_unit":10.32,"category_rev_per_unit":13.77,"brands_in_category":32}],"deals":[{"deal_name":"Lit4Less - Edibles 4 for $40","times_used":3436,"units":11363.0,"revenue":141520.6500005722,"discounts":71553.10000419617,"cost":56815.0,"profit":84705.65000221133,"pre_discount_revenue":213073.75,"margin":59.9,"avg_discount":67.2},{"deal_name":"Lit4Less - SIP / Uncle Arnies /Cannavore/Hippies - 4 for $32","times_used":2126,"units":7514.0,"revenue":75014.12500143051,"discounts":66555.87499856949,"cost":37570.0,"profit":37444.12500217557,"pre_discount_revenue":141570.0,"margin":49.9,"avg_discount":94.0},{"deal_name":"Industry 30% Off","times_used":542,"units":696.3333333333334,"revenue":8990.574977000555,"discounts":4029.4249931971235,"cost":3242.266666653256,"profit":5748.308347562948,"pre_discount_revenue":13020.0,"margin":63.9,"avg_discount":61.8},{"deal_name":"50% Off - G2B","times_used":294,"units":592.0,"revenue":5504.999998211861,"discounts":5595.0,"cost":2960.0,"profit":2545.0,"pre_discount_revenue":11100.0,"margin":46.2,"avg_discount":100.8},{"deal_name":"Senior - 10% Off","times_used":214,"units":308.0,"revenue":5633.749957084656,"discounts":716.2500029802322,"cost":1963.8249999983236,"profit":3669.925012588501,"pre_discount_revenue":6350.0,"margin":65.1,"avg_discount":22.6},{"deal_name":"Stock & Save - SIP / Uncle Arnies /Cannavore 4 for $32","times_used":174,"units":698.0,"revenue":6980.0,"discounts":5417.5,"cost":3490.0,"profit":3490.0,"pre_discount_revenue":12397.5,"margin":50.0,"avg_discount":87.4},{"deal_name":"30% Off Special","times_used":160,"units":262.0,"revenue":3096.2499380111694,"discounts":1301.2499845027924,"cost":529.7999999625608,"profit":2566.450057029724,"pre_discount_revenue":4397.5,"margin":82.9,"avg_discount":59.2},{"deal_name":"Cannavore BOGO","times_used":116,"units":278.0,"revenue":3810.900033712387,"discounts":3834.09996509552,"cost":3301.25,"profit":509.65000092983246,"pre_discount_revenue":7645.0,"margin":13.4,"avg_discount":100.4},{"deal_name":"Jackpot - Locals 30% Off","times_used":96,"units":138.0,"revenue":1841.4999961853027,"discounts":815.9999990463257,"cost":745.0,"profit":1096.5000009536743,"pre_discount_revenue":2657.5,"margin":59.5,"avg_discount":61.4},{"deal_name":"Industry - 30% Off","times_used":90,"units":112.0,"revenue":2117.9999482631683,"discounts":946.9999885559082,"cost":1330.0,"profit":788.0000132322311,"pre_discount_revenue":3065.0,"margin":37.2,"avg_discount":61.8},{"deal_name":"Veterans - 10% Off","times_used":84,"units":102.0,"revenue":1876.4999794960022,"discounts":221.00000143051147,"cost":637.5249999994412,"profit":1238.975007534027,"pre_discount_revenue":2097.5,"margin":66.0,"avg_discount":21.0},{"deal_name":"Employee 30% - NOT FRIDAYS","times_used":62,"units":86.0,"revenue":1119.9999952316284,"discounts":479.9999988079071,"cost":390.0999999977648,"profit":729.9000036716461,"pre_discount_revenue":1600.0,"margin":65.2,"avg_discount":60.0},{"deal_name":"Senior / Veterans - 20% Off","times_used":58,"units":74.0,"revenue":1140.0000047683716,"discounts":285.0000011920929,"cost":391.2999999988824,"profit":748.7000036239624,"pre_discount_revenue":1425.0,"margin":65.7,"avg_discount":40.0},{"deal_name":"4/20 40% Off!!!!","times_used":46,"units":62.0,"revenue":1022.9999804496765,"discounts":682.0000100135803,"cost":736.25,"profit":286.7500048875809,"pre_discount_revenue":1705.0,"margin":28.0,"avg_discount":80.0},{"deal_name":"Employee - 40% OFF","times_used":36,"units":80.0,"revenue":931.4999985694885,"discounts":621.0000014305115,"cost":370.0749999983236,"profit":561.4249968528748,"pre_discount_revenue":1552.5,"margin":60.3,"avg_discount":80.0},{"deal_name":"Store Credit - $25","times_used":24,"units":43.333333333333336,"revenue":372.3374994595846,"discounts":440.1624993483225,"cost":216.66666666666669,"profit":155.67083323995274,"pre_discount_revenue":812.5,"margin":41.8,"avg_discount":108.4},{"deal_name":"Store Credit - $15","times_used":22,"units":36.333333333333336,"revenue":419.94999965031946,"discounts":278.8000000516574,"cost":181.66666666666669,"profit":238.28333298365277,"pre_discount_revenue":698.75,"margin":56.7,"avg_discount":79.8},{"deal_name":"25-30% Off","times_used":16,"units":28.0,"revenue":577.5,"discounts":192.5,"cost":332.5,"profit":245.0,"pre_discount_revenue":770.0,"margin":42.4,"avg_discount":50.0},{"deal_name":"Store Credit - $50","times_used":14,"units":36.0,"revenue":322.7999997138977,"discounts":352.2000014781952,"cost":180.0,"profit":142.80000008642673,"pre_discount_revenue":675.0,"margin":44.2,"avg_discount":104.4},{"deal_name":"LVAC - 25% Off","times_used":8,"units":14.0,"revenue":186.5499997138977,"discounts":62.200000286102295,"cost":60.02499999944121,"profit":126.52500033378601,"pre_discount_revenue":248.75,"margin":67.8,"avg_discount":50.0},{"deal_name":"Cannavore 2 for $30","times_used":8,"units":16.0,"revenue":300.0,"discounts":145.0,"cost":190.0,"profit":110.0,"pre_discount_revenue":445.0,"margin":36.7,"avg_discount":65.2},{"deal_name":"Store Credit - $100","times_used":4,"units":18.0,"revenue":177.26250171661377,"discounts":160.23749828338623,"cost":90.0,"profit":87.26250171661377,"pre_discount_revenue":337.5,"margin":49.2,"avg_discount":95.0},{"deal_name":"Store Credit - $75","times_used":4,"units":11.0,"revenue":105.77499866485596,"discounts":100.47500133514404,"cost":55.0,"profit":50.77499985694885,"pre_discount_revenue":206.25,"margin":48.0,"avg_discount":97.4},{"deal_name":"Sammy Davis Early Bird - 15% Off","times_used":2,"units":2.0,"revenue":31.875,"discounts":5.625,"cost":10.0,"profit":21.875,"pre_discount_revenue":37.5,"margin":68.6,"avg_discount":30.0},{"deal_name":"Senior Sunday - RENO ONLY - 20% Off","times_used":2,"units":2.0,"revenue":30.0,"discounts":7.5,"cost":10.0,"profit":20.0,"pre_discount_revenue":37.5,"margin":66.7,"avg_discount":40.0},{"deal_name":"Stock & Save - SIP / Uncle Arnies 4 for $32","times_used":2,"units":8.0,"revenue":80.0,"discounts":140.0,"cost":0.09999999776482582,"profit":79.89999771118164,"pre_discount_revenue":220.0,"margin":99.9,"avg_discount":127.2}],"top_products":[{"product":"1:1 THC/CBG STRAWBERRY WATERMELON LEMONADE GUMMIES - CANNAVORE","units":8104,"revenue":100127.8515625,"cost":40520.0,"profit":59607.8515625,"transactions":4760,"margin":59.5},{"product":"2:1 THC/CBN GRAPE LEMONADE GUMMIES - CANNAVORE","units":7958,"revenue":95697.6953125,"cost":39790.0,"profit":55907.7001953125,"transactions":4344,"margin":58.400001525878906},{"product":"2:1 CBD/THC PASSIONFRUIT GUAVA GUMMIES - CANNAVORE","units":5638,"revenue":67235.224609375,"cost":28190.0,"profit":39045.224609375,"transactions":3360,"margin":58.099998474121094},{"product":"3:1 CBG/THC IRISH CREAM CARAMELS - CANNAVORE","units":1304,"revenue":26419.7509765625,"cost":12898.974609375,"profit":13520.775146484375,"transactions":914,"margin":51.20000076293945},{"product":"3:1 CBG/THC CHERRY PINEAPPLE GUMMIES - CANNAVORE","units":1968,"revenue":25915.54931640625,"cost":9840.0,"profit":16075.550537109375,"transactions":1280,"margin":62.0},{"product":"2:1 THC/CBN CLOUD NINE CARAMELS - CANNAVORE","units":1050,"revenue":20098.00048828125,"cost":8482.949829101562,"profit":11615.050048828125,"transactions":776,"margin":57.79999923706055},{"product":"1:1:1 THC/CBD/CBN MELON MEDLEY GUMMIES - CANNAVORE","units":1416,"revenue":18431.400146484375,"cost":7080.0,"profit":11351.400146484375,"transactions":914,"margin":61.599998474121094},{"product":"1:1:1 CBD/CBN/THC MELON MELODY GUMMIES - CANNAVORE","units":170,"revenue":2147.375030517578,"cost":850.0,"profit":1297.3750305175781,"transactions":110,"margin":60.400001525878906}],"products_by_store":{"Elevation Springs":[{"product":"2:1 THC/CBN GRAPE LEMONADE GUMMIES - CANNAVORE","units":1210,"revenue":14146.55029296875,"cost":6050.0,"profit":8096.55029296875,"transactions":620,"margin":57.20000076293945},{"product":"1:1 THC/CBG STRAWBERRY WATERMELON LEMONADE GUMMIES - CANNAVORE","units":1108,"revenue":13527.4755859375,"cost":5540.0,"profit":7987.4749755859375,"transactions":728,"margin":59.0},{"product":"2:1 CBD/THC PASSIONFRUIT GUAVA GUMMIES - CANNAVORE","units":946,"revenue":11247.9248046875,"cost":4730.0,"profit":6517.9248046875,"transactions":606,"margin":57.900001525878906},{"product":"3:1 CBG/THC IRISH CREAM CARAMELS - CANNAVORE","units":324,"revenue":6120.8746337890625,"cost":2898.5000610351562,"profit":3222.3751831054688,"transactions":218,"margin":52.599998474121094},{"product":"3:1 CBG/THC CHERRY PINEAPPLE GUMMIES - CANNAVORE","units":314,"revenue":4134.549865722656,"cost":1570.0,"profit":2564.5498657226562,"transactions":224,"margin":62.0},{"product":"2:1 THC/CBN CLOUD NINE CARAMELS - CANNAVORE","units":224,"revenue":3817.1749877929688,"cost":1711.0000610351562,"profit":2106.175079345703,"transactions":176,"margin":55.20000076293945},{"product":"1:1:1 THC/CBD/CBN MELON MEDLEY GUMMIES - CANNAVORE","units":138,"revenue":1797.1749877929688,"cost":690.0,"profit":1107.1749877929688,"transactions":82,"margin":61.599998474121094},{"product":"1:1:1 CBD/CBN/THC MELON MELODY GUMMIES - CANNAVORE","units":72,"revenue":859.8750305175781,"cost":360.0,"profit":499.87499237060547,"transactions":50,"margin":58.099998474121094}],"Elevation Mesa":[{"product":"1:1 THC/CBG STRAWBERRY WATERMELON LEMONADE GUMMIES - CANNAVORE","units":1850,"revenue":21700.32470703125,"cost":9250.0,"profit":12450.32470703125,"transactions":1034,"margin":57.400001525878906},{"product":"2:1 THC/CBN GRAPE LEMONADE GUMMIES - CANNAVORE","units":1740,"revenue":20157.750244140625,"cost":8700.0,"profit":11457.750244140625,"transactions":950,"margin":56.79999923706055},{"product":"2:1 CBD/THC PASSIONFRUIT GUAVA GUMMIES - CANNAVORE","units":840,"revenue":9614.849853515625,"cost":4200.0,"profit":5414.849853515625,"transactions":444,"margin":56.29999923706055},{"product":"3:1 CBG/THC CHERRY PINEAPPLE GUMMIES - CANNAVORE","units":388,"revenue":5134.949951171875,"cost":1940.0,"profit":3194.949951171875,"transactions":256,"margin":62.20000076293945},{"product":"3:1 CBG/THC IRISH CREAM CARAMELS - CANNAVORE","units":282,"revenue":4643.999938964844,"cost":2850.52490234375,"profit":1793.4750366210938,"transactions":182,"margin":38.599998474121094},{"product":"2:1 THC/CBN CLOUD NINE CARAMELS - CANNAVORE","units":218,"revenue":3830.0,"cost":1639.7500610351562,"profit":2190.2500915527344,"transactions":148,"margin":57.20000076293945},{"product":"1:1:1 THC/CBD/CBN MELON MEDLEY GUMMIES - CANNAVORE","units":140,"revenue":1808.7750244140625,"cost":700.0,"profit":1108.7750244140625,"transactions":98,"margin":61.29999923706055},{"product":"1:1:1 CBD/CBN/THC MELON MELODY GUMMIES - CANNAVORE","units":98,"revenue":1287.5,"cost":490.0,"profit":797.5,"transactions":60,"margin":61.900001525878906}],"Elevation Oasis":[{"product":"1:1 THC/CBG STRAWBERRY WATERMELON LEMONADE GUMMIES - CANNAVORE","units":2962,"revenue":37152.67578125,"cost":14810.0,"profit":22342.67578125,"transactions":1570,"margin":60.099998474121094},{"product":"2:1 THC/CBN GRAPE LEMONADE GUMMIES - CANNAVORE","units":2784,"revenue":33759.85107421875,"cost":13920.0,"profit":19839.849853515625,"transactions":1386,"margin":58.79999923706055},{"product":"2:1 CBD/THC PASSIONFRUIT GUAVA GUMMIES - CANNAVORE","units":2358,"revenue":28238.92578125,"cost":11790.0,"profit":16448.924560546875,"transactions":1282,"margin":58.20000076293945},{"product":"3:1 CBG/THC CHERRY PINEAPPLE GUMMIES - CANNAVORE","units":692,"revenue":9037.899780273438,"cost":3460.0,"profit":5577.8997802734375,"transactions":374,"margin":61.70000076293945},{"product":"1:1:1 THC/CBD/CBN MELON MEDLEY GUMMIES - CANNAVORE","units":530,"revenue":6888.75,"cost":2650.0,"profit":4238.75,"transactions":328,"margin":61.5},{"product":"3:1 CBG/THC IRISH CREAM CARAMELS - CANNAVORE","units":250,"revenue":6577.9998779296875,"cost":2968.75,"profit":3609.2498779296875,"transactions":184,"margin":54.900001525878906},{"product":"2:1 THC/CBN CLOUD NINE CARAMELS - CANNAVORE","units":230,"revenue":4497.699890136719,"cost":1782.2500610351562,"profit":2715.4501342773438,"transactions":158,"margin":60.400001525878906}],"Elevation Midtown":[{"product":"1:1 THC/CBG STRAWBERRY WATERMELON LEMONADE GUMMIES - CANNAVORE","units":648,"revenue":8571.649780273438,"cost":3240.0,"profit":5331.6497802734375,"transactions":424,"margin":62.20000076293945},{"product":"2:1 THC/CBN GRAPE LEMONADE GUMMIES - CANNAVORE","units":648,"revenue":8143.2000732421875,"cost":3240.0,"profit":4903.2000732421875,"transactions":418,"margin":60.20000076293945},{"product":"2:1 CBD/THC PASSIONFRUIT GUAVA GUMMIES - CANNAVORE","units":482,"revenue":6000.2252197265625,"cost":2410.0,"profit":3590.2249145507812,"transactions":360,"margin":59.79999923706055},{"product":"2:1 THC/CBN CLOUD NINE CARAMELS - CANNAVORE","units":192,"revenue":4351.400146484375,"cost":1852.9499816894531,"profit":2498.4500122070312,"transactions":144,"margin":57.400001525878906},{"product":"3:1 CBG/THC IRISH CREAM CARAMELS - CANNAVORE","units":192,"revenue":3932.2750854492188,"cost":1758.0499267578125,"profit":2174.2250061035156,"transactions":146,"margin":55.29999923706055},{"product":"3:1 CBG/THC CHERRY PINEAPPLE GUMMIES - CANNAVORE","units":212,"revenue":2768.5751342773438,"cost":1060.0,"profit":1708.5749816894531,"transactions":154,"margin":61.70000076293945},{"product":"1:1:1 THC/CBD/CBN MELON MEDLEY GUMMIES - CANNAVORE","units":146,"revenue":1884.8249816894531,"cost":730.0,"profit":1154.8249816894531,"transactions":108,"margin":61.29999923706055}],"Elevation Boulevard":[{"product":"2:1 THC/CBN GRAPE LEMONADE GUMMIES - CANNAVORE","units":1246,"revenue":15373.85009765625,"cost":6230.0,"profit":9143.85009765625,"transactions":754,"margin":59.5},{"product":"1:1 THC/CBG STRAWBERRY WATERMELON LEMONADE GUMMIES - CANNAVORE","units":1000,"revenue":12286.925048828125,"cost":5000.0,"profit":7286.925048828125,"transactions":652,"margin":59.29999923706055},{"product":"2:1 CBD/THC PASSIONFRUIT GUAVA GUMMIES - CANNAVORE","units":510,"revenue":6096.0498046875,"cost":2550.0,"profit":3546.0501098632812,"transactions":374,"margin":58.20000076293945},{"product":"1:1:1 THC/CBD/CBN MELON MEDLEY GUMMIES - CANNAVORE","units":362,"revenue":4698.949890136719,"cost":1810.0,"profit":2888.9498901367188,"transactions":226,"margin":61.5},{"product":"3:1 CBG/THC CHERRY PINEAPPLE GUMMIES - CANNAVORE","units":262,"revenue":3395.8248901367188,"cost":1310.0,"profit":2085.8250427246094,"transactions":200,"margin":61.400001525878906},{"product":"3:1 CBG/THC IRISH CREAM CARAMELS - CANNAVORE","units":144,"revenue":2836.2750244140625,"cost":1211.7749786376953,"profit":1624.4999694824219,"transactions":110,"margin":57.29999923706055},{"product":"2:1 THC/CBN CLOUD NINE CARAMELS - CANNAVORE","units":118,"revenue":1968.4500122070312,"cost":808.125,"profit":1160.3250122070312,"transactions":96,"margin":58.900001525878906}],"Elevation Parkway":[{"product":"1:1 THC/CBG STRAWBERRY WATERMELON LEMONADE GUMMIES - CANNAVORE","units":536,"revenue":6888.800048828125,"cost":2680.0,"profit":4208.800048828125,"transactions":352,"margin":61.099998474121094},{"product":"2:1 CBD/THC PASSIONFRUIT GUAVA GUMMIES - CANNAVORE","units":502,"revenue":6037.249755859375,"cost":2510.0,"profit":3527.2500610351562,"transactions":294,"margin":58.400001525878906},{"product":"2:1 THC/CBN GRAPE LEMONADE GUMMIES - CANNAVORE","units":330,"revenue":4116.499938964844,"cost":1650.0,"profit":2466.4999389648438,"transactions":216,"margin":59.900001525878906},{"product":"3:1 CBG/THC IRISH CREAM CARAMELS - CANNAVORE","units":112,"revenue":2308.3250427246094,"cost":1211.3749694824219,"profit":1096.9499969482422,"transactions":74,"margin":47.5},{"product":"2:1 THC/CBN CLOUD NINE CARAMELS - CANNAVORE","units":68,"revenue":1633.2749938964844,"cost":688.8749694824219,"profit":944.4000244140625,"transactions":54,"margin":57.79999923706055},{"product":"3:1 CBG/THC CHERRY PINEAPPLE GUMMIES - CANNAVORE","units":100,"revenue":1443.75,"cost":500.0,"profit":943.75,"transactions":72,"margin":65.4000015258789},{"product":"1:1:1 THC/CBD/CBN MELON MEDLEY GUMMIES - CANNAVORE","units":100,"revenue":1352.9249572753906,"cost":500.0,"profit":852.9249572753906,"transactions":72,"margin":63.0}]},"store_summary":[{"store_clean":"Elevation Oasis","units":9806,"revenue":126153.798828125,"cost":51381.0009765625,"profit":74772.7978515625,"discounts":60361.201171875,"margin":59.29999923706055,"discount_rate":32.400001525878906},{"store_clean":"Elevation Mesa","units":5556,"revenue":68178.1494140625,"cost":29770.27587890625,"profit":38407.8759765625,"discounts":38786.8505859375,"margin":56.29999923706055,"discount_rate":36.29999923706055},{"store_clean":"Elevation Springs","units":4336,"revenue":55651.6015625,"cost":23549.49951171875,"profit":32102.099609375,"discounts":28508.40087890625,"margin":57.70000076293945,"discount_rate":33.900001525878906},{"store_clean":"Elevation Boulevard","units":3642,"revenue":46656.3232421875,"cost":18919.89990234375,"profit":27736.42578125,"discounts":23018.67431640625,"margin":59.400001525878906,"discount_rate":33.0},{"store_clean":"Elevation Midtown","units":2520,"revenue":35652.15087890625,"cost":14290.999755859375,"profit":21361.14990234375,"discounts":15457.850341796875,"margin":59.900001525878906,"discount_rate":30.200000762939453},{"store_clean":"Elevation Parkway","units":1748,"revenue":23780.8251953125,"cost":9740.250244140625,"profit":14040.574951171875,"discounts":10322.9248046875,"margin":59.0,"discount_rate":30.299999237060547}],"recommendations":[{"severity":"red","title":"HIGH PROMOTION DEPENDENCY","detail":"Only 19% sells at full price. Heavy discounting required.","action":"Test reducing deal frequency \u2014 track velocity without promos."},{"severity":"info","title":"VOLUME LEVERAGE","detail":"$142,429 revenue provides negotiating leverage.","action":"Use volume as leverage in next vendor meeting."}],"comparison":null}