{"brand":"Smoke Buddy","date_range":"2024-01-01 00:00:00 to 2026-01-31 00:00:00","period_label":"All Time","summary":{"total_units":26,"total_revenue":526.25,"total_cost":344.94998931884766,"total_discounts":293.75,"total_profit":181.30001068115234,"overall_margin":34.5,"fp_margin":53.70000076293945,"disc_margin":31.600000381469727,"pct_full_price":12.800000190734863,"avg_discount_rate":35.79999923706055,"fp_revenue":67.5,"disc_revenue":458.75,"unique_customers":22,"brand":"Smoke Buddy","date_range":"2024-01-01 00:00:00 to 2026-01-31 00:00:00","months_count":16,"avg_monthly_cost":43.125,"cost_per_unit":26.525,"primary_category":"ACCESSORY","primary_cat_margin":61.099998474121094,"category_rank":0,"category_total":0,"margin_vs_category":-26.600000381469727,"velocity_rank":0},"category_breakdown":[{"category_clean":"ACCESSORY","units":20,"revenue":432.5,"cost":251.19998931884766,"profit":181.30001068115234,"discounts":185.0,"margin":41.900001525878906,"category_avg_margin":61.099998474121094,"vs_category":-19.2,"rank":0.0,"total_brands":0.0}],"trend":[{"period":"2024-06","revenue":93.75,"cost":93.75,"margin":0.0,"units":6,"transactions":6,"profit":0.0,"revenue_change_pct":null,"units_change_pct":null,"margin_change_pts":null},{"period":"2024-07","revenue":45.0,"cost":22.47499942779541,"margin":50.1,"units":2,"transactions":2,"profit":22.52500057220459,"revenue_change_pct":-52.0,"units_change_pct":-66.7,"margin_change_pts":50.1},{"period":"2024-08","revenue":102.5,"cost":53.72499942779541,"margin":47.6,"units":4,"transactions":4,"profit":48.77500057220459,"revenue_change_pct":127.8,"units_change_pct":100.0,"margin_change_pts":-2.5},{"period":"2024-12","revenue":127.5,"cost":75.0,"margin":41.2,"units":6,"transactions":6,"profit":52.5,"revenue_change_pct":24.4,"units_change_pct":50.0,"margin_change_pts":-6.4},{"period":"2025-01","revenue":52.5,"cost":25.0,"margin":52.4,"units":2,"transactions":2,"profit":27.5,"revenue_change_pct":-58.8,"units_change_pct":-66.7,"margin_change_pts":11.2},{"period":"2025-03","revenue":35.0,"cost":25.0,"margin":28.6,"units":2,"transactions":2,"profit":10.0,"revenue_change_pct":-33.3,"units_change_pct":0,"margin_change_pts":-23.8},{"period":"2025-06","revenue":35.0,"cost":25.0,"margin":28.6,"units":2,"transactions":2,"profit":10.0,"revenue_change_pct":0,"units_change_pct":0,"margin_change_pts":0.0},{"period":"2025-08","revenue":35.0,"cost":25.0,"margin":28.6,"units":2,"transactions":2,"profit":10.0,"revenue_change_pct":0,"units_change_pct":0,"margin_change_pts":0.0}],"share_of_category":[{"category":"ACCESSORY","brand_revenue":432.5,"category_revenue":4128754.0625,"revenue_share_pct":0.0,"brand_units":20,"category_units":2130096,"units_share_pct":0.0},{"category":0.0,"brand_revenue":0.0,"category_revenue":0.0,"revenue_share_pct":0.0,"brand_units":0,"category_units":0,"units_share_pct":0.0}],"share_of_category_trend":{"ACCESSORY":[{"period":"2024-01","brand_revenue":0.0,"category_revenue":153543.9453125,"share_pct":0.0},{"period":"2024-02","brand_revenue":0.0,"category_revenue":152399.47265625,"share_pct":0.0},{"period":"2024-03","brand_revenue":0.0,"category_revenue":154678.876953125,"share_pct":0.0},{"period":"2024-04","brand_revenue":0.0,"category_revenue":163353.65234375,"share_pct":0.0},{"period":"2024-05","brand_revenue":0.0,"category_revenue":179676.4453125,"share_pct":0.0},{"period":"2024-06","brand_revenue":0.0,"category_revenue":185008.828125,"share_pct":0.0},{"period":"2024-07","brand_revenue":45.0,"category_revenue":186675.46875,"share_pct":0.0},{"period":"2024-08","brand_revenue":102.5,"category_revenue":180226.328125,"share_pct":0.10000000149011612},{"period":"2024-09","brand_revenue":0.0,"category_revenue":162386.298828125,"share_pct":0.0},{"period":"2024-10","brand_revenue":0.0,"category_revenue":166088.73046875,"share_pct":0.0},{"period":"2024-11","brand_revenue":0.0,"category_revenue":171706.09375,"share_pct":0.0},{"period":"2024-12","brand_revenue":127.5,"category_revenue":176502.03125,"share_pct":0.10000000149011612},{"period":"2025-01","brand_revenue":52.5,"category_revenue":167261.34765625,"share_pct":0.0},{"period":"2025-02","brand_revenue":0.0,"category_revenue":155260.927734375,"share_pct":0.0},{"period":"2025-03","brand_revenue":35.0,"category_revenue":176420.390625,"share_pct":0.0},{"period":"2025-04","brand_revenue":0.0,"category_revenue":182694.82421875,"share_pct":0.0},{"period":"2025-05","brand_revenue":0.0,"category_revenue":179904.4921875,"share_pct":0.0},{"period":"2025-06","brand_revenue":35.0,"category_revenue":161148.75,"share_pct":0.0},{"period":"2025-07","brand_revenue":0.0,"category_revenue":165549.8046875,"share_pct":0.0},{"period":"2025-08","brand_revenue":35.0,"category_revenue":171752.05078125,"share_pct":0.0},{"period":"2025-09","brand_revenue":0.0,"category_revenue":168198.9453125,"share_pct":0.0},{"period":"2025-10","brand_revenue":0.0,"category_revenue":171844.55078125,"share_pct":0.0},{"period":"2025-11","brand_revenue":0.0,"category_revenue":172839.74609375,"share_pct":0.0},{"period":"2025-12","brand_revenue":0.0,"category_revenue":141954.873046875,"share_pct":0.0},{"period":"2026-01","brand_revenue":0.0,"category_revenue":81677.1484375,"share_pct":0.0}]},"discount_depth":[{"tier":"0% (Full Price)","transactions":2,"pct_of_transactions":7.7,"revenue":67.5,"avg_discount":0.0},{"tier":"1-10%","transactions":2,"pct_of_transactions":7.7,"revenue":45.0,"avg_discount":20.0},{"tier":"11-20%","transactions":0,"pct_of_transactions":0.0,"revenue":0.0,"avg_discount":0},{"tier":"21-30%","transactions":0,"pct_of_transactions":0.0,"revenue":0.0,"avg_discount":0},{"tier":"31%+","transactions":10,"pct_of_transactions":38.5,"revenue":168.75,"avg_discount":104.4000015258789}],"velocity":{"units_per_day":0.06,"revenue_per_day":1.1749999970197678,"avg_units_per_txn":2.0,"days_of_data":450,"total_units":26,"total_transactions":26},"velocity_by_category":[{"category":"ACCESSORY","brand_units_per_day":0.02,"category_avg_units_per_day":20.56,"velocity_index":0.1,"brand_rev_per_unit":17.3,"category_rev_per_unit":1.55,"brands_in_category":136},{"category":0.0,"brand_units_per_day":0.0,"category_avg_units_per_day":0,"velocity_index":0,"brand_rev_per_unit":0.0,"category_rev_per_unit":0.0,"brands_in_category":0}],"deals":[{"deal_name":"Industry - 30% Off","times_used":6,"units":6.0,"revenue":140.0,"discounts":60.0,"cost":75.0,"profit":65.0,"pre_discount_revenue":200.0,"margin":46.4,"avg_discount":60.0},{"deal_name":"Industry 30% Off","times_used":4,"units":4.0,"revenue":70.0,"discounts":30.0,"cost":50.0,"profit":20.0,"pre_discount_revenue":100.0,"margin":28.6,"avg_discount":60.0},{"deal_name":"Senior - 10% Off","times_used":2,"units":2.0,"revenue":45.0,"discounts":5.0,"cost":22.47499942779541,"profit":22.52500057220459,"pre_discount_revenue":50.0,"margin":50.1,"avg_discount":20.0}],"top_products":[{"product":"SMOKE BUDDY - SMALL","units":18,"revenue":365.0,"cost":219.94998931884766,"profit":145.05000114440918,"transactions":18,"margin":39.70000076293945},{"product":"Smoke Buddy","units":8,"revenue":161.25,"cost":125.0,"profit":36.25,"transactions":8,"margin":22.5}],"products_by_store":{"Elevation Midtown":[{"product":"Smoke Buddy","units":8,"revenue":161.25,"cost":125.0,"profit":36.25,"transactions":8,"margin":22.5},{"product":"SMOKE BUDDY - SMALL","units":4,"revenue":80.0,"cost":44.94999885559082,"profit":35.05000114440918,"transactions":4,"margin":43.79999923706055}],"Elevation Boulevard":[{"product":"SMOKE BUDDY - SMALL","units":14,"revenue":285.0,"cost":175.0,"profit":110.0,"transactions":14,"margin":38.599998474121094}]},"store_summary":[{"store_clean":"Elevation Boulevard","units":14,"revenue":285.0,"cost":175.0,"profit":110.0,"discounts":165.0,"margin":38.599998474121094,"discount_rate":36.70000076293945},{"store_clean":"Elevation Midtown","units":12,"revenue":241.25,"cost":169.94998931884766,"profit":71.30000114440918,"discounts":128.75,"margin":29.600000381469727,"discount_rate":34.79999923706055}],"recommendations":[{"severity":"red","title":"ACCESSORY: BELOW CATEGORY AVERAGE","detail":"Margin (41.9%) is 19 pts below ACCESSORY average. Ranked #0 of 0. Strong case for cost negotiation.","action":"Request 10% cost reduction or evaluate alternative ACCESSORY brands."},{"severity":"yellow","title":"CATEGORY BENCHMARK GAP","detail":"Overall margin (34.5%) trails ACCESSORY average (61.1%) by 26.6 pts.","action":"Negotiate cost reduction or increase retail price."},{"severity":"red","title":"HIGH PROMOTION DEPENDENCY","detail":"Only 13% sells at full price. Heavy discounting required.","action":"Test reducing deal frequency \u2014 track velocity without promos."},{"severity":"red","title":"LOW DISCOUNTED MARGIN","detail":"Margin drops to 31.6% when discounted.","action":"Cap discount depth at 20% or negotiate lower wholesale cost."}],"comparison":null}