{"brand":"BRASS KNUCKLE","date_range":"2024-01-01 00:00:00 to 2026-01-31 00:00:00","period_label":"All Time","summary":{"total_units":706,"total_revenue":16892.9248046875,"total_cost":5286.17431640625,"total_discounts":757.0750427246094,"total_profit":11606.75048828125,"overall_margin":68.69999694824219,"fp_margin":70.0999984741211,"disc_margin":61.900001525878906,"pct_full_price":83.5,"avg_discount_rate":4.300000190734863,"fp_revenue":14100.0,"disc_revenue":2792.9248046875,"unique_customers":660,"brand":"BRASS KNUCKLE","date_range":"2024-01-01 00:00:00 to 2026-01-31 00:00:00","months_count":10,"avg_monthly_cost":1057.225,"cost_per_unit":14.975000000000001,"primary_category":"ACCESSORY","primary_cat_margin":61.099998474121094,"category_rank":14,"category_total":136,"margin_vs_category":7.599999904632568,"velocity_rank":15},"category_breakdown":[{"category_clean":"ACCESSORY","units":706,"revenue":16892.9248046875,"cost":5286.1749267578125,"profit":11606.75048828125,"discounts":757.0749664306641,"margin":68.69999694824219,"category_avg_margin":61.099998474121094,"vs_category":7.6,"rank":14.0,"total_brands":136.0}],"trend":[{"period":"2024-11","revenue":1455.0,"cost":449.24999237060547,"margin":69.1,"units":60,"transactions":58,"profit":1005.7500457763672,"revenue_change_pct":null,"units_change_pct":null,"margin_change_pts":null},{"period":"2024-12","revenue":4857.5,"cost":1512.4749755859375,"margin":68.9,"units":202,"transactions":196,"profit":3345.0250244140625,"revenue_change_pct":233.8,"units_change_pct":236.7,"margin_change_pts":-0.3},{"period":"2025-01","revenue":5235.4248046875,"cost":1632.2749328613281,"margin":68.8,"units":218,"transactions":214,"profit":3603.1500244140625,"revenue_change_pct":7.8,"units_change_pct":7.9,"margin_change_pts":-0.0},{"period":"2025-02","revenue":4765.0,"cost":1512.4749755859375,"margin":68.3,"units":202,"transactions":196,"profit":3252.5250244140625,"revenue_change_pct":-9.0,"units_change_pct":-7.3,"margin_change_pts":-0.6},{"period":"2025-03","revenue":580.0,"cost":179.69999313354492,"margin":69.0,"units":24,"transactions":24,"profit":400.29998779296875,"revenue_change_pct":-87.8,"units_change_pct":-88.1,"margin_change_pts":0.8}],"share_of_category":[{"category":"ACCESSORY","brand_revenue":16892.9248046875,"category_revenue":4128754.0625,"revenue_share_pct":0.4000000059604645,"brand_units":706,"category_units":2130096,"units_share_pct":0.0}],"share_of_category_trend":{"ACCESSORY":[{"period":"2024-01","brand_revenue":0.0,"category_revenue":153543.9453125,"share_pct":0.0},{"period":"2024-02","brand_revenue":0.0,"category_revenue":152399.47265625,"share_pct":0.0},{"period":"2024-03","brand_revenue":0.0,"category_revenue":154678.876953125,"share_pct":0.0},{"period":"2024-04","brand_revenue":0.0,"category_revenue":163353.65234375,"share_pct":0.0},{"period":"2024-05","brand_revenue":0.0,"category_revenue":179676.4453125,"share_pct":0.0},{"period":"2024-06","brand_revenue":0.0,"category_revenue":185008.828125,"share_pct":0.0},{"period":"2024-07","brand_revenue":0.0,"category_revenue":186675.46875,"share_pct":0.0},{"period":"2024-08","brand_revenue":0.0,"category_revenue":180226.328125,"share_pct":0.0},{"period":"2024-09","brand_revenue":0.0,"category_revenue":162386.298828125,"share_pct":0.0},{"period":"2024-10","brand_revenue":0.0,"category_revenue":166088.73046875,"share_pct":0.0},{"period":"2024-11","brand_revenue":1455.0,"category_revenue":171706.09375,"share_pct":0.800000011920929},{"period":"2024-12","brand_revenue":4857.5,"category_revenue":176502.03125,"share_pct":2.799999952316284},{"period":"2025-01","brand_revenue":5235.4248046875,"category_revenue":167261.34765625,"share_pct":3.0999999046325684},{"period":"2025-02","brand_revenue":4765.0,"category_revenue":155260.927734375,"share_pct":3.0999999046325684},{"period":"2025-03","brand_revenue":580.0,"category_revenue":176420.390625,"share_pct":0.30000001192092896},{"period":"2025-04","brand_revenue":0.0,"category_revenue":182694.82421875,"share_pct":0.0},{"period":"2025-05","brand_revenue":0.0,"category_revenue":179904.4921875,"share_pct":0.0},{"period":"2025-06","brand_revenue":0.0,"category_revenue":161148.75,"share_pct":0.0},{"period":"2025-07","brand_revenue":0.0,"category_revenue":165549.8046875,"share_pct":0.0},{"period":"2025-08","brand_revenue":0.0,"category_revenue":171752.05078125,"share_pct":0.0},{"period":"2025-09","brand_revenue":0.0,"category_revenue":168198.9453125,"share_pct":0.0},{"period":"2025-10","brand_revenue":0.0,"category_revenue":171844.55078125,"share_pct":0.0},{"period":"2025-11","brand_revenue":0.0,"category_revenue":172839.74609375,"share_pct":0.0},{"period":"2025-12","brand_revenue":0.0,"category_revenue":141954.873046875,"share_pct":0.0},{"period":"2026-01","brand_revenue":0.0,"category_revenue":81677.1484375,"share_pct":0.0}]},"discount_depth":[{"tier":"0% (Full Price)","transactions":548,"pct_of_transactions":79.7,"revenue":14100.0,"avg_discount":0.0},{"tier":"1-10%","transactions":68,"pct_of_transactions":9.9,"revenue":1575.0,"avg_discount":20.0},{"tier":"11-20%","transactions":16,"pct_of_transactions":2.3,"revenue":320.0,"avg_discount":40.0},{"tier":"21-30%","transactions":4,"pct_of_transactions":0.6,"revenue":75.0,"avg_discount":50.0},{"tier":"31%+","transactions":16,"pct_of_transactions":2.3,"revenue":192.92499542236328,"avg_discount":103.5999984741211}],"velocity":{"units_per_day":6.42,"revenue_per_day":153.57500076293945,"avg_units_per_txn":2.06,"days_of_data":110,"total_units":706,"total_transactions":688},"velocity_by_category":[{"category":"ACCESSORY","brand_units_per_day":0.92,"category_avg_units_per_day":20.56,"velocity_index":4.5,"brand_rev_per_unit":19.14,"category_rev_per_unit":1.55,"brands_in_category":136}],"deals":[{"deal_name":"Senior - 10% Off","times_used":26,"units":28.0,"revenue":630.0,"discounts":70.0,"cost":209.64999198913574,"profit":420.35000801086426,"pre_discount_revenue":700.0,"margin":66.7,"avg_discount":20.0},{"deal_name":"Industry - 30% Off","times_used":12,"units":12.0,"revenue":210.0,"discounts":90.0,"cost":89.84999656677246,"profit":120.15000343322754,"pre_discount_revenue":300.0,"margin":57.2,"avg_discount":60.0},{"deal_name":"Veterans - 10% Off","times_used":10,"units":10.0,"revenue":225.0,"discounts":25.0,"cost":74.87499713897705,"profit":150.12500286102295,"pre_discount_revenue":250.0,"margin":66.7,"avg_discount":20.0},{"deal_name":"Senior / Veterans - 20% Off","times_used":4,"units":4.0,"revenue":80.0,"discounts":20.0,"cost":29.94999885559082,"profit":50.05000114440918,"pre_discount_revenue":100.0,"margin":62.6,"avg_discount":40.0}],"top_products":[{"product":"BRASS KNUCKELS BATTERY","units":706,"revenue":16892.9248046875,"cost":5286.1749267578125,"profit":11606.75048828125,"transactions":688,"margin":68.69999694824219}],"products_by_store":{"Elevation Midtown":[{"product":"BRASS KNUCKELS BATTERY","units":706,"revenue":16892.9248046875,"cost":5286.1749267578125,"profit":11606.75048828125,"transactions":688,"margin":68.69999694824219}]},"store_summary":[{"store_clean":"Elevation Midtown","units":706,"revenue":16892.9248046875,"cost":5286.1749267578125,"profit":11606.75048828125,"discounts":757.0749664306641,"margin":68.69999694824219,"discount_rate":4.300000190734863}],"recommendations":[{"severity":"info","title":"VOLUME LEVERAGE","detail":"$6,757 revenue provides negotiating leverage.","action":"Use volume as leverage in next vendor meeting."}],"comparison":null}