{"brand":"TYSON 2.0","date_range":"2024-01-01 00:00:00 to 2026-01-31 00:00:00","period_label":"All Time","summary":{"total_units":83074,"total_revenue":1995409.375,"total_cost":897783.125,"total_discounts":480814.296875,"total_profit":1097626.25,"overall_margin":55.0,"fp_margin":61.70000076293945,"disc_margin":51.099998474121094,"pct_full_price":36.79999923706055,"avg_discount_rate":19.399999618530273,"fp_revenue":733991.25,"disc_revenue":1261418.203125,"brand":"TYSON 2.0","date_range":"2024-01-01 00:00:00 to 2026-01-31 00:00:00","primary_category":"FLOWER","store_coverage":"6/7","stores_present":["Elevation Springs","Elevation Mesa","Elevation Oasis","Elevation Midtown","Elevation Boulevard","Elevation Parkway"],"stores_missing":["Elevation Downtown"],"velocity_rank":14,"velocity_total":64},"distribution":[{"store":"Elevation Springs","carries_brand":true,"sku_count":52,"revenue":383119.4140625,"units":16584,"store_total_revenue":51138750.0,"brand_share_pct":0.699999988079071},{"store":"Elevation Mesa","carries_brand":true,"sku_count":52,"revenue":438998.90625,"units":18696,"store_total_revenue":47532240.0,"brand_share_pct":0.8999999761581421},{"store":"Elevation Oasis","carries_brand":true,"sku_count":50,"revenue":410724.921875,"units":15106,"store_total_revenue":56050145.0,"brand_share_pct":0.699999988079071},{"store":"Elevation Downtown","carries_brand":false,"sku_count":0,"revenue":0.0,"units":0,"store_total_revenue":1945237.1875,"brand_share_pct":0},{"store":"Elevation Midtown","carries_brand":true,"sku_count":52,"revenue":249094.8828125,"units":9346,"store_total_revenue":30850185.0,"brand_share_pct":0.800000011920929},{"store":"Elevation Boulevard","carries_brand":true,"sku_count":54,"revenue":277509.53125,"units":12996,"store_total_revenue":28757865.0,"brand_share_pct":1.0},{"store":"Elevation Parkway","carries_brand":true,"sku_count":52,"revenue":235961.73828125,"units":10346,"store_total_revenue":21987007.5,"brand_share_pct":1.100000023841858}],"share_of_category":[{"category":"FLOWER","brand_revenue":1511272.34375,"category_revenue":77755450.0,"revenue_share_pct":1.899999976158142,"brand_units":54930,"category_units":2708446,"units_share_pct":2.0},{"category":"PRE ROLL","brand_revenue":390391.09375,"category_revenue":14009791.25,"revenue_share_pct":2.799999952316284,"brand_units":23704,"category_units":1485736,"units_share_pct":1.6},{"category":"EDIBLE","brand_revenue":90387.75390625,"category_revenue":29378492.5,"revenue_share_pct":0.30000001192092896,"brand_units":4356,"category_units":1706530,"units_share_pct":0.3},{"category":0.0,"brand_revenue":0.0,"category_revenue":0.0,"revenue_share_pct":0.0,"brand_units":0,"category_units":0,"units_share_pct":0.0}],"share_of_category_trend":{"FLOWER":[{"period":"2024-01","brand_revenue":77739.1748046875,"category_revenue":3552357.8125,"share_pct":2.200000047683716},{"period":"2024-02","brand_revenue":86665.99609375,"category_revenue":3535245.625,"share_pct":2.5},{"period":"2024-03","brand_revenue":75473.4228515625,"category_revenue":3693805.625,"share_pct":2.0},{"period":"2024-04","brand_revenue":60972.5,"category_revenue":3541899.6875,"share_pct":1.7000000476837158},{"period":"2024-05","brand_revenue":67491.3525390625,"category_revenue":3537479.375,"share_pct":1.899999976158142},{"period":"2024-06","brand_revenue":73786.748046875,"category_revenue":3403269.6875,"share_pct":2.200000047683716},{"period":"2024-07","brand_revenue":62254.90234375,"category_revenue":3457705.9375,"share_pct":1.7999999523162842},{"period":"2024-08","brand_revenue":41087.2509765625,"category_revenue":3453819.375,"share_pct":1.2000000476837158},{"period":"2024-09","brand_revenue":8475.625,"category_revenue":3316441.5625,"share_pct":0.30000001192092896},{"period":"2024-10","brand_revenue":9913.75,"category_revenue":3585775.0,"share_pct":0.30000001192092896},{"period":"2024-11","brand_revenue":16677.249755859375,"category_revenue":3454855.3125,"share_pct":0.5},{"period":"2024-12","brand_revenue":10985.52490234375,"category_revenue":3226567.8125,"share_pct":0.30000001192092896},{"period":"2025-01","brand_revenue":28544.3994140625,"category_revenue":2984938.125,"share_pct":1.0},{"period":"2025-02","brand_revenue":46058.1982421875,"category_revenue":2816220.0,"share_pct":1.600000023841858},{"period":"2025-03","brand_revenue":66835.625,"category_revenue":2911379.6875,"share_pct":2.299999952316284},{"period":"2025-04","brand_revenue":99238.798828125,"category_revenue":3118895.3125,"share_pct":3.200000047683716},{"period":"2025-05","brand_revenue":92556.50390625,"category_revenue":2887345.0,"share_pct":3.200000047683716},{"period":"2025-06","brand_revenue":69079.375,"category_revenue":2773698.125,"share_pct":2.5},{"period":"2025-07","brand_revenue":121961.826171875,"category_revenue":2782763.125,"share_pct":4.400000095367432},{"period":"2025-08","brand_revenue":126192.12890625,"category_revenue":2733122.8125,"share_pct":4.599999904632568},{"period":"2025-09","brand_revenue":86790.703125,"category_revenue":2603501.5625,"share_pct":3.299999952316284},{"period":"2025-10","brand_revenue":42690.8984375,"category_revenue":2663705.0,"share_pct":1.600000023841858},{"period":"2025-11","brand_revenue":37564.67529296875,"category_revenue":2700189.0625,"share_pct":1.399999976158142},{"period":"2025-12","brand_revenue":53196.376953125,"category_revenue":2515209.53125,"share_pct":2.0999999046325684},{"period":"2026-01","brand_revenue":49039.326171875,"category_revenue":2505261.875,"share_pct":2.0}],"PRE ROLL":[{"period":"2024-01","brand_revenue":22579.94873046875,"category_revenue":508338.515625,"share_pct":4.400000095367432},{"period":"2024-02","brand_revenue":29823.3740234375,"category_revenue":489393.671875,"share_pct":6.099999904632568},{"period":"2024-03","brand_revenue":26678.92578125,"category_revenue":520052.3828125,"share_pct":5.099999904632568},{"period":"2024-04","brand_revenue":11859.749755859375,"category_revenue":491300.6640625,"share_pct":2.4000000953674316},{"period":"2024-05","brand_revenue":19048.85009765625,"category_revenue":542202.890625,"share_pct":3.5},{"period":"2024-06","brand_revenue":15318.75,"category_revenue":507288.8671875,"share_pct":3.0},{"period":"2024-07","brand_revenue":13317.674560546875,"category_revenue":524250.9765625,"share_pct":2.5},{"period":"2024-08","brand_revenue":14567.5,"category_revenue":612518.7109375,"share_pct":2.4000000953674316},{"period":"2024-09","brand_revenue":2855.0,"category_revenue":586543.0078125,"share_pct":0.5},{"period":"2024-10","brand_revenue":0.0,"category_revenue":641449.1796875,"share_pct":0.0},{"period":"2024-11","brand_revenue":0.0,"category_revenue":579866.71875,"share_pct":0.0},{"period":"2024-12","brand_revenue":0.0,"category_revenue":582999.5703125,"share_pct":0.0},{"period":"2025-01","brand_revenue":5717.0001220703125,"category_revenue":544095.3125,"share_pct":1.100000023841858},{"period":"2025-02","brand_revenue":15063.75,"category_revenue":500875.5859375,"share_pct":3.0},{"period":"2025-03","brand_revenue":26804.5751953125,"category_revenue":551422.0703125,"share_pct":4.900000095367432},{"period":"2025-04","brand_revenue":25283.87451171875,"category_revenue":568189.375,"share_pct":4.400000095367432},{"period":"2025-05","brand_revenue":23440.625,"category_revenue":565516.875,"share_pct":4.099999904632568},{"period":"2025-06","brand_revenue":18902.5,"category_revenue":560506.71875,"share_pct":3.4000000953674316},{"period":"2025-07","brand_revenue":20557.2998046875,"category_revenue":600916.09375,"share_pct":3.4000000953674316},{"period":"2025-08","brand_revenue":19881.8994140625,"category_revenue":620247.5,"share_pct":3.200000047683716},{"period":"2025-09","brand_revenue":16554.375,"category_revenue":608971.09375,"share_pct":2.700000047683716},{"period":"2025-10","brand_revenue":15653.7255859375,"category_revenue":645293.1640625,"share_pct":2.4000000953674316},{"period":"2025-11","brand_revenue":16704.150390625,"category_revenue":581113.4765625,"share_pct":2.9000000953674316},{"period":"2025-12","brand_revenue":16491.875,"category_revenue":553088.5546875,"share_pct":3.0},{"period":"2026-01","brand_revenue":13285.675048828125,"category_revenue":523350.9375,"share_pct":2.5}],"EDIBLE":[{"period":"2024-01","brand_revenue":22740.44921875,"category_revenue":1115754.921875,"share_pct":2.0},{"period":"2024-02","brand_revenue":17391.12548828125,"category_revenue":1235210.0,"share_pct":1.399999976158142},{"period":"2024-03","brand_revenue":13958.299560546875,"category_revenue":1273343.671875,"share_pct":1.100000023841858},{"period":"2024-04","brand_revenue":12236.500244140625,"category_revenue":1298159.0625,"share_pct":0.8999999761581421},{"period":"2024-05","brand_revenue":10205.374755859375,"category_revenue":1215880.78125,"share_pct":0.800000011920929},{"period":"2024-06","brand_revenue":9222.200317382812,"category_revenue":1181362.421875,"share_pct":0.800000011920929},{"period":"2024-07","brand_revenue":4519.800109863281,"category_revenue":1128302.8125,"share_pct":0.4000000059604645},{"period":"2024-08","brand_revenue":113.99999618530273,"category_revenue":1167724.921875,"share_pct":0.0},{"period":"2024-09","brand_revenue":0.0,"category_revenue":1114619.53125,"share_pct":0.0},{"period":"2024-10","brand_revenue":0.0,"category_revenue":1205149.0625,"share_pct":0.0},{"period":"2024-11","brand_revenue":0.0,"category_revenue":1236132.421875,"share_pct":0.0},{"period":"2024-12","brand_revenue":0.0,"category_revenue":1207318.046875,"share_pct":0.0},{"period":"2025-01","brand_revenue":0.0,"category_revenue":1176202.578125,"share_pct":0.0},{"period":"2025-02","brand_revenue":0.0,"category_revenue":1097683.359375,"share_pct":0.0},{"period":"2025-03","brand_revenue":0.0,"category_revenue":1228067.265625,"share_pct":0.0},{"period":"2025-04","brand_revenue":0.0,"category_revenue":1290106.171875,"share_pct":0.0},{"period":"2025-05","brand_revenue":0.0,"category_revenue":1191670.3125,"share_pct":0.0},{"period":"2025-06","brand_revenue":0.0,"category_revenue":1110702.109375,"share_pct":0.0},{"period":"2025-07","brand_revenue":0.0,"category_revenue":1096938.125,"share_pct":0.0},{"period":"2025-08","brand_revenue":0.0,"category_revenue":1145920.859375,"share_pct":0.0},{"period":"2025-09","brand_revenue":0.0,"category_revenue":1070074.53125,"share_pct":0.0},{"period":"2025-10","brand_revenue":0.0,"category_revenue":1168865.78125,"share_pct":0.0},{"period":"2025-11","brand_revenue":0.0,"category_revenue":1192334.453125,"share_pct":0.0},{"period":"2025-12","brand_revenue":0.0,"category_revenue":1138094.375,"share_pct":0.0},{"period":"2026-01","brand_revenue":0.0,"category_revenue":1092874.21875,"share_pct":0.0}]},"velocity_by_category":[{"category":"FLOWER","brand_units_per_day":72.08,"category_avg_units_per_day":55.54,"velocity_index":129.8,"brand_rev_per_unit":22.01,"category_rev_per_unit":22.97,"brands_in_category":64},{"category":"PRE ROLL","brand_units_per_day":31.1,"category_avg_units_per_day":42.38,"velocity_index":73.4,"brand_rev_per_unit":13.18,"category_rev_per_unit":7.54,"brands_in_category":46},{"category":"EDIBLE","brand_units_per_day":5.72,"category_avg_units_per_day":69.98,"velocity_index":8.2,"brand_rev_per_unit":16.6,"category_rev_per_unit":13.77,"brands_in_category":32},{"category":0.0,"brand_units_per_day":0.0,"category_avg_units_per_day":0,"velocity_index":0,"brand_rev_per_unit":0.0,"category_rev_per_unit":0.0,"brands_in_category":0}],"store_gaps":[{"store":"Elevation Downtown","category":"EDIBLE","category_revenue_at_store":354431.015625,"opportunity":"Brand not carried"},{"store":"Elevation Downtown","category":"FLOWER","category_revenue_at_store":324929.8828125,"opportunity":"Brand not carried"},{"store":"Elevation Downtown","category":"PRE ROLL","category_revenue_at_store":196139.1015625,"opportunity":"Brand not carried"}],"product_mix":{"top":[{"product":"SOUR DIESEL EIGHTH - TYSON 2.0","units":13868,"revenue":466370.0,"cost":194727.6171875,"profit":271642.3828125,"stores":6,"transactions":9852,"margin":58.20000076293945},{"product":"ROLLER PIGEON EIGHTH - TYSON 2.0","units":8790,"revenue":278729.53125,"cost":123792.12890625,"profit":154937.40234375,"stores":6,"transactions":6900,"margin":55.599998474121094},{"product":"THE TOAD EIGHTH - TYSON 2.0","units":6960,"revenue":227866.015625,"cost":103814.12109375,"profit":124051.904296875,"stores":6,"transactions":5676,"margin":54.400001525878906},{"product":"UPPERCUT EIGHTH - TYSON 2.0","units":6316,"revenue":190837.265625,"cost":89605.99609375,"profit":101231.279296875,"stores":6,"transactions":5182,"margin":53.0},{"product":"DYNAMITE COOKIES EIGHTH - TYSON 2.0","units":4438,"revenue":135666.328125,"cost":53001.7529296875,"profit":82664.580078125,"stores":6,"transactions":3604,"margin":60.900001525878906},{"product":"SOUR DIESEL PRE ROLL - TYSON 2.0","units":6526,"revenue":88046.25,"cost":40787.5,"profit":47258.75,"stores":6,"transactions":5248,"margin":53.70000076293945},{"product":"SOUR DIESEL BLUNT - TYSON 2.0","units":3600,"revenue":74145.0,"cost":35687.5,"profit":38457.5,"stores":6,"transactions":2598,"margin":51.900001525878906},{"product":"SOUR DIESEL GRAM - TYSON 2.0","units":4278,"revenue":46438.75,"cost":21390.0,"profit":25048.75,"stores":6,"transactions":3376,"margin":53.900001525878906},{"product":"ROLLER PIGEON BLUNT - TYSON 2.0","units":2254,"revenue":43885.44921875,"cost":22227.5,"profit":21657.94921875,"stores":6,"transactions":1920,"margin":49.400001525878906},{"product":"UPPERCUT BLUNT - TYSON 2.0","units":2130,"revenue":41397.373046875,"cost":20987.5,"profit":20409.87548828125,"stores":6,"transactions":1840,"margin":49.29999923706055},{"product":"ROLLER PIGEON GRAM - TYSON 2.0","units":3578,"revenue":38263.00048828125,"cost":17890.0,"profit":20373.00048828125,"stores":6,"transactions":3164,"margin":53.20000076293945},{"product":"DYNAMITE COOKIES BLUNT - TYSON 2.0","units":1790,"revenue":35069.05029296875,"cost":17587.5,"profit":17481.55029296875,"stores":6,"transactions":1374,"margin":49.79999923706055},{"product":"THE TOAD GRAM - TYSON 2.0","units":3270,"revenue":34482.60009765625,"cost":16350.0,"profit":18132.60009765625,"stores":6,"transactions":2776,"margin":52.599998474121094},{"product":"THE TOAD BLUNT - TYSON 2.0","units":1694,"revenue":33680.224609375,"cost":16315.0,"profit":17365.224609375,"stores":6,"transactions":1332,"margin":51.599998474121094},{"product":"THE TOAD PRE ROLL - TYSON 2.0","units":2624,"revenue":31919.89990234375,"cost":16400.0,"profit":15519.89990234375,"stores":6,"transactions":2104,"margin":48.599998474121094},{"product":"LEMON CHERRY GELATO EIGHTH - TYSON 2.0","units":798,"revenue":31889.5263671875,"cost":13965.0,"profit":17924.525146484375,"stores":6,"transactions":670,"margin":56.20000076293945},{"product":"HAYMAKER HAZE EIGHTH - TYSON 2.0","units":1008,"revenue":30848.5498046875,"cost":13619.000244140625,"profit":17229.55078125,"stores":6,"transactions":856,"margin":55.900001525878906},{"product":"MANGO MIKE BITES - TYSON 2.0","units":1362,"revenue":27527.2998046875,"cost":13620.0,"profit":13907.2998046875,"stores":6,"transactions":1152,"margin":50.5},{"product":"BLUEBERRY MIKE BITES - TYSON 2.0","units":1240,"revenue":26438.125,"cost":12400.0,"profit":14038.125,"stores":6,"transactions":1052,"margin":53.099998474121094},{"product":"UPPERCUT PRE ROLL - TYSON 2.0","units":2010,"revenue":25532.5,"cost":12562.5,"profit":12970.0,"stores":6,"transactions":1644,"margin":50.79999923706055}],"bottom":[{"product":"MANGO MIKE BITES - TYSON 2.0","units":1362,"revenue":27527.2998046875,"cost":13620.0,"profit":13907.2998046875,"stores":6,"transactions":1152,"margin":50.5},{"product":"BLUEBERRY MIKE BITES - TYSON 2.0","units":1240,"revenue":26438.125,"cost":12400.0,"profit":14038.125,"stores":6,"transactions":1052,"margin":53.099998474121094},{"product":"UPPERCUT PRE ROLL - TYSON 2.0","units":2010,"revenue":25532.5,"cost":12562.5,"profit":12970.0,"stores":6,"transactions":1644,"margin":50.79999923706055},{"product":"GREEN APPLE MIKE BITES - TYSON 2.0","units":1198,"revenue":24940.2001953125,"cost":11980.0,"profit":12960.2001953125,"stores":6,"transactions":1042,"margin":52.0},{"product":"LEMON CAKE OG EIGHTH - TYSON 2.0","units":544,"revenue":20777.7490234375,"cost":9520.0,"profit":11257.750244140625,"stores":6,"transactions":454,"margin":54.20000076293945},{"product":"UPPERCUT GRAM - TYSON 2.0","units":1166,"revenue":12461.25,"cost":5830.0,"profit":6631.25,"stores":5,"transactions":1056,"margin":53.20000076293945},{"product":"WATERMELON MIKE BITES - TYSON 2.0","units":556,"revenue":11482.125244140625,"cost":5560.0,"profit":5922.125244140625,"stores":6,"transactions":486,"margin":51.599998474121094},{"product":"ROLLER PIGEON PRE ROLL - TYSON 2.0","units":584,"revenue":8120.374755859375,"cost":3717.5,"profit":4402.875061035156,"stores":6,"transactions":504,"margin":54.20000076293945},{"product":"HAYMAKER HAZE BLUNT - TYSON 2.0","units":334,"revenue":6164.224853515625,"cost":3340.0,"profit":2824.224853515625,"stores":5,"transactions":314,"margin":45.79999923706055},{"product":"ROLLER PIGEON PRE ROLL 1G - TYSON 2.0","units":158,"revenue":2430.749969482422,"cost":1105.0,"profit":1325.7499694824219,"stores":2,"transactions":146,"margin":54.5}],"expansion":[{"product":"UPPERCUT GRAM - TYSON 2.0","current_stores":5,"total_stores":6,"missing_stores":["Elevation Oasis"],"revenue":12461.25},{"product":"HAYMAKER HAZE BLUNT - TYSON 2.0","current_stores":5,"total_stores":6,"missing_stores":["Elevation Parkway"],"revenue":6164.224853515625},{"product":"ROLLER PIGEON PRE ROLL 1G - TYSON 2.0","current_stores":2,"total_stores":6,"missing_stores":["Elevation Springs","Elevation Mesa","Elevation Oasis","Elevation Midtown"],"revenue":2430.749969482422}]},"pricing_consistency":[{"product":"THE TOAD PRE ROLL - TYSON 2.0","min_price":19.349018171721816,"max_price":27.454896907216494,"avg_price":24.217655382184656,"std_dev":1.2292252215974813,"store_count":12,"price_range":8.105878735494677,"range_pct":33.5},{"product":"ROLLER PIGEON PRE ROLL 1G - TYSON 2.0","min_price":24.899998982747395,"max_price":34.36224489795918,"avg_price":29.63112194035329,"std_dev":2.6763273007603856,"store_count":4,"price_range":9.462245915211787,"range_pct":31.9},{"product":"HAYMAKER HAZE BLUNT - TYSON 2.0","min_price":34.94873046875,"max_price":46.66666666666667,"avg_price":39.7908741656999,"std_dev":1.9170420645566673,"store_count":10,"price_range":11.71793619791667,"range_pct":29.4},{"product":"LEMON CAKE OG EIGHTH - TYSON 2.0","min_price":68.51961023667279,"max_price":89.87000732421875,"avg_price":77.77091554080984,"std_dev":3.392819251108111,"store_count":12,"price_range":21.350397087545954,"range_pct":27.5},{"product":"ROLLER PIGEON PRE ROLL - TYSON 2.0","min_price":25.27659477071559,"max_price":32.36590853604403,"avg_price":27.852861574654533,"std_dev":1.052323601930267,"store_count":12,"price_range":7.089313765328442,"range_pct":25.5},{"product":"WATERMELON MIKE BITES - TYSON 2.0","min_price":35.76089712289664,"max_price":44.770626068115234,"avg_price":40.63701049219504,"std_dev":1.3198975176155952,"store_count":12,"price_range":9.009728945218605,"range_pct":22.2},{"product":"LEMON CHERRY GELATO EIGHTH - TYSON 2.0","min_price":73.2058775658701,"max_price":89.3,"avg_price":80.39991142770091,"std_dev":2.7400892476681906,"store_count":12,"price_range":16.0941224341299,"range_pct":20.0},{"product":"BLUEBERRY MIKE BITES - TYSON 2.0","min_price":37.28240684226707,"max_price":44.65948396128387,"avg_price":41.388208529287446,"std_dev":1.183684356838799,"store_count":12,"price_range":7.377077119016797,"range_pct":17.8},{"product":"UPPERCUT GRAM - TYSON 2.0","min_price":20.774253731343283,"max_price":24.416666666666668,"avg_price":21.912163667838946,"std_dev":0.5917560068546418,"store_count":10,"price_range":3.642412935323387,"range_pct":16.6},{"product":"THE TOAD BLUNT - TYSON 2.0","min_price":36.86279296875,"max_price":43.304686546325684,"avg_price":40.20379222164212,"std_dev":0.965993085539403,"store_count":12,"price_range":6.441893577575684,"range_pct":16.0},{"product":"GREEN APPLE MIKE BITES - TYSON 2.0","min_price":38.581460674157306,"max_price":45.11698404947917,"avg_price":41.43292117540157,"std_dev":1.0340694077924897,"store_count":12,"price_range":6.535523375321866,"range_pct":15.8},{"product":"THE TOAD GRAM - TYSON 2.0","min_price":20.067038079412583,"max_price":23.300233644859812,"avg_price":21.441089017175475,"std_dev":0.5393370825226964,"store_count":12,"price_range":3.233195565447229,"range_pct":15.1},{"product":"ROLLER PIGEON GRAM - TYSON 2.0","min_price":20.562316357565066,"max_price":23.795454545454543,"avg_price":21.791275770234158,"std_dev":0.5425086345913026,"store_count":12,"price_range":3.2331381878894794,"range_pct":14.8},{"product":"UPPERCUT EIGHTH - TYSON 2.0","min_price":57.1159650895979,"max_price":65.71963722397476,"avg_price":60.81922090740981,"std_dev":1.4342977272730386,"store_count":12,"price_range":8.603672134376863,"range_pct":14.1},{"product":"SOUR DIESEL GRAM - TYSON 2.0","min_price":20.723562152133578,"max_price":23.84375,"avg_price":22.133350597881826,"std_dev":0.49035753259155,"store_count":12,"price_range":3.1201878478664202,"range_pct":14.1},{"product":"UPPERCUT BLUNT - TYSON 2.0","min_price":35.68181818181819,"max_price":41.07203855352886,"avg_price":39.00352464900961,"std_dev":0.8496321188446369,"store_count":12,"price_range":5.390220371710681,"range_pct":13.8},{"product":"UPPERCUT PRE ROLL - TYSON 2.0","min_price":24.018634298573367,"max_price":27.472220526801216,"avg_price":25.620345355686748,"std_dev":0.44554254859020165,"store_count":12,"price_range":3.453586228227845,"range_pct":13.5},{"product":"SOUR DIESEL BLUNT - TYSON 2.0","min_price":38.67349101979537,"max_price":44.209236476732336,"avg_price":41.29991002781722,"std_dev":0.7936586182927202,"store_count":12,"price_range":5.535745456936962,"range_pct":13.4},{"product":"DYNAMITE COOKIES EIGHTH - TYSON 2.0","min_price":58.17625726287688,"max_price":65.87176585477941,"avg_price":61.166070623837776,"std_dev":1.1542234048403204,"store_count":12,"price_range":7.695508591902529,"range_pct":12.6},{"product":"MANGO MIKE BITES - TYSON 2.0","min_price":36.89045080977879,"max_price":41.86458163791233,"avg_price":40.169252501576025,"std_dev":0.7152540268090843,"store_count":12,"price_range":4.974130828133538,"range_pct":12.4},{"product":"DYNAMITE COOKIES BLUNT - TYSON 2.0","min_price":36.80814166401708,"max_price":41.50192495492789,"avg_price":39.26454190001646,"std_dev":0.6326613586303257,"store_count":12,"price_range":4.693783290910809,"range_pct":12.0},{"product":"THE TOAD EIGHTH - TYSON 2.0","min_price":61.85499770220588,"max_price":68.50700827205883,"avg_price":65.58584098885609,"std_dev":1.1530719341237574,"store_count":12,"price_range":6.652010569852944,"range_pct":10.1},{"product":"SOUR DIESEL PRE ROLL - TYSON 2.0","min_price":25.99896151409823,"max_price":28.496596148224917,"avg_price":27.200417494127436,"std_dev":0.4172406090406245,"store_count":12,"price_range":2.497634634126684,"range_pct":9.2},{"product":"HAYMAKER HAZE EIGHTH - TYSON 2.0","min_price":58.34269662921348,"max_price":63.986111111111114,"avg_price":61.40069736663377,"std_dev":0.8349088119272187,"store_count":12,"price_range":5.643414481897633,"range_pct":9.2},{"product":"SOUR DIESEL EIGHTH - TYSON 2.0","min_price":63.97886722346915,"max_price":69.87329767756822,"avg_price":67.30587177007823,"std_dev":0.8320707120807112,"store_count":12,"price_range":5.894430454099062,"range_pct":8.8},{"product":"ROLLER PIGEON BLUNT - TYSON 2.0","min_price":37.68835149659701,"max_price":40.19162560477475,"avg_price":38.93302308507437,"std_dev":0.3208993454095564,"store_count":12,"price_range":2.50327410817774,"range_pct":6.4},{"product":"ROLLER PIGEON EIGHTH - TYSON 2.0","min_price":61.404337747571,"max_price":65.20186388250242,"avg_price":63.43058040532661,"std_dev":0.5309917885501064,"store_count":12,"price_range":3.7975261349314238,"range_pct":6.0}],"promotional_effectiveness":{"lift":{"fp_units_per_day":41.26,"disc_units_per_day":75.48,"lift_pct":83.0,"fp_avg_revenue_per_unit":50.975,"disc_avg_revenue_per_unit":46.475},"by_deal":[{"deal_name":"Industry - 30% Off","uses":4761,"revenue":222242.9010438919,"discounts":95375.84875762463,"units":12210.0,"cost":125415.0,"margin":43.6,"discount_depth":60.0},{"deal_name":"Lit4Less - 1/4 for $50","uses":2423,"revenue":266314.7625088692,"discounts":72743.98749232292,"units":8542.0,"cost":93644.25153493881,"margin":64.8,"discount_depth":43.0},{"deal_name":"Redwood Family 1/4 - $50","uses":1559,"revenue":154457.99999713898,"discounts":55643.25000047684,"units":4937.0,"cost":79930.0,"margin":48.3,"discount_depth":53.0},{"deal_name":"Industry 30% Off","uses":1347,"revenue":109822.48748898506,"discounts":47470.012509822845,"units":4591.0,"cost":51991.81292414665,"margin":52.7,"discount_depth":60.4},{"deal_name":"4/20 2025 - Flower / Infused","uses":642,"revenue":34515.30000209808,"discounts":34934.69999790192,"units":2076.0,"cost":28040.0,"margin":18.8,"discount_depth":100.6},{"deal_name":"Senior - 10% Off","uses":634,"revenue":53577.937989234924,"discounts":6149.562483429909,"units":1976.0,"cost":22729.5625269413,"margin":57.6,"discount_depth":20.6},{"deal_name":"30% Off Special","uses":568,"revenue":30633.249971866608,"discounts":13194.249937534332,"units":1354.0,"cost":15315.187610387802,"margin":50.0,"discount_depth":60.2},{"deal_name":"Veterans - 10% Off","uses":479,"revenue":34121.45023584366,"discounts":3931.049996614456,"units":1470.0,"cost":14697.000017166138,"margin":56.9,"discount_depth":20.6},{"deal_name":"Senior / Veterans - 20% Off","uses":469,"revenue":44638.99981498718,"discounts":11197.249953746796,"units":1754.0,"cost":21041.000039577484,"margin":52.9,"discount_depth":40.2},{"deal_name":"Redwood 30% Off","uses":241,"revenue":15972.8125,"discounts":6852.1875,"units":679.0,"cost":6780.250098705292,"margin":57.6,"discount_depth":60.0},{"deal_name":"4/20 40% Off!!!!","uses":237,"revenue":12684.999713897705,"discounts":8477.499949932098,"units":746.0,"cost":8305.0,"margin":34.5,"discount_depth":80.2},{"deal_name":"50% Off - G2B","uses":236,"revenue":16838.787497878075,"discounts":16886.212500333786,"units":1006.0,"cost":9916.562584638596,"margin":41.1,"discount_depth":100.2},{"deal_name":"Jackpot - Locals 30% Off","uses":214,"revenue":14203.250069618225,"discounts":6119.249966740608,"units":624.0,"cost":7057.875027656555,"margin":50.3,"discount_depth":60.2},{"deal_name":"Employee 30% - NOT FRIDAYS","uses":196,"revenue":9229.500093460083,"discounts":3955.5000257492065,"units":474.0,"cost":5195.000009536743,"margin":43.7,"discount_depth":60.0},{"deal_name":"Employee - 40% OFF","uses":137,"revenue":6249.000053405762,"discounts":4165.99995136261,"units":386.0,"cost":4288.250002861023,"margin":31.4,"discount_depth":80.0},{"deal_name":"Jackpot Exclusive - 1/2 oz / Full Oz Deal","uses":100,"revenue":12406.25,"discounts":10106.25,"units":516.0,"cost":5192.250113487244,"margin":58.1,"discount_depth":89.8},{"deal_name":"Redwood Family 1/4 - $50 (Cheech + Chong / Tyson / Willies)","uses":91,"revenue":9437.5,"discounts":2825.0,"units":302.0,"cost":4451.000003814697,"margin":52.8,"discount_depth":46.0},{"deal_name":"Tyson Bites 2 for $30","uses":68,"revenue":6150.0,"discounts":1640.0,"units":328.0,"cost":3280.0,"margin":46.7,"discount_depth":42.2},{"deal_name":"LVAC - 25% Off","uses":57,"revenue":3450.0,"discounts":1150.0,"units":140.0,"cost":1595.3750109672546,"margin":53.8,"discount_depth":50.0},{"deal_name":"Sunset Flower - Cactus","uses":25,"revenue":1462.5,"discounts":1087.5,"units":68.0,"cost":773.125011920929,"margin":47.1,"discount_depth":85.2}]},"growth_opportunities":[{"type":"distribution","title":"Expand to Elevation Downtown","detail":"Store has $350,200 in EDIBLE, FLOWER, PRE ROLL \u2014 categories where TYSON 2.0 competes.","priority":"high"},{"type":"sku_expansion","title":"Add 'HAYMAKER HAZE BLUNT - TYSON 2.0' to 1 more store(s)","detail":"Carried in 5 stores. Missing from: Elevation Parkway","priority":"medium"},{"type":"sku_expansion","title":"Add 'ROLLER PIGEON PRE ROLL 1G - TYSON 2.0' to 4 more store(s)","detail":"Carried in 2 stores. Missing from: Elevation Springs, Elevation Mesa, Elevation Oasis, Elevation Midtown","priority":"medium"},{"type":"sku_expansion","title":"Add 'UPPERCUT GRAM - TYSON 2.0' to 1 more store(s)","detail":"Carried in 5 stores. Missing from: Elevation Oasis","priority":"medium"},{"type":"velocity","title":"Improve velocity in PRE ROLL","detail":"Velocity index 73 (below category average). 15.6 units/day vs 21.2 avg.","priority":"medium"},{"type":"velocity","title":"Improve velocity in EDIBLE","detail":"Velocity index 8 (below category average). 2.9 units/day vs 35.0 avg.","priority":"medium"},{"type":"velocity","title":"Improve velocity in nan","detail":"Velocity index 0 (below category average). 0.0 units/day vs 0.0 avg.","priority":"medium"}],"trend":[{"period":"2024-01","revenue":123059.5703125,"cost":58665.0,"margin":52.3,"units":5870,"transactions":4356,"profit":64394.5751953125,"revenue_change_pct":null,"units_change_pct":null,"margin_change_pts":null},{"period":"2024-02","revenue":133880.498046875,"cost":62195.0,"margin":53.5,"units":6386,"transactions":4744,"profit":71685.498046875,"revenue_change_pct":8.8,"units_change_pct":8.8,"margin_change_pts":1.2},{"period":"2024-03","revenue":116110.654296875,"cost":54430.0,"margin":53.1,"units":6288,"transactions":4850,"profit":61680.6494140625,"revenue_change_pct":-13.3,"units_change_pct":-1.5,"margin_change_pts":-0.4},{"period":"2024-04","revenue":85068.75,"cost":41022.5,"margin":51.8,"units":4258,"transactions":3230,"profit":44046.25,"revenue_change_pct":-26.7,"units_change_pct":-32.3,"margin_change_pts":-1.3},{"period":"2024-05","revenue":96745.576171875,"cost":43402.5,"margin":55.1,"units":4610,"transactions":3538,"profit":53343.076171875,"revenue_change_pct":13.7,"units_change_pct":8.3,"margin_change_pts":3.4},{"period":"2024-06","revenue":98327.6953125,"cost":45935.0,"margin":53.3,"units":4682,"transactions":3582,"profit":52392.7001953125,"revenue_change_pct":1.6,"units_change_pct":1.6,"margin_change_pts":-1.9},{"period":"2024-07","revenue":80092.373046875,"cost":38940.0,"margin":51.4,"units":4022,"transactions":2948,"profit":41152.373046875,"revenue_change_pct":-18.5,"units_change_pct":-14.1,"margin_change_pts":-1.9},{"period":"2024-08","revenue":55768.75,"cost":26447.5,"margin":52.6,"units":3118,"transactions":2306,"profit":29321.25,"revenue_change_pct":-30.4,"units_change_pct":-22.5,"margin_change_pts":1.2},{"period":"2024-09","revenue":11330.625,"cost":5465.0,"margin":51.8,"units":568,"transactions":446,"profit":5865.625,"revenue_change_pct":-79.7,"units_change_pct":-81.8,"margin_change_pts":-0.8},{"period":"2024-10","revenue":13271.99951171875,"cost":5740.0,"margin":56.8,"units":328,"transactions":258,"profit":7532.0001220703125,"revenue_change_pct":17.1,"units_change_pct":-42.3,"margin_change_pts":5.0},{"period":"2024-11","revenue":16677.249755859375,"cost":7035.0,"margin":57.8,"units":402,"transactions":310,"profit":9642.250366210938,"revenue_change_pct":25.7,"units_change_pct":22.6,"margin_change_pts":1.1},{"period":"2024-12","revenue":10985.52490234375,"cost":4725.0,"margin":57.0,"units":270,"transactions":234,"profit":6260.52490234375,"revenue_change_pct":-34.1,"units_change_pct":-32.8,"margin_change_pts":-0.8},{"period":"2025-01","revenue":34261.4013671875,"cost":17335.0,"margin":49.4,"units":1214,"transactions":928,"profit":16926.400146484375,"revenue_change_pct":211.9,"units_change_pct":349.6,"margin_change_pts":-7.6},{"period":"2025-02","revenue":61121.9482421875,"cost":31025.0,"margin":49.2,"units":2336,"transactions":1702,"profit":30096.95068359375,"revenue_change_pct":78.4,"units_change_pct":92.4,"margin_change_pts":-0.2},{"period":"2025-03","revenue":93640.205078125,"cost":46680.0,"margin":50.1,"units":3590,"transactions":2752,"profit":46960.2001953125,"revenue_change_pct":53.2,"units_change_pct":53.7,"margin_change_pts":0.9},{"period":"2025-04","revenue":124522.67578125,"cost":71845.0,"margin":42.3,"units":5298,"transactions":3622,"profit":52677.67578125,"revenue_change_pct":33.0,"units_change_pct":47.6,"margin_change_pts":-7.8},{"period":"2025-05","revenue":115997.12890625,"cost":53960.0,"margin":53.5,"units":3948,"transactions":2858,"profit":62037.1240234375,"revenue_change_pct":-6.8,"units_change_pct":-25.5,"margin_change_pts":11.2},{"period":"2025-06","revenue":87981.875,"cost":40300.0,"margin":54.2,"units":2974,"transactions":2156,"profit":47681.875,"revenue_change_pct":-24.2,"units_change_pct":-24.7,"margin_change_pts":0.7},{"period":"2025-07","revenue":142519.12109375,"cost":58792.626953125,"margin":58.7,"units":4876,"transactions":3146,"profit":83726.50390625,"revenue_change_pct":62.0,"units_change_pct":64.0,"margin_change_pts":4.6},{"period":"2025-08","revenue":146074.0234375,"cost":52174.8779296875,"margin":64.3,"units":5084,"transactions":3186,"profit":93899.150390625,"revenue_change_pct":2.5,"units_change_pct":4.3,"margin_change_pts":5.5},{"period":"2025-09","revenue":103345.078125,"cost":38091.0009765625,"margin":63.1,"units":3616,"transactions":2300,"profit":65254.0771484375,"revenue_change_pct":-29.3,"units_change_pct":-28.9,"margin_change_pts":-1.1},{"period":"2025-10","revenue":58344.6240234375,"cost":20969.49951171875,"margin":64.1,"units":2132,"transactions":1442,"profit":37375.126953125,"revenue_change_pct":-43.5,"units_change_pct":-41.0,"margin_change_pts":0.9},{"period":"2025-11","revenue":54268.8232421875,"cost":23327.5,"margin":57.0,"units":2378,"transactions":1268,"profit":30941.32568359375,"revenue_change_pct":-7.0,"units_change_pct":11.5,"margin_change_pts":-7.0},{"period":"2025-12","revenue":69688.251953125,"cost":25463.5009765625,"margin":63.5,"units":2552,"transactions":1558,"profit":44224.7509765625,"revenue_change_pct":28.4,"units_change_pct":7.3,"margin_change_pts":6.4},{"period":"2026-01","revenue":62325.0,"cost":23816.6259765625,"margin":61.8,"units":2274,"transactions":1614,"profit":38508.37646484375,"revenue_change_pct":-10.6,"units_change_pct":-10.9,"margin_change_pts":-1.7}]}