{"brand":"LP EXOTICS","date_range":"2024-01-01 00:00:00 to 2026-01-31 00:00:00","period_label":"All Time","summary":{"total_units":75944,"total_revenue":1751617.5,"total_cost":916729.6875,"total_discounts":429889.9609375,"total_profit":834887.8125,"overall_margin":47.70000076293945,"fp_margin":58.099998474121094,"disc_margin":41.099998474121094,"pct_full_price":38.79999923706055,"avg_discount_rate":19.700000762939453,"fp_revenue":679797.5,"disc_revenue":1071820.0,"brand":"LP EXOTICS","date_range":"2024-01-01 00:00:00 to 2026-01-31 00:00:00","primary_category":"FLOWER","store_coverage":"7/7","stores_present":["Elevation Springs","Elevation Mesa","Elevation Oasis","Elevation Downtown","Elevation Midtown","Elevation Boulevard","Elevation Parkway"],"stores_missing":[],"velocity_rank":26,"velocity_total":64},"distribution":[{"store":"Elevation Springs","carries_brand":true,"sku_count":184,"revenue":391880.234375,"units":17912,"store_total_revenue":51138750.0,"brand_share_pct":0.800000011920929},{"store":"Elevation Mesa","carries_brand":true,"sku_count":186,"revenue":381251.5625,"units":16930,"store_total_revenue":47532240.0,"brand_share_pct":0.800000011920929},{"store":"Elevation Oasis","carries_brand":true,"sku_count":140,"revenue":288020.78125,"units":10050,"store_total_revenue":56050145.0,"brand_share_pct":0.5},{"store":"Elevation Downtown","carries_brand":true,"sku_count":6,"revenue":10463.00048828125,"units":196,"store_total_revenue":1945237.1875,"brand_share_pct":0.5},{"store":"Elevation Midtown","carries_brand":true,"sku_count":146,"revenue":197002.4609375,"units":7404,"store_total_revenue":30850185.0,"brand_share_pct":0.6000000238418579},{"store":"Elevation Boulevard","carries_brand":true,"sku_count":162,"revenue":261401.8359375,"units":13206,"store_total_revenue":28757865.0,"brand_share_pct":0.8999999761581421},{"store":"Elevation Parkway","carries_brand":true,"sku_count":142,"revenue":221597.67578125,"units":10246,"store_total_revenue":21987007.5,"brand_share_pct":1.0}],"share_of_category":[{"category":"FLOWER","brand_revenue":765356.40625,"category_revenue":77755450.0,"revenue_share_pct":1.0,"brand_units":19632,"category_units":2708446,"units_share_pct":0.7},{"category":"PRE ROLL","brand_revenue":509078.3984375,"category_revenue":14009791.25,"revenue_share_pct":3.5999999046325684,"brand_units":45526,"category_units":1485736,"units_share_pct":3.1},{"category":"DISPOSABLE VAPE","brand_revenue":397434.453125,"category_revenue":30552405.0,"revenue_share_pct":1.2999999523162842,"brand_units":9148,"category_units":756548,"units_share_pct":1.2},{"category":"CONCENTRATE","brand_revenue":77175.80078125,"category_revenue":7866357.5,"revenue_share_pct":1.0,"brand_units":1432,"category_units":316632,"units_share_pct":0.5},{"category":0.0,"brand_revenue":0.0,"category_revenue":0.0,"revenue_share_pct":0.0,"brand_units":0,"category_units":0,"units_share_pct":0.0}],"share_of_category_trend":{"FLOWER":[{"period":"2024-01","brand_revenue":127058.125,"category_revenue":3552357.8125,"share_pct":3.5999999046325684},{"period":"2024-02","brand_revenue":49723.75,"category_revenue":3535245.625,"share_pct":1.399999976158142},{"period":"2024-03","brand_revenue":103937.5,"category_revenue":3693805.625,"share_pct":2.799999952316284},{"period":"2024-04","brand_revenue":53126.923828125,"category_revenue":3541899.6875,"share_pct":1.5},{"period":"2024-05","brand_revenue":54847.099609375,"category_revenue":3537479.375,"share_pct":1.600000023841858},{"period":"2024-06","brand_revenue":65058.974609375,"category_revenue":3403269.6875,"share_pct":1.899999976158142},{"period":"2024-07","brand_revenue":57194.47265625,"category_revenue":3457705.9375,"share_pct":1.7000000476837158},{"period":"2024-08","brand_revenue":17981.875,"category_revenue":3453819.375,"share_pct":0.5},{"period":"2024-09","brand_revenue":18081.875,"category_revenue":3316441.5625,"share_pct":0.5},{"period":"2024-10","brand_revenue":38378.89892578125,"category_revenue":3585775.0,"share_pct":1.100000023841858},{"period":"2024-11","brand_revenue":20827.60009765625,"category_revenue":3454855.3125,"share_pct":0.6000000238418579},{"period":"2024-12","brand_revenue":22144.65087890625,"category_revenue":3226567.8125,"share_pct":0.699999988079071},{"period":"2025-01","brand_revenue":37208.7744140625,"category_revenue":2984938.125,"share_pct":1.2000000476837158},{"period":"2025-02","brand_revenue":22485.12451171875,"category_revenue":2816220.0,"share_pct":0.800000011920929},{"period":"2025-03","brand_revenue":21905.07568359375,"category_revenue":2911379.6875,"share_pct":0.800000011920929},{"period":"2025-04","brand_revenue":18550.0,"category_revenue":3118895.3125,"share_pct":0.6000000238418579},{"period":"2025-05","brand_revenue":8334.400024414062,"category_revenue":2887345.0,"share_pct":0.30000001192092896},{"period":"2025-06","brand_revenue":11152.5,"category_revenue":2773698.125,"share_pct":0.4000000059604645},{"period":"2025-07","brand_revenue":11635.0,"category_revenue":2782763.125,"share_pct":0.4000000059604645},{"period":"2025-08","brand_revenue":2537.5,"category_revenue":2733122.8125,"share_pct":0.10000000149011612},{"period":"2025-09","brand_revenue":2178.75,"category_revenue":2603501.5625,"share_pct":0.10000000149011612},{"period":"2025-10","brand_revenue":1007.5,"category_revenue":2663705.0,"share_pct":0.0},{"period":"2025-11","brand_revenue":0.0,"category_revenue":2700189.0625,"share_pct":0.0},{"period":"2025-12","brand_revenue":0.0,"category_revenue":2515209.53125,"share_pct":0.0},{"period":"2026-01","brand_revenue":0.0,"category_revenue":2505261.875,"share_pct":0.0}],"PRE ROLL":[{"period":"2024-01","brand_revenue":75084.0234375,"category_revenue":508338.515625,"share_pct":14.800000190734863},{"period":"2024-02","brand_revenue":36092.1240234375,"category_revenue":489393.671875,"share_pct":7.400000095367432},{"period":"2024-03","brand_revenue":61496.201171875,"category_revenue":520052.3828125,"share_pct":11.800000190734863},{"period":"2024-04","brand_revenue":26782.62451171875,"category_revenue":491300.6640625,"share_pct":5.5},{"period":"2024-05","brand_revenue":45311.5234375,"category_revenue":542202.890625,"share_pct":8.399999618530273},{"period":"2024-06","brand_revenue":41249.1748046875,"category_revenue":507288.8671875,"share_pct":8.100000381469727},{"period":"2024-07","brand_revenue":44452.099609375,"category_revenue":524250.9765625,"share_pct":8.5},{"period":"2024-08","brand_revenue":24984.49951171875,"category_revenue":612518.7109375,"share_pct":4.099999904632568},{"period":"2024-09","brand_revenue":26882.94921875,"category_revenue":586543.0078125,"share_pct":4.599999904632568},{"period":"2024-10","brand_revenue":21954.1259765625,"category_revenue":641449.1796875,"share_pct":3.4000000953674316},{"period":"2024-11","brand_revenue":15151.700439453125,"category_revenue":579866.71875,"share_pct":2.5999999046325684},{"period":"2024-12","brand_revenue":17128.175048828125,"category_revenue":582999.5703125,"share_pct":2.9000000953674316},{"period":"2025-01","brand_revenue":19842.37548828125,"category_revenue":544095.3125,"share_pct":3.5999999046325684},{"period":"2025-02","brand_revenue":10098.75,"category_revenue":500875.5859375,"share_pct":2.0},{"period":"2025-03","brand_revenue":11645.74951171875,"category_revenue":551422.0703125,"share_pct":2.0999999046325684},{"period":"2025-04","brand_revenue":12069.925537109375,"category_revenue":568189.375,"share_pct":2.0999999046325684},{"period":"2025-05","brand_revenue":7612.5,"category_revenue":565516.875,"share_pct":1.2999999523162842},{"period":"2025-06","brand_revenue":9542.650146484375,"category_revenue":560506.71875,"share_pct":1.7000000476837158},{"period":"2025-07","brand_revenue":1644.7500610351562,"category_revenue":600916.09375,"share_pct":0.30000001192092896},{"period":"2025-08","brand_revenue":52.5,"category_revenue":620247.5,"share_pct":0.0},{"period":"2025-09","brand_revenue":0.0,"category_revenue":608971.09375,"share_pct":0.0},{"period":"2025-10","brand_revenue":0.0,"category_revenue":645293.1640625,"share_pct":0.0},{"period":"2025-11","brand_revenue":0.0,"category_revenue":581113.4765625,"share_pct":0.0},{"period":"2025-12","brand_revenue":0.0,"category_revenue":553088.5546875,"share_pct":0.0},{"period":"2026-01","brand_revenue":0.0,"category_revenue":523350.9375,"share_pct":0.0}],"DISPOSABLE VAPE":[{"period":"2024-01","brand_revenue":45570.0,"category_revenue":933474.921875,"share_pct":4.900000095367432},{"period":"2024-02","brand_revenue":14900.250244140625,"category_revenue":877782.109375,"share_pct":1.7000000476837158},{"period":"2024-03","brand_revenue":0.0,"category_revenue":990692.03125,"share_pct":0.0},{"period":"2024-04","brand_revenue":0.0,"category_revenue":971952.1875,"share_pct":0.0},{"period":"2024-05","brand_revenue":0.0,"category_revenue":1035100.46875,"share_pct":0.0},{"period":"2024-06","brand_revenue":0.0,"category_revenue":1039794.21875,"share_pct":0.0},{"period":"2024-07","brand_revenue":0.0,"category_revenue":1081636.5625,"share_pct":0.0},{"period":"2024-08","brand_revenue":0.0,"category_revenue":1098658.125,"share_pct":0.0},{"period":"2024-09","brand_revenue":0.0,"category_revenue":1056394.53125,"share_pct":0.0},{"period":"2024-10","brand_revenue":0.0,"category_revenue":1197041.171875,"share_pct":0.0},{"period":"2024-11","brand_revenue":0.0,"category_revenue":1193980.234375,"share_pct":0.0},{"period":"2024-12","brand_revenue":67890.498046875,"category_revenue":1222008.984375,"share_pct":5.599999904632568},{"period":"2025-01","brand_revenue":65818.3740234375,"category_revenue":1100552.421875,"share_pct":6.0},{"period":"2025-02","brand_revenue":24222.05078125,"category_revenue":1167271.25,"share_pct":2.0999999046325684},{"period":"2025-03","brand_revenue":37066.69921875,"category_revenue":1348856.71875,"share_pct":2.700000047683716},{"period":"2025-04","brand_revenue":28138.27392578125,"category_revenue":1414639.84375,"share_pct":2.0},{"period":"2025-05","brand_revenue":27846.0009765625,"category_revenue":1460588.4375,"share_pct":1.899999976158142},{"period":"2025-06","brand_revenue":33674.65087890625,"category_revenue":1320852.96875,"share_pct":2.5},{"period":"2025-07","brand_revenue":25181.0009765625,"category_revenue":1451194.84375,"share_pct":1.7000000476837158},{"period":"2025-08","brand_revenue":10107.125244140625,"category_revenue":1403520.625,"share_pct":0.699999988079071},{"period":"2025-09","brand_revenue":5747.0001220703125,"category_revenue":1317518.125,"share_pct":0.4000000059604645},{"period":"2025-10","brand_revenue":5467.0001220703125,"category_revenue":1511693.75,"share_pct":0.4000000059604645},{"period":"2025-11","brand_revenue":2146.4999389648438,"category_revenue":1481709.21875,"share_pct":0.10000000149011612},{"period":"2025-12","brand_revenue":1110.0,"category_revenue":1476896.875,"share_pct":0.10000000149011612},{"period":"2026-01","brand_revenue":2548.9999389648438,"category_revenue":1398594.84375,"share_pct":0.20000000298023224}],"CONCENTRATE":[{"period":"2024-01","brand_revenue":0.0,"category_revenue":351129.609375,"share_pct":0.0},{"period":"2024-02","brand_revenue":0.0,"category_revenue":371224.4921875,"share_pct":0.0},{"period":"2024-03","brand_revenue":0.0,"category_revenue":375964.296875,"share_pct":0.0},{"period":"2024-04","brand_revenue":0.0,"category_revenue":352745.859375,"share_pct":0.0},{"period":"2024-05","brand_revenue":0.0,"category_revenue":346027.5,"share_pct":0.0},{"period":"2024-06","brand_revenue":0.0,"category_revenue":310723.3984375,"share_pct":0.0},{"period":"2024-07","brand_revenue":0.0,"category_revenue":336220.078125,"share_pct":0.0},{"period":"2024-08","brand_revenue":0.0,"category_revenue":324004.04296875,"share_pct":0.0},{"period":"2024-09","brand_revenue":0.0,"category_revenue":326834.1796875,"share_pct":0.0},{"period":"2024-10","brand_revenue":0.0,"category_revenue":324500.859375,"share_pct":0.0},{"period":"2024-11","brand_revenue":0.0,"category_revenue":351240.0390625,"share_pct":0.0},{"period":"2024-12","brand_revenue":6407.0001220703125,"category_revenue":324145.4296875,"share_pct":2.0},{"period":"2025-01","brand_revenue":16580.250244140625,"category_revenue":325749.19921875,"share_pct":5.099999904632568},{"period":"2025-02","brand_revenue":14542.999267578125,"category_revenue":300499.0234375,"share_pct":4.800000190734863},{"period":"2025-03","brand_revenue":8739.550170898438,"category_revenue":298171.5234375,"share_pct":2.9000000953674316},{"period":"2025-04","brand_revenue":15282.5,"category_revenue":343355.625,"share_pct":4.5},{"period":"2025-05","brand_revenue":7444.000244140625,"category_revenue":288836.62109375,"share_pct":2.5999999046325684},{"period":"2025-06","brand_revenue":6849.2498779296875,"category_revenue":280928.33984375,"share_pct":2.4000000953674316},{"period":"2025-07","brand_revenue":1330.2499389648438,"category_revenue":283604.1796875,"share_pct":0.5},{"period":"2025-08","brand_revenue":0.0,"category_revenue":274773.76953125,"share_pct":0.0},{"period":"2025-09","brand_revenue":0.0,"category_revenue":264599.19921875,"share_pct":0.0},{"period":"2025-10","brand_revenue":0.0,"category_revenue":277515.46875,"share_pct":0.0},{"period":"2025-11","brand_revenue":0.0,"category_revenue":295773.3203125,"share_pct":0.0},{"period":"2025-12","brand_revenue":0.0,"category_revenue":267042.05078125,"share_pct":0.0},{"period":"2026-01","brand_revenue":0.0,"category_revenue":270749.70703125,"share_pct":0.0}]},"velocity_by_category":[{"category":"PRE ROLL","brand_units_per_day":59.74,"category_avg_units_per_day":42.38,"velocity_index":141.0,"brand_rev_per_unit":8.95,"category_rev_per_unit":7.54,"brands_in_category":46},{"category":"FLOWER","brand_units_per_day":25.76,"category_avg_units_per_day":55.54,"velocity_index":46.4,"brand_rev_per_unit":31.19,"category_rev_per_unit":22.97,"brands_in_category":64},{"category":"DISPOSABLE VAPE","brand_units_per_day":12.0,"category_avg_units_per_day":28.36,"velocity_index":42.3,"brand_rev_per_unit":34.76,"category_rev_per_unit":32.31,"brands_in_category":35},{"category":"CONCENTRATE","brand_units_per_day":1.88,"category_avg_units_per_day":15.38,"velocity_index":12.2,"brand_rev_per_unit":43.11,"category_rev_per_unit":19.88,"brands_in_category":27},{"category":0.0,"brand_units_per_day":0.0,"category_avg_units_per_day":0,"velocity_index":0,"brand_rev_per_unit":0.0,"category_rev_per_unit":0.0,"brands_in_category":0}],"store_gaps":[{"store":"Elevation Downtown","category":"FLOWER","category_revenue_at_store":324929.8828125,"opportunity":"Category not carried at this store"},{"store":"Elevation Downtown","category":"PRE ROLL","category_revenue_at_store":196139.1015625,"opportunity":"Category not carried at this store"},{"store":"Elevation Downtown","category":"CONCENTRATE","category_revenue_at_store":53170.9033203125,"opportunity":"Category not carried at this store"}],"product_mix":{"top":[{"product":"LEMON ESSENCE EIGHTH - LP EXOTICS","units":1724,"revenue":68946.4990234375,"cost":36635.0,"profit":32311.4990234375,"stores":6,"transactions":1304,"margin":46.900001525878906},{"product":"LA KUSH CAKE EIGHTH - LP EXOTICS","units":1578,"revenue":61220.8984375,"cost":33532.5,"profit":27688.40087890625,"stores":6,"transactions":1346,"margin":45.20000076293945},{"product":"DIA DE LOS MUERTOS PRE ROLL - LP EXOTICS","units":5068,"revenue":56970.9765625,"cost":28507.5,"profit":28463.47412109375,"stores":6,"transactions":3434,"margin":50.0},{"product":"LA KUSH CAKE PRE ROLL - LP EXOTICS","units":4880,"revenue":54926.69921875,"cost":27450.0,"profit":27476.69921875,"stores":6,"transactions":3384,"margin":50.0},{"product":"POWER EIGHTH - LP EXOTICS","units":1156,"revenue":42929.9755859375,"cost":24565.0,"profit":18364.9755859375,"stores":6,"transactions":940,"margin":42.79999923706055},{"product":"007 UP EIGHTH - LP EXOTICS","units":1064,"revenue":41484.1748046875,"cost":22610.0,"profit":18874.1748046875,"stores":5,"transactions":842,"margin":45.5},{"product":"LEMON ESSENCE PRE ROLL - LP EXOTICS","units":3470,"revenue":39171.14990234375,"cost":19518.75,"profit":19652.39990234375,"stores":6,"transactions":2590,"margin":50.20000076293945},{"product":"CARMELO LIVE RESIN DISPOSABLE VAPE - LP EXOTICS","units":900,"revenue":37372.5244140625,"cost":19687.5,"profit":17685.0244140625,"stores":5,"transactions":856,"margin":47.29999923706055},{"product":"HEAD HUNTER 21 LIVE ROSIN BADDER - LP EXOTICS","units":748,"revenue":37263.24951171875,"cost":23300.0,"profit":13963.24951171875,"stores":6,"transactions":640,"margin":37.5},{"product":"OGKB2 EIGHTH - LP EXOTICS","units":918,"revenue":36377.57568359375,"cost":19507.5,"profit":16870.074462890625,"stores":6,"transactions":752,"margin":46.400001525878906},{"product":"WEDDING CAKE PRE ROLL - LP EXOTICS","units":2966,"revenue":34379.2236328125,"cost":16683.75,"profit":17695.474853515625,"stores":6,"transactions":2158,"margin":51.5},{"product":"NEXT LEVEL EIGHTH - LP EXOTICS","units":816,"revenue":31749.29931640625,"cost":17340.0,"profit":14409.300537109375,"stores":5,"transactions":670,"margin":45.400001525878906},{"product":"GAS TANK EIGHTH - LP EXOTICS","units":742,"revenue":31603.85009765625,"cost":15440.875244140625,"profit":16162.974853515625,"stores":6,"transactions":572,"margin":51.099998474121094},{"product":"GASTRO POP EIGHTH - LP EXOTICS","units":818,"revenue":31191.25,"cost":17382.5,"profit":13808.75,"stores":5,"transactions":632,"margin":44.29999923706055},{"product":"CHLOE EIGHTH - LP EXOTICS","units":784,"revenue":30048.5009765625,"cost":16660.0,"profit":13388.499755859375,"stores":4,"transactions":648,"margin":44.599998474121094},{"product":"WHITE RUNTZ EIGHTH - LP EXOTICS","units":700,"revenue":28508.349609375,"cost":14875.0,"profit":13633.349609375,"stores":5,"transactions":596,"margin":47.79999923706055},{"product":"ORANGE PUSH POP EIGHTH - LP EXOTICS","units":700,"revenue":27551.25,"cost":14875.0,"profit":12676.25,"stores":4,"transactions":532,"margin":46.0},{"product":"DOS X LIVE RESIN DISPOSABLE VAPE - LP EXOTICS","units":696,"revenue":26562.97607421875,"cost":15225.0,"profit":11337.974853515625,"stores":6,"transactions":616,"margin":42.70000076293945},{"product":"GHOST TRAIN HAZE DISPOSABLE VAPE - LP EXOTICS","units":756,"revenue":25291.25,"cost":12285.0,"profit":13006.25,"stores":6,"transactions":682,"margin":51.400001525878906},{"product":"MIRACLE FRUIT LIVE RESIN DISPOSABLE VAPE - LP EXOTICS","units":574,"revenue":25290.07568359375,"cost":12556.25,"profit":12733.824462890625,"stores":6,"transactions":528,"margin":50.400001525878906}],"bottom":[{"product":"LV GLUE PRE ROLL - LP EXOTICS","units":112,"revenue":1269.124984741211,"cost":490.0,"profit":779.1249847412109,"stores":1,"transactions":102,"margin":61.400001525878906},{"product":"STRANGE HAZE #8 EIGHTH - LP EXOTICS","units":30,"revenue":1260.0,"cost":637.5,"profit":622.5,"stores":1,"transactions":30,"margin":49.400001525878906},{"product":"PINEAPPLE BREEZE PRE ROLL - LP EXOTICS","units":106,"revenue":1234.749984741211,"cost":463.75,"profit":770.9999847412109,"stores":1,"transactions":92,"margin":62.400001525878906},{"product":"SPRITZER G EIGHTH - LP EXOTICS","units":22,"revenue":980.0,"cost":467.5,"profit":512.5,"stores":3,"transactions":22,"margin":52.29999923706055},{"product":"RED POP PRE ROLL - LP EXOTICS","units":90,"revenue":859.6499633789062,"cost":506.25,"profit":353.4000015258789,"stores":1,"transactions":74,"margin":41.099998474121094},{"product":"MIRACLE FRUIT LR DISPOSABLE VAPE - LP EXOTICS","units":12,"revenue":485.0,"cost":262.5,"profit":222.5,"stores":3,"transactions":10,"margin":45.900001525878906},{"product":"PURPLE GUAVA LR DISPOSABLE VAPE - LP EXOTICS","units":6,"revenue":270.0,"cost":131.25,"profit":138.75,"stores":2,"transactions":6,"margin":51.400001525878906},{"product":"HASTA MANANA PRE ROLL - LP EXOTICS","units":8,"revenue":92.5,"cost":45.0,"profit":47.5,"stores":1,"transactions":8,"margin":51.400001525878906},{"product":"GUAVA ICE LR DISPOSABLE VAPE - LP EXOTICS","units":2,"revenue":70.0,"cost":43.75,"profit":26.25,"stores":1,"transactions":2,"margin":37.5},{"product":"CHEM D PRE ROLL - LP EXOTICS","units":6,"revenue":70.0,"cost":33.75,"profit":36.25,"stores":1,"transactions":4,"margin":51.79999923706055}],"expansion":[{"product":"LEMON ESSENCE EIGHTH - LP EXOTICS","current_stores":6,"total_stores":7,"missing_stores":["Elevation Downtown"],"revenue":68946.4990234375},{"product":"LA KUSH CAKE EIGHTH - LP EXOTICS","current_stores":6,"total_stores":7,"missing_stores":["Elevation Downtown"],"revenue":61220.8984375},{"product":"DIA DE LOS MUERTOS PRE ROLL - LP EXOTICS","current_stores":6,"total_stores":7,"missing_stores":["Elevation Downtown"],"revenue":56970.9765625},{"product":"LA KUSH CAKE PRE ROLL - LP EXOTICS","current_stores":6,"total_stores":7,"missing_stores":["Elevation Downtown"],"revenue":54926.69921875},{"product":"POWER EIGHTH - LP EXOTICS","current_stores":6,"total_stores":7,"missing_stores":["Elevation Downtown"],"revenue":42929.9755859375},{"product":"007 UP EIGHTH - LP EXOTICS","current_stores":5,"total_stores":7,"missing_stores":["Elevation Downtown","Elevation Parkway"],"revenue":41484.1748046875},{"product":"LEMON ESSENCE PRE ROLL - LP EXOTICS","current_stores":6,"total_stores":7,"missing_stores":["Elevation Downtown"],"revenue":39171.14990234375},{"product":"CARMELO LIVE RESIN DISPOSABLE VAPE - LP EXOTICS","current_stores":5,"total_stores":7,"missing_stores":["Elevation Oasis","Elevation Downtown"],"revenue":37372.5244140625},{"product":"HEAD HUNTER 21 LIVE ROSIN BADDER - LP EXOTICS","current_stores":6,"total_stores":7,"missing_stores":["Elevation Downtown"],"revenue":37263.24951171875},{"product":"OGKB2 EIGHTH - LP EXOTICS","current_stores":6,"total_stores":7,"missing_stores":["Elevation Downtown"],"revenue":36377.57568359375}]},"pricing_consistency":[{"product":"LEMON GRASSHOPPER LIVE RESIN DISPOSABLE VAPE - LP EXOTICS","min_price":51.2,"max_price":91.32575757575758,"avg_price":69.11940387764363,"std_dev":6.033924940944048,"store_count":12,"price_range":40.125757575757575,"range_pct":58.1},{"product":"BANANA CREAM JEALOUSY LIVE RESIN DISPOSABLE VAPE - LP EXOTICS","min_price":58.846153846153854,"max_price":92.65800170898437,"avg_price":75.5667089615344,"std_dev":5.05976026535211,"store_count":10,"price_range":33.81184786283052,"range_pct":44.7},{"product":"LV KUSH CAKE PRE ROLL - LP EXOTICS","min_price":16.052082379659016,"max_price":24.716994039128334,"avg_price":19.83104819437959,"std_dev":1.2990259354655382,"store_count":12,"price_range":8.664911659469318,"range_pct":43.7},{"product":"CEREBELLUM EIGHTH- LP EXOTICS","min_price":54.0,"max_price":81.875,"avg_price":65.33779761904762,"std_dev":4.711688949315526,"store_count":8,"price_range":27.874999999999996,"range_pct":42.7},{"product":"LEMON CHERRY MARKER LIVE RESIN DISPOSABLE VAPE - LP EXOTICS","min_price":64.4,"max_price":91.88775510204081,"avg_price":72.44401193908554,"std_dev":4.134833451566089,"store_count":12,"price_range":27.487755102040808,"range_pct":37.9},{"product":"PURPLE GUAVA LR DISPOSABLE VAPE - LP EXOTICS","min_price":70.0,"max_price":100.0,"avg_price":85.0,"std_dev":8.48528137423857,"store_count":4,"price_range":30.0,"range_pct":35.3},{"product":"GRAPE BAJA BLAST LIVE ROSIN DISPOSABLE VAPE - LP EXOTICS","min_price":99.74999678762336,"max_price":141.44681889960106,"avg_price":120.18507481387472,"std_dev":6.902916195160595,"store_count":8,"price_range":41.6968221119777,"range_pct":34.7},{"product":"BATHWATER LIVE RESIN DISPOSABLE VAPE - LP EXOTICS","min_price":69.17187372843425,"max_price":96.4,"avg_price":84.04211498592709,"std_dev":4.086148252957815,"store_count":10,"price_range":27.228126271565756,"range_pct":32.4},{"product":"CEREBELLUM EIGHTH - LP EXOTICS","min_price":61.25,"max_price":84.61538461538461,"avg_price":73.53452797202797,"std_dev":3.831305024907403,"store_count":8,"price_range":23.365384615384617,"range_pct":31.8},{"product":"WEDDING PIE PRE ROLL - LP EXOTICS","min_price":17.553402099609375,"max_price":24.012500000000003,"avg_price":20.346261410183377,"std_dev":0.9029346856432372,"store_count":12,"price_range":6.459097900390627,"range_pct":31.7},{"product":"GRAPES AND CREAM LIVE ROSIN DISPOSABLE VAPE - LP EXOTICS","min_price":103.6199951171875,"max_price":140.9437713623047,"avg_price":118.50428511516675,"std_dev":5.876359195907095,"store_count":12,"price_range":37.32377624511719,"range_pct":31.5},{"product":"MIRACLE FRUIT LR DISPOSABLE VAPE - LP EXOTICS","min_price":75.0,"max_price":100.0,"avg_price":84.16666666666666,"std_dev":5.507570547286101,"store_count":6,"price_range":25.0,"range_pct":29.7},{"product":"SPRITZER G EIGHTH - LP EXOTICS","min_price":70.0,"max_price":92.85714285714286,"avg_price":83.17460317460318,"std_dev":4.728773633362649,"store_count":6,"price_range":22.857142857142865,"range_pct":27.5},{"product":"GMO X MIMOSA #3 EIGHTH - LP EXOTICS","min_price":71.8994140625,"max_price":92.5,"avg_price":80.05613250732422,"std_dev":3.107806895854467,"store_count":10,"price_range":20.6005859375,"range_pct":25.7},{"product":"MEDULLA EIGHTH - LP EXOTICS","min_price":59.0,"max_price":76.0,"avg_price":68.08,"std_dev":2.464370102074767,"store_count":10,"price_range":16.999999999999993,"range_pct":25.0},{"product":"GMO LIVE ROSIN DISPOSABLE VAPE - LP EXOTICS","min_price":112.66666412353516,"max_price":144.00000832297587,"avg_price":127.73689504445045,"std_dev":5.5195578830912515,"store_count":12,"price_range":31.333344199440702,"range_pct":24.5},{"product":"HEAD HUNTER 21 LIVE ROSIN BADDER - LP EXOTICS","min_price":89.70357840401786,"max_price":114.260009765625,"avg_price":100.7350382377522,"std_dev":4.5659093525732475,"store_count":12,"price_range":24.55643136160715,"range_pct":24.4},{"product":"TRUFFLE LIVE ROSIN BADDER - LP EXOTICS","min_price":101.08332951863608,"max_price":129.8800048828125,"avg_price":118.29255443149144,"std_dev":4.174362733636975,"store_count":12,"price_range":28.796675364176423,"range_pct":24.3},{"product":"POWER EIGHTH - LP EXOTICS","min_price":63.28558483263002,"max_price":81.20915032679738,"avg_price":74.70052157695545,"std_dev":2.5894648470269104,"store_count":12,"price_range":17.92356549416736,"range_pct":24.0},{"product":"MEDULLA PRE ROLL - LP EXOTICS","min_price":18.55714277787642,"max_price":23.37499867314878,"avg_price":20.38872972948278,"std_dev":0.7308965659647907,"store_count":12,"price_range":4.817855895272358,"range_pct":23.6},{"product":"DAILY GRAPE EIGHTH - LP EXOTICS","min_price":68.59649122807016,"max_price":85.83333333333334,"avg_price":75.95359673466739,"std_dev":2.684581180986216,"store_count":10,"price_range":17.236842105263168,"range_pct":22.7},{"product":"THUNDERCLAP PRE ROLL - LP EXOTICS","min_price":19.44072133487033,"max_price":24.25,"avg_price":21.464284699032387,"std_dev":0.6624236397997443,"store_count":12,"price_range":4.80927866512967,"range_pct":22.4},{"product":"SNOWBALL 89 LIVE ROSIN DISPOSABLE VAPE - LP EXOTICS","min_price":129.13795208108834,"max_price":160.0,"avg_price":140.8147577746161,"std_dev":5.168618609276064,"store_count":10,"price_range":30.862047918911646,"range_pct":21.9},{"product":"ZKITTLEZ LIVE ROSIN DISPOSABLE VAPE - LP EXOTICS","min_price":122.08696448284647,"max_price":152.06666310628256,"avg_price":137.4434811135997,"std_dev":4.674517374167118,"store_count":12,"price_range":29.979698623436093,"range_pct":21.8},{"product":"SUNDAE DRIVER PRE ROLL - LP EXOTICS","min_price":21.05291881700502,"max_price":25.949249267578125,"avg_price":22.769134728461864,"std_dev":0.8681760612019102,"store_count":8,"price_range":4.896330450573108,"range_pct":21.5},{"product":"FIRST CLASS FUNK EIGHTH - LP EXOTICS","min_price":75.625,"max_price":93.2051282051282,"avg_price":82.24447175631386,"std_dev":2.7430689826996253,"store_count":10,"price_range":17.58012820512821,"range_pct":21.4},{"product":"HEAD HUNTER 18 LIVE ROSIN BADDER - LP EXOTICS","min_price":105.8499984741211,"max_price":129.89583333333334,"avg_price":115.10972171359592,"std_dev":5.176195821894728,"store_count":6,"price_range":24.04583485921224,"range_pct":20.9},{"product":"GUAVA RUNTZ LIVE RESIN DISPOSABLE VAPE - LP EXOTICS","min_price":76.7,"max_price":94.09090909090908,"avg_price":87.46006371804812,"std_dev":2.58141750281979,"store_count":12,"price_range":17.390909090909084,"range_pct":19.9},{"product":"SILVER RESERVE EIGHTH - LP EXOTICS","min_price":73.11576511548913,"max_price":89.04881068638392,"avg_price":80.93891657163886,"std_dev":3.1881568670376623,"store_count":6,"price_range":15.933045570894793,"range_pct":19.7},{"product":"GARLIC COOKIES LIVE ROSIN BADDER - LP EXOTICS","min_price":107.09999593098958,"max_price":129.04998779296875,"avg_price":117.59999399820964,"std_dev":3.3491180771266817,"store_count":10,"price_range":21.949991861979168,"range_pct":18.7}],"promotional_effectiveness":{"lift":{"fp_units_per_day":42.34,"disc_units_per_day":75.28,"lift_pct":77.8,"fp_avg_revenue_per_unit":53.625,"disc_avg_revenue_per_unit":42.375},"by_deal":[{"deal_name":"Industry - 30% Off","uses":5674,"revenue":279673.8474345207,"discounts":120067.39950060844,"units":14958.0,"cost":166782.92498111725,"margin":40.4,"discount_depth":60.0},{"deal_name":"LP Exotics 1/4 for $60","uses":1070,"revenue":187950.50000190735,"discounts":62561.99999809265,"units":5012.0,"cost":106505.0,"margin":43.3,"discount_depth":50.0},{"deal_name":"4/20 2025 - Flower / Infused","uses":672,"revenue":39230.950003266335,"discounts":39371.55000209808,"units":1943.0,"cost":32961.25,"margin":16.0,"discount_depth":100.2},{"deal_name":"Senior - 10% Off","uses":623,"revenue":53645.7622385025,"discounts":6016.737529635429,"units":2062.0,"cost":25028.599996566772,"margin":53.3,"discount_depth":20.2},{"deal_name":"LP Exotics Pre-Rolls 5 for $40","uses":565,"revenue":60264.99999880791,"discounts":23077.49999821186,"units":6026.0,"cost":33896.25,"margin":43.8,"discount_depth":55.4},{"deal_name":"Industry 30% Off","uses":381,"revenue":30951.999711990356,"discounts":13395.50010561943,"units":1000.0,"cost":18717.5,"margin":39.5,"discount_depth":60.4},{"deal_name":"30% Off Special","uses":353,"revenue":25921.249952316284,"discounts":11188.750004768372,"units":856.0,"cost":16653.75,"margin":35.8,"discount_depth":60.4},{"deal_name":"Veterans - 10% Off","uses":337,"revenue":20751.99978351593,"discounts":2328.000019788742,"units":906.0,"cost":9652.424998283386,"margin":53.5,"discount_depth":20.2},{"deal_name":"LP Exotics 4 for $30","uses":324,"revenue":26108.75,"discounts":13116.25,"units":2776.0,"cost":15615.0,"margin":40.2,"discount_depth":66.8},{"deal_name":"4/20 40% Off!!!!","uses":311,"revenue":18566.82494878769,"discounts":12403.17504644394,"units":950.0,"cost":13062.5,"margin":29.6,"discount_depth":80.0},{"deal_name":"Senior / Veterans - 20% Off","uses":242,"revenue":20553.537566661835,"discounts":5245.212518572807,"units":771.0,"cost":10732.175006866455,"margin":47.8,"discount_depth":40.6},{"deal_name":"LP Exotics - 30% Off","uses":208,"revenue":16561.999945640564,"discounts":7098.000056743622,"units":548.0,"cost":10147.5,"margin":38.7,"discount_depth":60.0},{"deal_name":"Jackpot - Locals 30% Off","uses":185,"revenue":11898.24993133545,"discounts":5099.249981641769,"units":502.0,"cost":7193.724999427795,"margin":39.5,"discount_depth":60.0},{"deal_name":"LVAC - 25% Off","uses":128,"revenue":4798.125,"discounts":1599.375,"units":284.0,"cost":2603.75,"margin":45.7,"discount_depth":50.0},{"deal_name":"Cannavative / Resin8 / Packspods / LP Exotics - 30% Off","uses":118,"revenue":9616.24997138977,"discounts":4121.2500286102295,"units":258.0,"cost":5995.0,"margin":37.7,"discount_depth":60.0},{"deal_name":"Employee 30% - NOT FRIDAYS","uses":113,"revenue":7771.74991607666,"discounts":3330.7500052452087,"units":266.0,"cost":4667.474999427795,"margin":39.9,"discount_depth":60.0},{"deal_name":"LP Exotics 0.5g Disposables 2 for $50","uses":108,"revenue":13900.0,"discounts":2750.0,"units":444.0,"cost":7215.0,"margin":48.1,"discount_depth":33.0},{"deal_name":"Pre-Rolls 5 for $40","uses":68,"revenue":5060.0,"discounts":2070.0,"units":506.0,"cost":2846.25,"margin":43.8,"discount_depth":58.0},{"deal_name":"40% Off Special","uses":54,"revenue":5387.9999923706055,"discounts":3592.0000076293945,"units":120.0,"cost":4200.0,"margin":22.0,"discount_depth":80.0},{"deal_name":"Employee - 40% OFF","uses":53,"revenue":3572.999974489212,"discounts":2382.0000326633453,"units":128.0,"cost":2498.75,"margin":30.1,"discount_depth":80.0}]},"growth_opportunities":[{"type":"sku_expansion","title":"Add '007 UP EIGHTH - LP EXOTICS' to 2 more store(s)","detail":"Carried in 5 stores. Missing from: Elevation Downtown, Elevation Parkway","priority":"medium"},{"type":"sku_expansion","title":"Add '007 UP PRE ROLL - LP EXOTICS' to 1 more store(s)","detail":"Carried in 6 stores. Missing from: Elevation Downtown","priority":"medium"},{"type":"sku_expansion","title":"Add 'ANIMAL SHERB MINTS PRE ROLL - LP EXOTICS' to 3 more store(s)","detail":"Carried in 4 stores. Missing from: Elevation Oasis, Elevation Downtown, Elevation Boulevard","priority":"medium"},{"type":"sku_expansion","title":"Add 'APPLE FRITTER X SUNSET SHERBERT PRE ROLL - LP EXOTICS' to 4 more store(s)","detail":"Carried in 3 stores. Missing from: Elevation Oasis, Elevation Downtown, Elevation Midtown, Elevation Parkway","priority":"medium"},{"type":"sku_expansion","title":"Add 'BANANA CREAM JEALOUSY LIVE RESIN DISPOSABLE VAPE - LP EXOTICS' to 2 more store(s)","detail":"Carried in 5 stores. Missing from: Elevation Downtown, Elevation Midtown","priority":"medium"},{"type":"velocity","title":"Improve velocity in FLOWER","detail":"Velocity index 46 (below category average). 12.9 units/day vs 27.8 avg.","priority":"medium"},{"type":"velocity","title":"Improve velocity in DISPOSABLE VAPE","detail":"Velocity index 42 (below category average). 6.0 units/day vs 14.2 avg.","priority":"medium"},{"type":"velocity","title":"Improve velocity in CONCENTRATE","detail":"Velocity index 12 (below category average). 0.9 units/day vs 7.7 avg.","priority":"medium"},{"type":"velocity","title":"Improve velocity in nan","detail":"Velocity index 0 (below category average). 0.0 units/day vs 0.0 avg.","priority":"medium"}],"trend":[{"period":"2024-01","revenue":247712.1484375,"cost":129897.5,"margin":47.6,"units":11634,"transactions":6682,"profit":117814.6484375,"revenue_change_pct":null,"units_change_pct":null,"margin_change_pts":null},{"period":"2024-02","revenue":100716.123046875,"cost":52165.0,"margin":48.2,"units":4898,"transactions":3134,"profit":48551.123046875,"revenue_change_pct":-59.3,"units_change_pct":-57.9,"margin_change_pts":0.6},{"period":"2024-03","revenue":165433.69140625,"cost":87868.75,"margin":46.9,"units":8160,"transactions":4434,"profit":77564.951171875,"revenue_change_pct":64.3,"units_change_pct":66.6,"margin_change_pts":-1.3},{"period":"2024-04","revenue":79909.55078125,"cost":44038.75,"margin":44.9,"units":3818,"transactions":2746,"profit":35870.80078125,"revenue_change_pct":-51.7,"units_change_pct":-53.2,"margin_change_pts":-2.0},{"period":"2024-05","revenue":102087.1484375,"cost":50396.25,"margin":50.6,"units":5326,"transactions":3820,"profit":51690.8984375,"revenue_change_pct":27.8,"units_change_pct":39.5,"margin_change_pts":5.7},{"period":"2024-06","revenue":106869.6484375,"cost":56201.25,"margin":47.4,"units":5558,"transactions":3024,"profit":50668.3984375,"revenue_change_pct":4.7,"units_change_pct":4.4,"margin_change_pts":-3.2},{"period":"2024-07","revenue":101646.572265625,"cost":53831.25,"margin":47.0,"units":5520,"transactions":2828,"profit":47815.3271484375,"revenue_change_pct":-4.9,"units_change_pct":-0.7,"margin_change_pts":-0.4},{"period":"2024-08","revenue":42966.376953125,"cost":21377.5,"margin":50.2,"units":2606,"transactions":1626,"profit":21588.87451171875,"revenue_change_pct":-57.7,"units_change_pct":-52.8,"margin_change_pts":3.2},{"period":"2024-09","revenue":44964.82421875,"cost":23067.5,"margin":48.7,"units":2812,"transactions":1652,"profit":21897.32421875,"revenue_change_pct":4.7,"units_change_pct":7.9,"margin_change_pts":-1.5},{"period":"2024-10","revenue":60333.02734375,"cost":29214.599609375,"margin":51.6,"units":2708,"transactions":2024,"profit":31118.42529296875,"revenue_change_pct":34.2,"units_change_pct":-3.7,"margin_change_pts":2.9},{"period":"2024-11","revenue":35979.29931640625,"cost":17734.974365234375,"margin":50.7,"units":1804,"transactions":1428,"profit":18244.324951171875,"revenue_change_pct":-40.4,"units_change_pct":-33.4,"margin_change_pts":-0.9},{"period":"2024-12","revenue":113570.322265625,"cost":57401.298828125,"margin":49.5,"units":3532,"transactions":2854,"profit":56169.0234375,"revenue_change_pct":215.7,"units_change_pct":95.8,"margin_change_pts":-1.3},{"period":"2025-01","revenue":139449.775390625,"cost":68202.59765625,"margin":51.1,"units":4190,"transactions":3406,"profit":71247.1728515625,"revenue_change_pct":22.8,"units_change_pct":18.6,"margin_change_pts":1.6},{"period":"2025-02","revenue":71348.92578125,"cost":35768.7744140625,"margin":49.9,"units":2252,"transactions":1848,"profit":35580.14892578125,"revenue_change_pct":-48.8,"units_change_pct":-46.3,"margin_change_pts":-1.2},{"period":"2025-03","revenue":79357.0751953125,"cost":38913.75,"margin":51.0,"units":2540,"transactions":1876,"profit":40443.3251953125,"revenue_change_pct":11.2,"units_change_pct":12.8,"margin_change_pts":1.1},{"period":"2025-04","revenue":74123.1982421875,"cost":50831.25,"margin":31.4,"units":3252,"transactions":2384,"profit":23291.95068359375,"revenue_change_pct":-6.6,"units_change_pct":28.0,"margin_change_pts":-19.5},{"period":"2025-05","revenue":51236.8994140625,"cost":24886.25,"margin":51.4,"units":1506,"transactions":1246,"profit":26350.6494140625,"revenue_change_pct":-30.9,"units_change_pct":-53.7,"margin_change_pts":20.0},{"period":"2025-06","revenue":61219.0478515625,"cost":30916.25,"margin":49.5,"units":1986,"transactions":1500,"profit":30302.80029296875,"revenue_change_pct":19.5,"units_change_pct":31.9,"margin_change_pts":-1.9},{"period":"2025-07","revenue":39791.0009765625,"cost":23097.5,"margin":42.0,"units":1100,"transactions":898,"profit":16693.499755859375,"revenue_change_pct":-35.0,"units_change_pct":-44.6,"margin_change_pts":-7.5},{"period":"2025-08","revenue":12697.125244140625,"cost":7565.0,"margin":40.4,"units":300,"transactions":280,"profit":5132.125244140625,"revenue_change_pct":-68.1,"units_change_pct":-72.7,"margin_change_pts":-1.5},{"period":"2025-09","revenue":7925.7501220703125,"cost":4776.25,"margin":39.7,"units":182,"transactions":152,"profit":3149.5001220703125,"revenue_change_pct":-37.6,"units_change_pct":-39.3,"margin_change_pts":-0.7},{"period":"2025-10","revenue":6474.5001220703125,"cost":4447.5,"margin":31.3,"units":142,"transactions":124,"profit":2026.9999694824219,"revenue_change_pct":-18.3,"units_change_pct":-22.0,"margin_change_pts":-8.4},{"period":"2025-11","revenue":2146.4999389648438,"cost":1680.0,"margin":21.7,"units":48,"transactions":44,"profit":466.50001525878906,"revenue_change_pct":-66.8,"units_change_pct":-66.2,"margin_change_pts":-9.6},{"period":"2025-12","revenue":1110.0,"cost":700.0,"margin":36.9,"units":20,"transactions":16,"profit":410.0,"revenue_change_pct":-48.3,"units_change_pct":-58.3,"margin_change_pts":15.2},{"period":"2026-01","revenue":2548.9999389648438,"cost":1750.0,"margin":31.3,"units":50,"transactions":48,"profit":799.0000152587891,"revenue_change_pct":129.6,"units_change_pct":150.0,"margin_change_pts":-5.6}]}