{"brand":"LP EXOTICS","date_range":"2024-01-01 00:00:00 to 2026-01-31 00:00:00","period_label":"All Time","summary":{"total_units":75944,"total_revenue":1751617.5,"total_cost":916729.6875,"total_discounts":429889.9609375,"total_profit":834887.8125,"overall_margin":47.70000076293945,"fp_margin":58.099998474121094,"disc_margin":41.099998474121094,"pct_full_price":38.79999923706055,"avg_discount_rate":19.700000762939453,"fp_revenue":679797.5,"disc_revenue":1071820.0,"unique_customers":31386,"brand":"LP EXOTICS","date_range":"2024-01-01 00:00:00 to 2026-01-31 00:00:00","months_count":50,"avg_monthly_cost":36669.175,"cost_per_unit":24.15,"primary_category":"FLOWER","primary_cat_margin":54.099998474121094,"category_rank":25,"category_total":64,"margin_vs_category":-6.400000095367432,"velocity_rank":26},"category_breakdown":[{"category_clean":"FLOWER","units":19632,"revenue":765356.40625,"cost":412539.609375,"profit":352816.7578125,"discounts":205201.1328125,"margin":46.099998474121094,"category_avg_margin":54.099998474121094,"vs_category":-8.0,"rank":25.0,"total_brands":64.0},{"category_clean":"PRE ROLL","units":45526,"revenue":509078.4375,"cost":247718.75,"profit":261359.66796875,"discounts":113774.072265625,"margin":51.29999923706055,"category_avg_margin":48.29999923706055,"vs_category":3.0,"rank":8.0,"total_brands":46.0},{"category_clean":"DISPOSABLE VAPE","units":9148,"revenue":397434.4140625,"cost":210645.1171875,"profit":186789.296875,"discounts":83485.576171875,"margin":47.0,"category_avg_margin":52.79999923706055,"vs_category":-5.8,"rank":17.0,"total_brands":35.0},{"category_clean":"CONCENTRATE","units":1432,"revenue":77175.80078125,"cost":44675.0,"profit":32500.80078125,"discounts":27169.19921875,"margin":42.099998474121094,"category_avg_margin":45.900001525878906,"vs_category":-3.8,"rank":12.0,"total_brands":27.0}],"trend":[{"period":"2024-01","revenue":247712.1484375,"cost":129897.5,"margin":47.6,"units":11634,"transactions":6682,"profit":117814.6484375,"revenue_change_pct":null,"units_change_pct":null,"margin_change_pts":null},{"period":"2024-02","revenue":100716.123046875,"cost":52165.0,"margin":48.2,"units":4898,"transactions":3134,"profit":48551.123046875,"revenue_change_pct":-59.3,"units_change_pct":-57.9,"margin_change_pts":0.6},{"period":"2024-03","revenue":165433.69140625,"cost":87868.75,"margin":46.9,"units":8160,"transactions":4434,"profit":77564.951171875,"revenue_change_pct":64.3,"units_change_pct":66.6,"margin_change_pts":-1.3},{"period":"2024-04","revenue":79909.55078125,"cost":44038.75,"margin":44.9,"units":3818,"transactions":2746,"profit":35870.80078125,"revenue_change_pct":-51.7,"units_change_pct":-53.2,"margin_change_pts":-2.0},{"period":"2024-05","revenue":102087.1484375,"cost":50396.25,"margin":50.6,"units":5326,"transactions":3820,"profit":51690.8984375,"revenue_change_pct":27.8,"units_change_pct":39.5,"margin_change_pts":5.7},{"period":"2024-06","revenue":106869.6484375,"cost":56201.25,"margin":47.4,"units":5558,"transactions":3024,"profit":50668.3984375,"revenue_change_pct":4.7,"units_change_pct":4.4,"margin_change_pts":-3.2},{"period":"2024-07","revenue":101646.572265625,"cost":53831.25,"margin":47.0,"units":5520,"transactions":2828,"profit":47815.3271484375,"revenue_change_pct":-4.9,"units_change_pct":-0.7,"margin_change_pts":-0.4},{"period":"2024-08","revenue":42966.376953125,"cost":21377.5,"margin":50.2,"units":2606,"transactions":1626,"profit":21588.87451171875,"revenue_change_pct":-57.7,"units_change_pct":-52.8,"margin_change_pts":3.2},{"period":"2024-09","revenue":44964.82421875,"cost":23067.5,"margin":48.7,"units":2812,"transactions":1652,"profit":21897.32421875,"revenue_change_pct":4.7,"units_change_pct":7.9,"margin_change_pts":-1.5},{"period":"2024-10","revenue":60333.02734375,"cost":29214.599609375,"margin":51.6,"units":2708,"transactions":2024,"profit":31118.42529296875,"revenue_change_pct":34.2,"units_change_pct":-3.7,"margin_change_pts":2.9},{"period":"2024-11","revenue":35979.29931640625,"cost":17734.974365234375,"margin":50.7,"units":1804,"transactions":1428,"profit":18244.324951171875,"revenue_change_pct":-40.4,"units_change_pct":-33.4,"margin_change_pts":-0.9},{"period":"2024-12","revenue":113570.322265625,"cost":57401.298828125,"margin":49.5,"units":3532,"transactions":2854,"profit":56169.0234375,"revenue_change_pct":215.7,"units_change_pct":95.8,"margin_change_pts":-1.3},{"period":"2025-01","revenue":139449.775390625,"cost":68202.59765625,"margin":51.1,"units":4190,"transactions":3406,"profit":71247.1728515625,"revenue_change_pct":22.8,"units_change_pct":18.6,"margin_change_pts":1.6},{"period":"2025-02","revenue":71348.92578125,"cost":35768.7744140625,"margin":49.9,"units":2252,"transactions":1848,"profit":35580.14892578125,"revenue_change_pct":-48.8,"units_change_pct":-46.3,"margin_change_pts":-1.2},{"period":"2025-03","revenue":79357.0751953125,"cost":38913.75,"margin":51.0,"units":2540,"transactions":1876,"profit":40443.3251953125,"revenue_change_pct":11.2,"units_change_pct":12.8,"margin_change_pts":1.1},{"period":"2025-04","revenue":74123.1982421875,"cost":50831.25,"margin":31.4,"units":3252,"transactions":2384,"profit":23291.95068359375,"revenue_change_pct":-6.6,"units_change_pct":28.0,"margin_change_pts":-19.5},{"period":"2025-05","revenue":51236.8994140625,"cost":24886.25,"margin":51.4,"units":1506,"transactions":1246,"profit":26350.6494140625,"revenue_change_pct":-30.9,"units_change_pct":-53.7,"margin_change_pts":20.0},{"period":"2025-06","revenue":61219.0478515625,"cost":30916.25,"margin":49.5,"units":1986,"transactions":1500,"profit":30302.80029296875,"revenue_change_pct":19.5,"units_change_pct":31.9,"margin_change_pts":-1.9},{"period":"2025-07","revenue":39791.0009765625,"cost":23097.5,"margin":42.0,"units":1100,"transactions":898,"profit":16693.499755859375,"revenue_change_pct":-35.0,"units_change_pct":-44.6,"margin_change_pts":-7.5},{"period":"2025-08","revenue":12697.125244140625,"cost":7565.0,"margin":40.4,"units":300,"transactions":280,"profit":5132.125244140625,"revenue_change_pct":-68.1,"units_change_pct":-72.7,"margin_change_pts":-1.5},{"period":"2025-09","revenue":7925.7501220703125,"cost":4776.25,"margin":39.7,"units":182,"transactions":152,"profit":3149.5001220703125,"revenue_change_pct":-37.6,"units_change_pct":-39.3,"margin_change_pts":-0.7},{"period":"2025-10","revenue":6474.5001220703125,"cost":4447.5,"margin":31.3,"units":142,"transactions":124,"profit":2026.9999694824219,"revenue_change_pct":-18.3,"units_change_pct":-22.0,"margin_change_pts":-8.4},{"period":"2025-11","revenue":2146.4999389648438,"cost":1680.0,"margin":21.7,"units":48,"transactions":44,"profit":466.50001525878906,"revenue_change_pct":-66.8,"units_change_pct":-66.2,"margin_change_pts":-9.6},{"period":"2025-12","revenue":1110.0,"cost":700.0,"margin":36.9,"units":20,"transactions":16,"profit":410.0,"revenue_change_pct":-48.3,"units_change_pct":-58.3,"margin_change_pts":15.2},{"period":"2026-01","revenue":2548.9999389648438,"cost":1750.0,"margin":31.3,"units":50,"transactions":48,"profit":799.0000152587891,"revenue_change_pct":129.6,"units_change_pct":150.0,"margin_change_pts":-5.6}],"share_of_category":[{"category":"FLOWER","brand_revenue":765356.40625,"category_revenue":77755450.0,"revenue_share_pct":1.0,"brand_units":19632,"category_units":2708446,"units_share_pct":0.7},{"category":"PRE ROLL","brand_revenue":509078.3984375,"category_revenue":14009791.25,"revenue_share_pct":3.5999999046325684,"brand_units":45526,"category_units":1485736,"units_share_pct":3.1},{"category":"DISPOSABLE VAPE","brand_revenue":397434.453125,"category_revenue":30552405.0,"revenue_share_pct":1.2999999523162842,"brand_units":9148,"category_units":756548,"units_share_pct":1.2},{"category":"CONCENTRATE","brand_revenue":77175.80078125,"category_revenue":7866357.5,"revenue_share_pct":1.0,"brand_units":1432,"category_units":316632,"units_share_pct":0.5},{"category":0.0,"brand_revenue":0.0,"category_revenue":0.0,"revenue_share_pct":0.0,"brand_units":0,"category_units":0,"units_share_pct":0.0}],"share_of_category_trend":{"FLOWER":[{"period":"2024-01","brand_revenue":127058.125,"category_revenue":3552357.8125,"share_pct":3.5999999046325684},{"period":"2024-02","brand_revenue":49723.75,"category_revenue":3535245.625,"share_pct":1.399999976158142},{"period":"2024-03","brand_revenue":103937.5,"category_revenue":3693805.625,"share_pct":2.799999952316284},{"period":"2024-04","brand_revenue":53126.923828125,"category_revenue":3541899.6875,"share_pct":1.5},{"period":"2024-05","brand_revenue":54847.099609375,"category_revenue":3537479.375,"share_pct":1.600000023841858},{"period":"2024-06","brand_revenue":65058.974609375,"category_revenue":3403269.6875,"share_pct":1.899999976158142},{"period":"2024-07","brand_revenue":57194.47265625,"category_revenue":3457705.9375,"share_pct":1.7000000476837158},{"period":"2024-08","brand_revenue":17981.875,"category_revenue":3453819.375,"share_pct":0.5},{"period":"2024-09","brand_revenue":18081.875,"category_revenue":3316441.5625,"share_pct":0.5},{"period":"2024-10","brand_revenue":38378.89892578125,"category_revenue":3585775.0,"share_pct":1.100000023841858},{"period":"2024-11","brand_revenue":20827.60009765625,"category_revenue":3454855.3125,"share_pct":0.6000000238418579},{"period":"2024-12","brand_revenue":22144.65087890625,"category_revenue":3226567.8125,"share_pct":0.699999988079071},{"period":"2025-01","brand_revenue":37208.7744140625,"category_revenue":2984938.125,"share_pct":1.2000000476837158},{"period":"2025-02","brand_revenue":22485.12451171875,"category_revenue":2816220.0,"share_pct":0.800000011920929},{"period":"2025-03","brand_revenue":21905.07568359375,"category_revenue":2911379.6875,"share_pct":0.800000011920929},{"period":"2025-04","brand_revenue":18550.0,"category_revenue":3118895.3125,"share_pct":0.6000000238418579},{"period":"2025-05","brand_revenue":8334.400024414062,"category_revenue":2887345.0,"share_pct":0.30000001192092896},{"period":"2025-06","brand_revenue":11152.5,"category_revenue":2773698.125,"share_pct":0.4000000059604645},{"period":"2025-07","brand_revenue":11635.0,"category_revenue":2782763.125,"share_pct":0.4000000059604645},{"period":"2025-08","brand_revenue":2537.5,"category_revenue":2733122.8125,"share_pct":0.10000000149011612},{"period":"2025-09","brand_revenue":2178.75,"category_revenue":2603501.5625,"share_pct":0.10000000149011612},{"period":"2025-10","brand_revenue":1007.5,"category_revenue":2663705.0,"share_pct":0.0},{"period":"2025-11","brand_revenue":0.0,"category_revenue":2700189.0625,"share_pct":0.0},{"period":"2025-12","brand_revenue":0.0,"category_revenue":2515209.53125,"share_pct":0.0},{"period":"2026-01","brand_revenue":0.0,"category_revenue":2505261.875,"share_pct":0.0}],"PRE ROLL":[{"period":"2024-01","brand_revenue":75084.0234375,"category_revenue":508338.515625,"share_pct":14.800000190734863},{"period":"2024-02","brand_revenue":36092.1240234375,"category_revenue":489393.671875,"share_pct":7.400000095367432},{"period":"2024-03","brand_revenue":61496.201171875,"category_revenue":520052.3828125,"share_pct":11.800000190734863},{"period":"2024-04","brand_revenue":26782.62451171875,"category_revenue":491300.6640625,"share_pct":5.5},{"period":"2024-05","brand_revenue":45311.5234375,"category_revenue":542202.890625,"share_pct":8.399999618530273},{"period":"2024-06","brand_revenue":41249.1748046875,"category_revenue":507288.8671875,"share_pct":8.100000381469727},{"period":"2024-07","brand_revenue":44452.099609375,"category_revenue":524250.9765625,"share_pct":8.5},{"period":"2024-08","brand_revenue":24984.49951171875,"category_revenue":612518.7109375,"share_pct":4.099999904632568},{"period":"2024-09","brand_revenue":26882.94921875,"category_revenue":586543.0078125,"share_pct":4.599999904632568},{"period":"2024-10","brand_revenue":21954.1259765625,"category_revenue":641449.1796875,"share_pct":3.4000000953674316},{"period":"2024-11","brand_revenue":15151.700439453125,"category_revenue":579866.71875,"share_pct":2.5999999046325684},{"period":"2024-12","brand_revenue":17128.175048828125,"category_revenue":582999.5703125,"share_pct":2.9000000953674316},{"period":"2025-01","brand_revenue":19842.37548828125,"category_revenue":544095.3125,"share_pct":3.5999999046325684},{"period":"2025-02","brand_revenue":10098.75,"category_revenue":500875.5859375,"share_pct":2.0},{"period":"2025-03","brand_revenue":11645.74951171875,"category_revenue":551422.0703125,"share_pct":2.0999999046325684},{"period":"2025-04","brand_revenue":12069.925537109375,"category_revenue":568189.375,"share_pct":2.0999999046325684},{"period":"2025-05","brand_revenue":7612.5,"category_revenue":565516.875,"share_pct":1.2999999523162842},{"period":"2025-06","brand_revenue":9542.650146484375,"category_revenue":560506.71875,"share_pct":1.7000000476837158},{"period":"2025-07","brand_revenue":1644.7500610351562,"category_revenue":600916.09375,"share_pct":0.30000001192092896},{"period":"2025-08","brand_revenue":52.5,"category_revenue":620247.5,"share_pct":0.0},{"period":"2025-09","brand_revenue":0.0,"category_revenue":608971.09375,"share_pct":0.0},{"period":"2025-10","brand_revenue":0.0,"category_revenue":645293.1640625,"share_pct":0.0},{"period":"2025-11","brand_revenue":0.0,"category_revenue":581113.4765625,"share_pct":0.0},{"period":"2025-12","brand_revenue":0.0,"category_revenue":553088.5546875,"share_pct":0.0},{"period":"2026-01","brand_revenue":0.0,"category_revenue":523350.9375,"share_pct":0.0}],"DISPOSABLE VAPE":[{"period":"2024-01","brand_revenue":45570.0,"category_revenue":933474.921875,"share_pct":4.900000095367432},{"period":"2024-02","brand_revenue":14900.250244140625,"category_revenue":877782.109375,"share_pct":1.7000000476837158},{"period":"2024-03","brand_revenue":0.0,"category_revenue":990692.03125,"share_pct":0.0},{"period":"2024-04","brand_revenue":0.0,"category_revenue":971952.1875,"share_pct":0.0},{"period":"2024-05","brand_revenue":0.0,"category_revenue":1035100.46875,"share_pct":0.0},{"period":"2024-06","brand_revenue":0.0,"category_revenue":1039794.21875,"share_pct":0.0},{"period":"2024-07","brand_revenue":0.0,"category_revenue":1081636.5625,"share_pct":0.0},{"period":"2024-08","brand_revenue":0.0,"category_revenue":1098658.125,"share_pct":0.0},{"period":"2024-09","brand_revenue":0.0,"category_revenue":1056394.53125,"share_pct":0.0},{"period":"2024-10","brand_revenue":0.0,"category_revenue":1197041.171875,"share_pct":0.0},{"period":"2024-11","brand_revenue":0.0,"category_revenue":1193980.234375,"share_pct":0.0},{"period":"2024-12","brand_revenue":67890.498046875,"category_revenue":1222008.984375,"share_pct":5.599999904632568},{"period":"2025-01","brand_revenue":65818.3740234375,"category_revenue":1100552.421875,"share_pct":6.0},{"period":"2025-02","brand_revenue":24222.05078125,"category_revenue":1167271.25,"share_pct":2.0999999046325684},{"period":"2025-03","brand_revenue":37066.69921875,"category_revenue":1348856.71875,"share_pct":2.700000047683716},{"period":"2025-04","brand_revenue":28138.27392578125,"category_revenue":1414639.84375,"share_pct":2.0},{"period":"2025-05","brand_revenue":27846.0009765625,"category_revenue":1460588.4375,"share_pct":1.899999976158142},{"period":"2025-06","brand_revenue":33674.65087890625,"category_revenue":1320852.96875,"share_pct":2.5},{"period":"2025-07","brand_revenue":25181.0009765625,"category_revenue":1451194.84375,"share_pct":1.7000000476837158},{"period":"2025-08","brand_revenue":10107.125244140625,"category_revenue":1403520.625,"share_pct":0.699999988079071},{"period":"2025-09","brand_revenue":5747.0001220703125,"category_revenue":1317518.125,"share_pct":0.4000000059604645},{"period":"2025-10","brand_revenue":5467.0001220703125,"category_revenue":1511693.75,"share_pct":0.4000000059604645},{"period":"2025-11","brand_revenue":2146.4999389648438,"category_revenue":1481709.21875,"share_pct":0.10000000149011612},{"period":"2025-12","brand_revenue":1110.0,"category_revenue":1476896.875,"share_pct":0.10000000149011612},{"period":"2026-01","brand_revenue":2548.9999389648438,"category_revenue":1398594.84375,"share_pct":0.20000000298023224}],"CONCENTRATE":[{"period":"2024-01","brand_revenue":0.0,"category_revenue":351129.609375,"share_pct":0.0},{"period":"2024-02","brand_revenue":0.0,"category_revenue":371224.4921875,"share_pct":0.0},{"period":"2024-03","brand_revenue":0.0,"category_revenue":375964.296875,"share_pct":0.0},{"period":"2024-04","brand_revenue":0.0,"category_revenue":352745.859375,"share_pct":0.0},{"period":"2024-05","brand_revenue":0.0,"category_revenue":346027.5,"share_pct":0.0},{"period":"2024-06","brand_revenue":0.0,"category_revenue":310723.3984375,"share_pct":0.0},{"period":"2024-07","brand_revenue":0.0,"category_revenue":336220.078125,"share_pct":0.0},{"period":"2024-08","brand_revenue":0.0,"category_revenue":324004.04296875,"share_pct":0.0},{"period":"2024-09","brand_revenue":0.0,"category_revenue":326834.1796875,"share_pct":0.0},{"period":"2024-10","brand_revenue":0.0,"category_revenue":324500.859375,"share_pct":0.0},{"period":"2024-11","brand_revenue":0.0,"category_revenue":351240.0390625,"share_pct":0.0},{"period":"2024-12","brand_revenue":6407.0001220703125,"category_revenue":324145.4296875,"share_pct":2.0},{"period":"2025-01","brand_revenue":16580.250244140625,"category_revenue":325749.19921875,"share_pct":5.099999904632568},{"period":"2025-02","brand_revenue":14542.999267578125,"category_revenue":300499.0234375,"share_pct":4.800000190734863},{"period":"2025-03","brand_revenue":8739.550170898438,"category_revenue":298171.5234375,"share_pct":2.9000000953674316},{"period":"2025-04","brand_revenue":15282.5,"category_revenue":343355.625,"share_pct":4.5},{"period":"2025-05","brand_revenue":7444.000244140625,"category_revenue":288836.62109375,"share_pct":2.5999999046325684},{"period":"2025-06","brand_revenue":6849.2498779296875,"category_revenue":280928.33984375,"share_pct":2.4000000953674316},{"period":"2025-07","brand_revenue":1330.2499389648438,"category_revenue":283604.1796875,"share_pct":0.5},{"period":"2025-08","brand_revenue":0.0,"category_revenue":274773.76953125,"share_pct":0.0},{"period":"2025-09","brand_revenue":0.0,"category_revenue":264599.19921875,"share_pct":0.0},{"period":"2025-10","brand_revenue":0.0,"category_revenue":277515.46875,"share_pct":0.0},{"period":"2025-11","brand_revenue":0.0,"category_revenue":295773.3203125,"share_pct":0.0},{"period":"2025-12","brand_revenue":0.0,"category_revenue":267042.05078125,"share_pct":0.0},{"period":"2026-01","brand_revenue":0.0,"category_revenue":270749.70703125,"share_pct":0.0}]},"discount_depth":[{"tier":"0% (Full Price)","transactions":21986,"pct_of_transactions":36.6,"revenue":679797.5,"avg_discount":0.0},{"tier":"1-10%","transactions":3430,"pct_of_transactions":5.7,"revenue":122742.890625,"avg_discount":19.600000381469727},{"tier":"11-20%","transactions":1798,"pct_of_transactions":3.0,"revenue":65873.02734375,"avg_discount":36.400001525878906},{"tier":"21-30%","transactions":17272,"pct_of_transactions":28.7,"revenue":401180.15625,"avg_discount":56.400001525878906},{"tier":"31%+","transactions":5798,"pct_of_transactions":9.6,"revenue":132002.109375,"avg_discount":84.5999984741211}],"velocity":{"units_per_day":99.92,"revenue_per_day":2304.7500610351562,"avg_units_per_txn":3.04,"days_of_data":760,"total_units":75944,"total_transactions":50074},"velocity_by_category":[{"category":"PRE ROLL","brand_units_per_day":59.74,"category_avg_units_per_day":42.38,"velocity_index":141.0,"brand_rev_per_unit":8.95,"category_rev_per_unit":7.54,"brands_in_category":46},{"category":"FLOWER","brand_units_per_day":25.76,"category_avg_units_per_day":55.54,"velocity_index":46.4,"brand_rev_per_unit":31.19,"category_rev_per_unit":22.97,"brands_in_category":64},{"category":"DISPOSABLE VAPE","brand_units_per_day":12.0,"category_avg_units_per_day":28.36,"velocity_index":42.3,"brand_rev_per_unit":34.76,"category_rev_per_unit":32.31,"brands_in_category":35},{"category":"CONCENTRATE","brand_units_per_day":1.88,"category_avg_units_per_day":15.38,"velocity_index":12.2,"brand_rev_per_unit":43.11,"category_rev_per_unit":19.88,"brands_in_category":27},{"category":0.0,"brand_units_per_day":0.0,"category_avg_units_per_day":0,"velocity_index":0,"brand_rev_per_unit":0.0,"category_rev_per_unit":0.0,"brands_in_category":0}],"deals":[{"deal_name":"Industry - 30% Off","times_used":11348,"units":14958.0,"revenue":279673.8474345207,"discounts":120067.39950060844,"cost":166782.92498111725,"profit":112890.92521738261,"pre_discount_revenue":399741.25,"margin":40.4,"avg_discount":60.0},{"deal_name":"LP Exotics 1/4 for $60","times_used":2140,"units":5012.0,"revenue":187950.50000190735,"discounts":62561.99999809265,"cost":106505.0,"profit":81445.50000190735,"pre_discount_revenue":250512.5,"margin":43.3,"avg_discount":50.0},{"deal_name":"4/20 2025 - Flower / Infused","times_used":1344,"units":1943.0,"revenue":39230.950003266335,"discounts":39371.55000209808,"cost":32961.25,"profit":6269.700000248849,"pre_discount_revenue":78602.5,"margin":16.0,"avg_discount":100.2},{"deal_name":"Senior - 10% Off","times_used":1246,"units":2062.0,"revenue":53645.7622385025,"discounts":6016.737529635429,"cost":25028.599996566772,"profit":28617.162650227547,"pre_discount_revenue":59662.5,"margin":53.3,"avg_discount":20.2},{"deal_name":"LP Exotics Pre-Rolls 5 for $40","times_used":1130,"units":6026.0,"revenue":60264.99999880791,"discounts":23077.49999821186,"cost":33896.25,"profit":26368.750000298023,"pre_discount_revenue":83342.5,"margin":43.8,"avg_discount":55.4},{"deal_name":"Industry 30% Off","times_used":762,"units":1000.0,"revenue":30951.999711990356,"discounts":13395.50010561943,"cost":18717.5,"profit":12234.499869346619,"pre_discount_revenue":44347.5,"margin":39.5,"avg_discount":60.4},{"deal_name":"30% Off Special","times_used":706,"units":856.0,"revenue":25921.249952316284,"discounts":11188.750004768372,"cost":16653.75,"profit":9267.499995231628,"pre_discount_revenue":37110.0,"margin":35.8,"avg_discount":60.4},{"deal_name":"Veterans - 10% Off","times_used":674,"units":906.0,"revenue":20751.99978351593,"discounts":2328.000019788742,"cost":9652.424998283386,"profit":11099.575092792511,"pre_discount_revenue":23080.0,"margin":53.5,"avg_discount":20.2},{"deal_name":"LP Exotics 4 for $30","times_used":648,"units":2776.0,"revenue":26108.75,"discounts":13116.25,"cost":15615.0,"profit":10493.75,"pre_discount_revenue":39225.0,"margin":40.2,"avg_discount":66.8},{"deal_name":"4/20 40% Off!!!!","times_used":622,"units":950.0,"revenue":18566.82494878769,"discounts":12403.17504644394,"cost":13062.5,"profit":5504.324953556061,"pre_discount_revenue":30970.0,"margin":29.6,"avg_discount":80.0},{"deal_name":"Senior / Veterans - 20% Off","times_used":484,"units":771.0,"revenue":20553.537566661835,"discounts":5245.212518572807,"cost":10732.175006866455,"profit":9821.362534761429,"pre_discount_revenue":25798.75,"margin":47.8,"avg_discount":40.6},{"deal_name":"LP Exotics - 30% Off","times_used":416,"units":548.0,"revenue":16561.999945640564,"discounts":7098.000056743622,"cost":10147.5,"profit":6414.499943256378,"pre_discount_revenue":23660.0,"margin":38.7,"avg_discount":60.0},{"deal_name":"Jackpot - Locals 30% Off","times_used":370,"units":502.0,"revenue":11898.24993133545,"discounts":5099.249981641769,"cost":7193.724999427795,"profit":4704.525017738342,"pre_discount_revenue":16997.5,"margin":39.5,"avg_discount":60.0},{"deal_name":"LVAC - 25% Off","times_used":256,"units":284.0,"revenue":4798.125,"discounts":1599.375,"cost":2603.75,"profit":2194.375,"pre_discount_revenue":6397.5,"margin":45.7,"avg_discount":50.0},{"deal_name":"Cannavative / Resin8 / Packspods / LP Exotics - 30% Off","times_used":236,"units":258.0,"revenue":9616.24997138977,"discounts":4121.2500286102295,"cost":5995.0,"profit":3621.2499713897705,"pre_discount_revenue":13737.5,"margin":37.7,"avg_discount":60.0},{"deal_name":"Employee 30% - NOT FRIDAYS","times_used":226,"units":266.0,"revenue":7771.74991607666,"discounts":3330.7500052452087,"cost":4667.474999427795,"profit":3104.2749792337418,"pre_discount_revenue":11102.5,"margin":39.9,"avg_discount":60.0},{"deal_name":"LP Exotics 0.5g Disposables 2 for $50","times_used":216,"units":444.0,"revenue":13900.0,"discounts":2750.0,"cost":7215.0,"profit":6685.0,"pre_discount_revenue":16650.0,"margin":48.1,"avg_discount":33.0},{"deal_name":"Pre-Rolls 5 for $40","times_used":136,"units":506.0,"revenue":5060.0,"discounts":2070.0,"cost":2846.25,"profit":2213.75,"pre_discount_revenue":7130.0,"margin":43.8,"avg_discount":58.0},{"deal_name":"40% Off Special","times_used":108,"units":120.0,"revenue":5387.9999923706055,"discounts":3592.0000076293945,"cost":4200.0,"profit":1188.0000019073486,"pre_discount_revenue":8980.0,"margin":22.0,"avg_discount":80.0},{"deal_name":"Employee - 40% OFF","times_used":106,"units":128.0,"revenue":3572.999974489212,"discounts":2382.0000326633453,"cost":2498.75,"profit":1074.2500030994415,"pre_discount_revenue":5955.0,"margin":30.1,"avg_discount":80.0},{"deal_name":"LP / Optimum LR Vapes 2 for $75","times_used":76,"units":130.0,"revenue":6093.75,"discounts":586.25,"cost":2922.5,"profit":3171.25,"pre_discount_revenue":6680.0,"margin":52.0,"avg_discount":17.6},{"deal_name":"LP Exotics B2G1","times_used":64,"units":184.0,"revenue":6245.812559127808,"discounts":3404.1876363754272,"cost":4186.25,"profit":2059.56250667572,"pre_discount_revenue":9650.0,"margin":33.0,"avg_discount":70.6},{"deal_name":"LP Exotics 1/4 for $70","times_used":42,"units":88.0,"revenue":3850.0,"discounts":550.0,"cost":1870.0,"profit":1980.0,"pre_discount_revenue":4400.0,"margin":51.4,"avg_discount":25.0},{"deal_name":"Sammy - Blowout Flower","times_used":18,"units":20.0,"revenue":568.75,"discounts":306.25,"cost":425.0,"profit":143.75,"pre_discount_revenue":875.0,"margin":25.3,"avg_discount":70.0},{"deal_name":"LP Exotics B2G1 1/8ths","times_used":18,"units":57.0,"revenue":1865.2375316619873,"discounts":954.7625350952148,"cost":1196.1750030517578,"profit":669.0625041956082,"pre_discount_revenue":2820.0,"margin":35.9,"avg_discount":67.8},{"deal_name":"4/20 2025 - Vapes","times_used":12,"units":15.0,"revenue":453.75,"discounts":453.75,"cost":393.75,"profit":60.0,"pre_discount_revenue":907.5,"margin":13.2,"avg_discount":100.0},{"deal_name":"Medical - 10%","times_used":8,"units":10.0,"revenue":465.75000286102295,"discounts":51.75000101327896,"cost":218.75,"profit":247.00000405311584,"pre_discount_revenue":517.5,"margin":53.0,"avg_discount":20.0},{"deal_name":"LP Exotics PRs B2G1","times_used":6,"units":22.0,"revenue":165.12500286102295,"discounts":137.37499713897705,"cost":123.75,"profit":41.37500047683716,"pre_discount_revenue":302.5,"margin":25.1,"avg_discount":90.8},{"deal_name":"Sunset Flower - Cactus","times_used":2,"units":2.0,"revenue":43.75,"discounts":56.25,"cost":42.5,"profit":1.25,"pre_discount_revenue":100.0,"margin":2.9,"avg_discount":112.4}],"top_products":[{"product":"LEMON ESSENCE EIGHTH - LP EXOTICS","units":1724,"revenue":68946.4990234375,"cost":36635.0,"profit":32311.4990234375,"transactions":1304,"margin":46.900001525878906},{"product":"LA KUSH CAKE EIGHTH - LP EXOTICS","units":1578,"revenue":61220.8984375,"cost":33532.5,"profit":27688.40087890625,"transactions":1346,"margin":45.20000076293945},{"product":"DIA DE LOS MUERTOS PRE ROLL - LP EXOTICS","units":5068,"revenue":56970.9765625,"cost":28507.5,"profit":28463.47412109375,"transactions":3434,"margin":50.0},{"product":"LA KUSH CAKE PRE ROLL - LP EXOTICS","units":4880,"revenue":54926.69921875,"cost":27450.0,"profit":27476.69921875,"transactions":3384,"margin":50.0},{"product":"POWER EIGHTH - LP EXOTICS","units":1156,"revenue":42929.9755859375,"cost":24565.0,"profit":18364.9755859375,"transactions":940,"margin":42.79999923706055},{"product":"007 UP EIGHTH - LP EXOTICS","units":1064,"revenue":41484.1748046875,"cost":22610.0,"profit":18874.1748046875,"transactions":842,"margin":45.5},{"product":"LEMON ESSENCE PRE ROLL - LP EXOTICS","units":3470,"revenue":39171.14990234375,"cost":19518.75,"profit":19652.39990234375,"transactions":2590,"margin":50.20000076293945},{"product":"CARMELO LIVE RESIN DISPOSABLE VAPE - LP EXOTICS","units":900,"revenue":37372.5244140625,"cost":19687.5,"profit":17685.0244140625,"transactions":856,"margin":47.29999923706055},{"product":"HEAD HUNTER 21 LIVE ROSIN BADDER - LP EXOTICS","units":748,"revenue":37263.24951171875,"cost":23300.0,"profit":13963.24951171875,"transactions":640,"margin":37.5},{"product":"OGKB2 EIGHTH - LP EXOTICS","units":918,"revenue":36377.57568359375,"cost":19507.5,"profit":16870.074462890625,"transactions":752,"margin":46.400001525878906},{"product":"WEDDING CAKE PRE ROLL - LP EXOTICS","units":2966,"revenue":34379.2236328125,"cost":16683.75,"profit":17695.474853515625,"transactions":2158,"margin":51.5},{"product":"NEXT LEVEL EIGHTH - LP EXOTICS","units":816,"revenue":31749.29931640625,"cost":17340.0,"profit":14409.300537109375,"transactions":670,"margin":45.400001525878906},{"product":"GAS TANK EIGHTH - LP EXOTICS","units":742,"revenue":31603.85009765625,"cost":15440.875244140625,"profit":16162.974853515625,"transactions":572,"margin":51.099998474121094},{"product":"GASTRO POP EIGHTH - LP EXOTICS","units":818,"revenue":31191.25,"cost":17382.5,"profit":13808.75,"transactions":632,"margin":44.29999923706055},{"product":"CHLOE EIGHTH - LP EXOTICS","units":784,"revenue":30048.5009765625,"cost":16660.0,"profit":13388.499755859375,"transactions":648,"margin":44.599998474121094},{"product":"WHITE RUNTZ EIGHTH - LP EXOTICS","units":700,"revenue":28508.349609375,"cost":14875.0,"profit":13633.349609375,"transactions":596,"margin":47.79999923706055},{"product":"ORANGE PUSH POP EIGHTH - LP EXOTICS","units":700,"revenue":27551.25,"cost":14875.0,"profit":12676.25,"transactions":532,"margin":46.0},{"product":"DOS X LIVE RESIN DISPOSABLE VAPE - LP EXOTICS","units":696,"revenue":26562.97607421875,"cost":15225.0,"profit":11337.974853515625,"transactions":616,"margin":42.70000076293945},{"product":"GHOST TRAIN HAZE DISPOSABLE VAPE - LP EXOTICS","units":756,"revenue":25291.25,"cost":12285.0,"profit":13006.25,"transactions":682,"margin":51.400001525878906},{"product":"MIRACLE FRUIT LIVE RESIN DISPOSABLE VAPE - LP EXOTICS","units":574,"revenue":25290.07568359375,"cost":12556.25,"profit":12733.824462890625,"transactions":528,"margin":50.400001525878906},{"product":"CAP JUNKY EIGHTH - LP EXOTICS","units":598,"revenue":23568.798828125,"cost":12707.5,"profit":10861.300048828125,"transactions":536,"margin":46.099998474121094},{"product":"LEMON GRASSHOPPER LIVE RESIN DISPOSABLE VAPE - LP EXOTICS","units":646,"revenue":23358.04931640625,"cost":14131.25,"profit":9226.799926757812,"transactions":582,"margin":39.5},{"product":"007 UP PRE ROLL - LP EXOTICS","units":1986,"revenue":22692.60009765625,"cost":11171.25,"profit":11521.35009765625,"transactions":1510,"margin":50.79999923706055},{"product":"WEDDING CRASHERS PRE ROLL - LP EXOTICS","units":1906,"revenue":22611.6259765625,"cost":10721.25,"profit":11890.374755859375,"transactions":1426,"margin":52.599998474121094},{"product":"GUAVA RUNTZ LIVE RESIN DISPOSABLE VAPE - LP EXOTICS","units":510,"revenue":22516.298828125,"cost":11156.25,"profit":11360.050048828125,"transactions":442,"margin":50.5}],"products_by_store":{"Elevation Springs":[{"product":"LEMON ESSENCE EIGHTH - LP EXOTICS","units":432,"revenue":16852.5,"cost":9180.0,"profit":7672.5,"transactions":348,"margin":45.5},{"product":"DIA DE LOS MUERTOS PRE ROLL - LP EXOTICS","units":1396,"revenue":15280.374755859375,"cost":7852.5,"profit":7427.874755859375,"transactions":1012,"margin":48.599998474121094},{"product":"LA KUSH CAKE PRE ROLL - LP EXOTICS","units":1270,"revenue":13808.62548828125,"cost":7143.75,"profit":6664.8748779296875,"transactions":888,"margin":48.29999923706055},{"product":"LA KUSH CAKE EIGHTH - LP EXOTICS","units":334,"revenue":12900.0,"cost":7097.5,"profit":5802.5,"transactions":298,"margin":45.0},{"product":"CARMELO LIVE RESIN DISPOSABLE VAPE - LP EXOTICS","units":282,"revenue":11406.2744140625,"cost":6168.75,"profit":5237.5250244140625,"transactions":256,"margin":45.900001525878906},{"product":"LEMON ESSENCE PRE ROLL - LP EXOTICS","units":970,"revenue":10656.500244140625,"cost":5456.25,"profit":5200.250244140625,"transactions":746,"margin":48.79999923706055},{"product":"007 UP EIGHTH - LP EXOTICS","units":276,"revenue":10565.0,"cost":5865.0,"profit":4700.0,"transactions":226,"margin":44.5},{"product":"POWER EIGHTH - LP EXOTICS","units":212,"revenue":8169.849853515625,"cost":4505.0,"profit":3664.849853515625,"transactions":192,"margin":44.900001525878906},{"product":"WHITE RUNTZ EIGHTH - LP EXOTICS","units":200,"revenue":8125.0,"cost":4250.0,"profit":3875.0,"transactions":184,"margin":47.70000076293945},{"product":"NEXT LEVEL EIGHTH - LP EXOTICS","units":196,"revenue":7779.2999267578125,"cost":4165.0,"profit":3614.2999267578125,"transactions":184,"margin":46.5},{"product":"007 UP PRE ROLL - LP EXOTICS","units":692,"revenue":7745.999755859375,"cost":3892.5,"profit":3853.5000610351562,"transactions":532,"margin":49.70000076293945},{"product":"GASTRO POP EIGHTH - LP EXOTICS","units":200,"revenue":7595.0,"cost":4250.0,"profit":3345.0,"transactions":170,"margin":44.0},{"product":"ORANGE PUSH POP EIGHTH - LP EXOTICS","units":200,"revenue":7495.0,"cost":4250.0,"profit":3245.0,"transactions":150,"margin":43.29999923706055},{"product":"OGKB2 EIGHTH - LP EXOTICS","units":178,"revenue":6985.0,"cost":3782.5,"profit":3202.5,"transactions":152,"margin":45.79999923706055},{"product":"HEAD HUNTER 21 LIVE ROSIN BADDER - LP EXOTICS","units":150,"revenue":6727.9998779296875,"cost":4687.5,"profit":2040.5000305175781,"transactions":128,"margin":30.299999237060547}],"Elevation Mesa":[{"product":"LA KUSH CAKE EIGHTH - LP EXOTICS","units":426,"revenue":16177.5,"cost":9052.5,"profit":7125.0,"transactions":360,"margin":44.0},{"product":"LEMON ESSENCE EIGHTH - LP EXOTICS","units":414,"revenue":16047.750244140625,"cost":8797.5,"profit":7250.250244140625,"transactions":294,"margin":45.20000076293945},{"product":"DIA DE LOS MUERTOS PRE ROLL - LP EXOTICS","units":1280,"revenue":14820.52490234375,"cost":7200.0,"profit":7620.52490234375,"transactions":896,"margin":51.400001525878906},{"product":"CHLOE EIGHTH - LP EXOTICS","units":338,"revenue":12810.0,"cost":7182.5,"profit":5627.5,"transactions":282,"margin":43.900001525878906},{"product":"CARMELO LIVE RESIN DISPOSABLE VAPE - LP EXOTICS","units":284,"revenue":11910.0,"cost":6212.5,"profit":5697.5,"transactions":276,"margin":47.79999923706055},{"product":"LA KUSH CAKE PRE ROLL - LP EXOTICS","units":994,"revenue":11402.325439453125,"cost":5591.25,"profit":5811.0748291015625,"transactions":680,"margin":51.0},{"product":"007 UP EIGHTH - LP EXOTICS","units":300,"revenue":10957.5,"cost":6375.0,"profit":4582.5,"transactions":258,"margin":41.79999923706055},{"product":"NEXT LEVEL EIGHTH - LP EXOTICS","units":260,"revenue":9827.5,"cost":5525.0,"profit":4302.5,"transactions":222,"margin":43.79999923706055},{"product":"GASTRO POP EIGHTH - LP EXOTICS","units":240,"revenue":9106.25,"cost":5100.0,"profit":4006.25,"transactions":198,"margin":44.0},{"product":"POWER EIGHTH - LP EXOTICS","units":232,"revenue":8805.0,"cost":4930.0,"profit":3875.0,"transactions":206,"margin":44.0},{"product":"WEDDING CAKE PRE ROLL - LP EXOTICS","units":762,"revenue":8592.0751953125,"cost":4286.25,"profit":4305.824890136719,"transactions":504,"margin":50.099998474121094},{"product":"OGKB2 EIGHTH - LP EXOTICS","units":200,"revenue":8087.5,"cost":4250.0,"profit":3837.5,"transactions":152,"margin":47.400001525878906},{"product":"GELLATI DISPOSABLE VAPE - LP EXOTICS","units":244,"revenue":7612.750244140625,"cost":3965.0,"profit":3647.7499389648438,"transactions":216,"margin":47.900001525878906},{"product":"ORANGE PUSH POP EIGHTH - LP EXOTICS","units":200,"revenue":7606.25,"cost":4250.0,"profit":3356.25,"transactions":160,"margin":44.099998474121094},{"product":"MIRACLE FRUIT LIVE RESIN DISPOSABLE VAPE - LP EXOTICS","units":144,"revenue":6332.550048828125,"cost":3150.0,"profit":3182.550048828125,"transactions":128,"margin":50.29999923706055}],"Elevation Oasis":[{"product":"007 UP EIGHTH - LP EXOTICS","units":298,"revenue":12560.0,"cost":6332.5,"profit":6227.5,"transactions":202,"margin":49.599998474121094},{"product":"POWER EIGHTH - LP EXOTICS","units":306,"revenue":12425.0,"cost":6502.5,"profit":5922.5,"transactions":166,"margin":47.70000076293945},{"product":"LEMON ESSENCE EIGHTH - LP EXOTICS","units":294,"revenue":12415.0,"cost":6247.5,"profit":6167.5,"transactions":154,"margin":49.70000076293945},{"product":"GAS TANK EIGHTH - LP EXOTICS","units":250,"revenue":11181.324462890625,"cost":5237.125244140625,"profit":5944.1998291015625,"transactions":136,"margin":53.20000076293945},{"product":"LEMON GRASSHOPPER LIVE RESIN DISPOSABLE VAPE - LP EXOTICS","units":198,"revenue":9041.25,"cost":4331.25,"profit":4710.0,"transactions":172,"margin":52.099998474121094},{"product":"OG RUNTZ #14 EIGHTH - LP EXOTICS","units":200,"revenue":8650.0,"cost":4250.0,"profit":4400.0,"transactions":124,"margin":50.900001525878906},{"product":"SUNDAE DRIVER EIGHTH - LP EXOTICS","units":200,"revenue":8605.0,"cost":4250.0,"profit":4355.0,"transactions":142,"margin":50.599998474121094},{"product":"GUAVA RUNTZ LIVE RESIN DISPOSABLE VAPE - LP EXOTICS","units":186,"revenue":8577.525024414062,"cost":4068.75,"profit":4508.7750244140625,"transactions":154,"margin":52.599998474121094},{"product":"LCG13 EIGHTH - LP EXOTICS","units":200,"revenue":8345.0,"cost":4250.0,"profit":4095.0,"transactions":144,"margin":49.099998474121094},{"product":"ORANGE PUSH POP EIGHTH - LP EXOTICS","units":200,"revenue":8220.0,"cost":4250.0,"profit":3970.0,"transactions":132,"margin":48.29999923706055},{"product":"OGKB2 EIGHTH - LP EXOTICS","units":200,"revenue":8165.0,"cost":4250.0,"profit":3915.0,"transactions":142,"margin":47.900001525878906},{"product":"NEXT LEVEL EIGHTH - LP EXOTICS","units":200,"revenue":7860.0,"cost":4250.0,"profit":3610.0,"transactions":124,"margin":45.900001525878906},{"product":"LA KUSH CAKE PRE ROLL - LP EXOTICS","units":656,"revenue":7729.749755859375,"cost":3690.0,"profit":4039.7500610351562,"transactions":390,"margin":52.29999923706055},{"product":"GASTRO POP EIGHTH - LP EXOTICS","units":200,"revenue":7565.0,"cost":4250.0,"profit":3315.0,"transactions":106,"margin":43.79999923706055},{"product":"HEAD HUNTER 21 LIVE ROSIN BADDER - LP EXOTICS","units":130,"revenue":7365.999755859375,"cost":4062.5,"profit":3303.5000610351562,"transactions":112,"margin":44.79999923706055}],"Elevation Downtown":[{"product":"GRAPES AND CREAM LIVE ROSIN DISPOSABLE VAPE - LP EXOTICS","units":72,"revenue":3968.5000610351562,"cost":2520.0,"profit":1448.5000610351562,"transactions":70,"margin":36.5},{"product":"GRAPE BAJA BLAST LIVE ROSIN DISPOSABLE VAPE - LP EXOTICS","units":76,"revenue":3790.4998779296875,"cost":2660.0,"profit":1130.5000305175781,"transactions":70,"margin":29.799999237060547},{"product":"GMO LIVE ROSIN DISPOSABLE VAPE - LP EXOTICS","units":48,"revenue":2703.9999389648438,"cost":1680.0,"profit":1024.000015258789,"transactions":48,"margin":37.900001525878906}],"Elevation Midtown":[{"product":"LA KUSH CAKE EIGHTH - LP EXOTICS","units":260,"revenue":10400.849609375,"cost":5525.0,"profit":4875.849914550781,"transactions":222,"margin":46.900001525878906},{"product":"LA KUSH CAKE PRE ROLL - LP EXOTICS","units":700,"revenue":8264.749755859375,"cost":3937.5,"profit":4327.250061035156,"transactions":542,"margin":52.400001525878906},{"product":"HEAD HUNTER 21 LIVE ROSIN BADDER - LP EXOTICS","units":100,"revenue":5712.9998779296875,"cost":3125.0,"profit":2587.9998779296875,"transactions":88,"margin":45.29999923706055},{"product":"GHOST TRAIN HAZE DISPOSABLE VAPE - LP EXOTICS","units":148,"revenue":5237.5,"cost":2405.0,"profit":2832.5,"transactions":136,"margin":54.099998474121094},{"product":"PAPAYA EIGHTH - LP EXOTICS","units":118,"revenue":5001.499938964844,"cost":2507.5,"profit":2493.9999389648438,"transactions":90,"margin":49.900001525878906},{"product":"WEDDING PIE EIGHTH - LP EXOTICS","units":130,"revenue":4886.075134277344,"cost":2762.5,"profit":2123.574981689453,"transactions":108,"margin":43.5},{"product":"DONNY BURGER EIGHTH - LP EXOTICS","units":118,"revenue":4831.499938964844,"cost":2507.5,"profit":2323.9999389648438,"transactions":102,"margin":48.099998474121094},{"product":"LEMON ESSENCE EIGHTH - LP EXOTICS","units":100,"revenue":4530.0,"cost":2125.0,"profit":2405.0,"transactions":90,"margin":53.099998474121094},{"product":"GELATO CAKE EIGHTH - LP EXOTICS","units":98,"revenue":4480.0,"cost":2082.5,"profit":2397.5,"transactions":74,"margin":53.5},{"product":"BISCOTTI BX1 EIGHTH - LP EXOTICS","units":102,"revenue":4449.375,"cost":2167.5,"profit":2281.875,"transactions":88,"margin":51.29999923706055},{"product":"GRANDDADDY GRAPE EIGHTH - LP EXOTICS","units":98,"revenue":4310.0,"cost":2082.5,"profit":2227.5,"transactions":86,"margin":51.70000076293945},{"product":"ORANGE PUSH POP EIGHTH - LP EXOTICS","units":100,"revenue":4230.0,"cost":2125.0,"profit":2105.0,"transactions":90,"margin":49.79999923706055},{"product":"GAS TANK EIGHTH - LP EXOTICS","units":92,"revenue":4117.5,"cost":1955.0,"profit":2162.5,"transactions":80,"margin":52.5},{"product":"OGKB2 EIGHTH - LP EXOTICS","units":100,"revenue":4082.5,"cost":2125.0,"profit":1957.5,"transactions":90,"margin":47.900001525878906},{"product":"NEXT LEVEL EIGHTH - LP EXOTICS","units":100,"revenue":4052.5,"cost":2125.0,"profit":1927.5,"transactions":82,"margin":47.599998474121094}],"Elevation Boulevard":[{"product":"LEMON ESSENCE EIGHTH - LP EXOTICS","units":302,"revenue":11918.75,"cost":6417.5,"profit":5501.25,"transactions":264,"margin":46.20000076293945},{"product":"LA KUSH CAKE EIGHTH - LP EXOTICS","units":288,"revenue":10862.5244140625,"cost":6120.0,"profit":4742.5250244140625,"transactions":266,"margin":43.70000076293945},{"product":"LEMON ESSENCE PRE ROLL - LP EXOTICS","units":842,"revenue":9398.624877929688,"cost":4736.25,"profit":4662.375183105469,"transactions":628,"margin":49.599998474121094},{"product":"WEDDING CAKE PRE ROLL - LP EXOTICS","units":790,"revenue":9356.25,"cost":4443.75,"profit":4912.5,"transactions":642,"margin":52.5},{"product":"CHLOE EIGHTH - LP EXOTICS","units":232,"revenue":8765.999755859375,"cost":4930.0,"profit":3836.0000610351562,"transactions":196,"margin":43.79999923706055},{"product":"POWER EIGHTH - LP EXOTICS","units":274,"revenue":8670.125122070312,"cost":5822.5,"profit":2847.6251220703125,"transactions":258,"margin":32.79999923706055},{"product":"PAPAYA EIGHTH - LP EXOTICS","units":200,"revenue":7843.499755859375,"cost":4250.0,"profit":3593.5000610351562,"transactions":166,"margin":45.79999923706055},{"product":"WEDDING CRASHERS PRE ROLL - LP EXOTICS","units":668,"revenue":7560.0,"cost":3757.5,"profit":3802.5,"transactions":502,"margin":50.29999923706055},{"product":"DIA DE LOS MUERTOS PRE ROLL - LP EXOTICS","units":698,"revenue":7425.250244140625,"cost":3926.25,"profit":3498.9999389648438,"transactions":456,"margin":47.099998474121094},{"product":"LA KUSH CAKE PRE ROLL - LP EXOTICS","units":598,"revenue":6218.499755859375,"cost":3363.75,"profit":2854.7500610351562,"transactions":366,"margin":45.900001525878906},{"product":"HEAD HUNTER 21 LIVE ROSIN BADDER - LP EXOTICS","units":128,"revenue":5970.999755859375,"cost":4000.0,"profit":1971.0000610351562,"transactions":110,"margin":33.0},{"product":"CARMELO LIVE RESIN DISPOSABLE VAPE - LP EXOTICS","units":148,"revenue":5892.5,"cost":3237.5,"profit":2655.0,"transactions":144,"margin":45.099998474121094},{"product":"DONNY BURGER EIGHTH - LP EXOTICS","units":132,"revenue":5012.325134277344,"cost":2805.0,"profit":2207.324981689453,"transactions":102,"margin":44.0},{"product":"OGKB2 EIGHTH - LP EXOTICS","units":120,"revenue":4738.8250732421875,"cost":2550.0,"profit":2188.8250732421875,"transactions":110,"margin":46.20000076293945},{"product":"DOSI FACE PRE ROLL - LP EXOTICS","units":400,"revenue":4257.4249267578125,"cost":2250.0,"profit":2007.4250793457031,"transactions":308,"margin":47.20000076293945}],"Elevation Parkway":[{"product":"DIA DE LOS MUERTOS PRE ROLL - LP EXOTICS","units":774,"revenue":9018.825073242188,"cost":4353.75,"profit":4665.0750732421875,"transactions":534,"margin":51.70000076293945},{"product":"WEDDING CAKE PRE ROLL - LP EXOTICS","units":716,"revenue":8264.149780273438,"cost":4027.5,"profit":4236.650085449219,"transactions":450,"margin":51.29999923706055},{"product":"LA KUSH CAKE PRE ROLL - LP EXOTICS","units":662,"revenue":7502.750244140625,"cost":3723.75,"profit":3778.9999389648438,"transactions":518,"margin":50.400001525878906},{"product":"LEMON ESSENCE EIGHTH - LP EXOTICS","units":182,"revenue":7182.5,"cost":3867.5,"profit":3315.0,"transactions":154,"margin":46.20000076293945},{"product":"GRAPE BAJA BLAST LIVE ROSIN DISPOSABLE VAPE - LP EXOTICS","units":94,"revenue":6647.9998779296875,"cost":3290.0,"profit":3357.9998779296875,"transactions":86,"margin":50.5},{"product":"LEMON ESSENCE PRE ROLL - LP EXOTICS","units":522,"revenue":6224.6502685546875,"cost":2936.25,"profit":3288.3999633789062,"transactions":424,"margin":52.79999923706055},{"product":"WEDDING CRASHERS PRE ROLL - LP EXOTICS","units":492,"revenue":6182.0001220703125,"cost":2767.5,"profit":3414.5001220703125,"transactions":336,"margin":55.20000076293945},{"product":"CARMELO LIVE RESIN DISPOSABLE VAPE - LP EXOTICS","units":138,"revenue":5963.75,"cost":3018.75,"profit":2945.0,"transactions":132,"margin":49.400001525878906},{"product":"GRAPES AND CREAM LIVE ROSIN DISPOSABLE VAPE - LP EXOTICS","units":80,"revenue":5637.750244140625,"cost":2800.0,"profit":2837.7499389648438,"transactions":72,"margin":50.29999923706055},{"product":"HEAD HUNTER 21 LIVE ROSIN BADDER - LP EXOTICS","units":100,"revenue":5205.999755859375,"cost":3125.0,"profit":2081.0000610351562,"transactions":86,"margin":40.0},{"product":"GHOST TRAIN HAZE DISPOSABLE VAPE - LP EXOTICS","units":148,"revenue":5118.75,"cost":2405.0,"profit":2713.75,"transactions":142,"margin":53.0},{"product":"POOCHIES PAPAYA PRE ROLL - LP EXOTICS","units":400,"revenue":4911.875,"cost":2250.0,"profit":2661.875,"transactions":332,"margin":54.20000076293945},{"product":"GLITTER BOMB PRE ROLL - LP EXOTICS","units":398,"revenue":4899.9749755859375,"cost":2113.75,"profit":2786.2249755859375,"transactions":292,"margin":56.900001525878906},{"product":"LA KUSH CAKE EIGHTH - LP EXOTICS","units":120,"revenue":4615.0,"cost":2550.0,"profit":2065.0,"transactions":106,"margin":44.70000076293945},{"product":"CHLOE EIGHTH - LP EXOTICS","units":114,"revenue":4557.5,"cost":2422.5,"profit":2135.0,"transactions":104,"margin":46.79999923706055}]},"store_summary":[{"store_clean":"Elevation Springs","units":17912,"revenue":391880.1953125,"cost":208385.0,"profit":183495.1953125,"discounts":106312.3046875,"margin":46.79999923706055,"discount_rate":21.299999237060547},{"store_clean":"Elevation Mesa","units":16930,"revenue":381251.5625,"cost":204986.25,"profit":176265.33203125,"discounts":106798.427734375,"margin":46.20000076293945,"discount_rate":21.899999618530273},{"store_clean":"Elevation Oasis","units":10050,"revenue":288020.78125,"cost":144157.75390625,"profit":143863.02734375,"discounts":52986.7236328125,"margin":49.900001525878906,"discount_rate":15.5},{"store_clean":"Elevation Boulevard","units":13206,"revenue":261401.85546875,"cost":141788.75,"profit":119613.095703125,"discounts":78283.1494140625,"margin":45.79999923706055,"discount_rate":23.0},{"store_clean":"Elevation Parkway","units":10246,"revenue":221597.67578125,"cost":112054.375,"profit":109543.30078125,"discounts":44922.32421875,"margin":49.400001525878906,"discount_rate":16.899999618530273},{"store_clean":"Elevation Midtown","units":7404,"revenue":197002.48046875,"cost":98497.626953125,"profit":98504.853515625,"discounts":36210.0244140625,"margin":50.0,"discount_rate":15.5},{"store_clean":"Elevation Downtown","units":196,"revenue":10463.00048828125,"cost":6860.0,"profit":3602.9998779296875,"discounts":4377.0001220703125,"margin":34.400001525878906,"discount_rate":29.5}],"recommendations":[{"severity":"yellow","title":"CATEGORY BENCHMARK GAP","detail":"Overall margin (47.7%) trails FLOWER average (54.1%) by 6.4 pts.","action":"Negotiate cost reduction or increase retail price."},{"severity":"info","title":"VOLUME LEVERAGE","detail":"$700,647 revenue provides negotiating leverage.","action":"Use volume as leverage in next vendor meeting."}],"comparison":null}