{"brand":"ESCAPE ARTIST","date_range":"2024-01-01 00:00:00 to 2026-01-31 00:00:00","period_label":"All Time","summary":{"total_units":16,"total_revenue":827.5,"total_cost":565.0,"total_discounts":285.0,"total_profit":262.5,"overall_margin":31.700000762939453,"fp_margin":0.0,"disc_margin":31.700000762939453,"pct_full_price":0.0,"avg_discount_rate":25.600000381469727,"fp_revenue":0.0,"disc_revenue":827.5,"brand":"ESCAPE ARTIST","date_range":"2024-01-01 00:00:00 to 2026-01-31 00:00:00","primary_category":"TOPICAL","store_coverage":"1/7","stores_present":["Elevation Boulevard"],"stores_missing":["Elevation Springs","Elevation Mesa","Elevation Oasis","Elevation Downtown","Elevation Midtown","Elevation Parkway"],"velocity_rank":7,"velocity_total":7},"distribution":[{"store":"Elevation Springs","carries_brand":false,"sku_count":0,"revenue":0.0,"units":0,"store_total_revenue":51138750.0,"brand_share_pct":0},{"store":"Elevation Mesa","carries_brand":false,"sku_count":0,"revenue":0.0,"units":0,"store_total_revenue":47532240.0,"brand_share_pct":0},{"store":"Elevation Oasis","carries_brand":false,"sku_count":0,"revenue":0.0,"units":0,"store_total_revenue":56050145.0,"brand_share_pct":0},{"store":"Elevation Downtown","carries_brand":false,"sku_count":0,"revenue":0.0,"units":0,"store_total_revenue":1945237.1875,"brand_share_pct":0},{"store":"Elevation Midtown","carries_brand":false,"sku_count":0,"revenue":0.0,"units":0,"store_total_revenue":30850185.0,"brand_share_pct":0},{"store":"Elevation Boulevard","carries_brand":true,"sku_count":4,"revenue":827.5,"units":16,"store_total_revenue":28757865.0,"brand_share_pct":0.0},{"store":"Elevation Parkway","carries_brand":false,"sku_count":0,"revenue":0.0,"units":0,"store_total_revenue":21987007.5,"brand_share_pct":0}],"share_of_category":[{"category":"TOPICAL","brand_revenue":827.5,"category_revenue":961288.59375,"revenue_share_pct":0.10000000149011612,"brand_units":16,"category_units":20876,"units_share_pct":0.1}],"share_of_category_trend":{"TOPICAL":[{"period":"2024-01","brand_revenue":827.5,"category_revenue":36155.625,"share_pct":2.299999952316284},{"period":"2024-02","brand_revenue":0.0,"category_revenue":40546.25,"share_pct":0.0},{"period":"2024-03","brand_revenue":0.0,"category_revenue":40492.37548828125,"share_pct":0.0},{"period":"2024-04","brand_revenue":0.0,"category_revenue":47283.251953125,"share_pct":0.0},{"period":"2024-05","brand_revenue":0.0,"category_revenue":44135.2490234375,"share_pct":0.0},{"period":"2024-06","brand_revenue":0.0,"category_revenue":45135.80078125,"share_pct":0.0},{"period":"2024-07","brand_revenue":0.0,"category_revenue":37561.875,"share_pct":0.0},{"period":"2024-08","brand_revenue":0.0,"category_revenue":44962.8759765625,"share_pct":0.0},{"period":"2024-09","brand_revenue":0.0,"category_revenue":40434.65087890625,"share_pct":0.0},{"period":"2024-10","brand_revenue":0.0,"category_revenue":43945.849609375,"share_pct":0.0},{"period":"2024-11","brand_revenue":0.0,"category_revenue":35443.1494140625,"share_pct":0.0},{"period":"2024-12","brand_revenue":0.0,"category_revenue":54908.6767578125,"share_pct":0.0},{"period":"2025-01","brand_revenue":0.0,"category_revenue":41293.9990234375,"share_pct":0.0},{"period":"2025-02","brand_revenue":0.0,"category_revenue":34815.0244140625,"share_pct":0.0},{"period":"2025-03","brand_revenue":0.0,"category_revenue":45425.673828125,"share_pct":0.0},{"period":"2025-04","brand_revenue":0.0,"category_revenue":49624.19921875,"share_pct":0.0},{"period":"2025-05","brand_revenue":0.0,"category_revenue":46769.27734375,"share_pct":0.0},{"period":"2025-06","brand_revenue":0.0,"category_revenue":36023.3740234375,"share_pct":0.0},{"period":"2025-07","brand_revenue":0.0,"category_revenue":34410.0,"share_pct":0.0},{"period":"2025-08","brand_revenue":0.0,"category_revenue":23680.0,"share_pct":0.0},{"period":"2025-09","brand_revenue":0.0,"category_revenue":23843.57421875,"share_pct":0.0},{"period":"2025-10","brand_revenue":0.0,"category_revenue":30430.07568359375,"share_pct":0.0},{"period":"2025-11","brand_revenue":0.0,"category_revenue":32425.30029296875,"share_pct":0.0},{"period":"2025-12","brand_revenue":0.0,"category_revenue":27391.6748046875,"share_pct":0.0},{"period":"2026-01","brand_revenue":0.0,"category_revenue":24150.74951171875,"share_pct":0.0}]},"velocity_by_category":[{"category":"TOPICAL","brand_units_per_day":0.02,"category_avg_units_per_day":3.92,"velocity_index":0.5,"brand_rev_per_unit":41.38,"category_rev_per_unit":36.84,"brands_in_category":7}],"store_gaps":[{"store":"Elevation Oasis","category":"TOPICAL","category_revenue_at_store":310471.89453125,"opportunity":"Brand not carried"},{"store":"Elevation Springs","category":"TOPICAL","category_revenue_at_store":160334.609375,"opportunity":"Brand not carried"},{"store":"Elevation Midtown","category":"TOPICAL","category_revenue_at_store":150233.1640625,"opportunity":"Brand not carried"},{"store":"Elevation Mesa","category":"TOPICAL","category_revenue_at_store":120558.28125,"opportunity":"Brand not carried"},{"store":"Elevation Parkway","category":"TOPICAL","category_revenue_at_store":110568.73046875,"opportunity":"Brand not carried"},{"store":"Elevation Downtown","category":"TOPICAL","category_revenue_at_store":9369.25048828125,"opportunity":"Brand not carried"}],"product_mix":{"top":[{"product":"1:1 LAVENDER RELIEF CREAM - ESCAPE ARTIST","units":8,"revenue":415.0,"cost":282.5,"profit":132.5,"stores":1,"transactions":8,"margin":31.899999618530273},{"product":"1:1 UNSCENTED RELIEF CREAM - ESCAPE ARTIST","units":8,"revenue":412.5,"cost":282.5,"profit":130.0,"stores":1,"transactions":4,"margin":31.5}],"bottom":[],"expansion":[]},"pricing_consistency":[],"promotional_effectiveness":{"lift":{"fp_units_per_day":0.0,"disc_units_per_day":2.66,"lift_pct":null,"fp_avg_revenue_per_unit":0.0,"disc_avg_revenue_per_unit":103.45},"by_deal":[{"deal_name":"25% OFF SALE","uses":5,"revenue":731.25,"discounts":243.75,"units":14.0,"cost":494.375,"margin":32.4,"discount_depth":50.0}]},"growth_opportunities":[{"type":"distribution","title":"Expand to Elevation Springs","detail":"Store has $64,134 in TOPICAL \u2014 categories where ESCAPE ARTIST competes.","priority":"high"},{"type":"distribution","title":"Expand to Elevation Mesa","detail":"Store has $48,223 in TOPICAL \u2014 categories where ESCAPE ARTIST competes.","priority":"high"},{"type":"distribution","title":"Expand to Elevation Oasis","detail":"Store has $124,189 in TOPICAL \u2014 categories where ESCAPE ARTIST competes.","priority":"high"},{"type":"distribution","title":"Expand to Elevation Downtown","detail":"Store has $3,748 in TOPICAL \u2014 categories where ESCAPE ARTIST competes.","priority":"medium"},{"type":"distribution","title":"Expand to Elevation Midtown","detail":"Store has $60,093 in TOPICAL \u2014 categories where ESCAPE ARTIST competes.","priority":"high"},{"type":"distribution","title":"Expand to Elevation Parkway","detail":"Store has $44,227 in TOPICAL \u2014 categories where ESCAPE ARTIST competes.","priority":"high"},{"type":"velocity","title":"Improve velocity in TOPICAL","detail":"Velocity index 0 (below category average). 0.0 units/day vs 2.0 avg.","priority":"medium"}],"trend":[{"period":"2024-01","revenue":827.5,"cost":565.0,"margin":31.7,"units":16,"transactions":12,"profit":262.5,"revenue_change_pct":null,"units_change_pct":null,"margin_change_pts":null}]}