{"brand":"GLASS HOUSE","date_range":"2024-01-01 00:00:00 to 2026-01-31 00:00:00","period_label":"All Time","summary":{"total_units":18,"total_revenue":1093.5000610351562,"total_cost":532.5,"total_discounts":39.000000953674316,"total_profit":560.9999847412109,"overall_margin":51.29999923706055,"fp_margin":52.79999923706055,"disc_margin":42.29999923706055,"pct_full_price":85.69999694824219,"avg_discount_rate":3.4000000953674316,"fp_revenue":937.5,"disc_revenue":155.9999942779541,"unique_customers":18,"brand":"GLASS HOUSE","date_range":"2024-01-01 00:00:00 to 2026-01-31 00:00:00","months_count":4,"avg_monthly_cost":266.25,"cost_per_unit":59.175000000000004,"primary_category":"BATTERY","primary_cat_margin":62.29999923706055,"category_rank":16,"category_total":19,"margin_vs_category":-11.0,"velocity_rank":17},"category_breakdown":[{"category_clean":"BATTERY","units":12,"revenue":545.9999847412109,"cost":270.0,"profit":276.00000381469727,"discounts":39.000000953674316,"margin":50.5,"category_avg_margin":62.29999923706055,"vs_category":-11.8,"rank":16.0,"total_brands":19.0},{"category_clean":"ACCESSORY","units":4,"revenue":360.0,"cost":175.0,"profit":185.0,"discounts":0.0,"margin":51.400001525878906,"category_avg_margin":61.099998474121094,"vs_category":-9.7,"rank":82.0,"total_brands":136.0}],"trend":[{"period":"2025-02","revenue":360.0,"cost":175.0,"margin":51.4,"units":4,"transactions":4,"profit":185.0,"revenue_change_pct":null,"units_change_pct":null,"margin_change_pts":null},{"period":"2026-01","revenue":733.4999847412109,"cost":357.5,"margin":51.3,"units":14,"transactions":14,"profit":375.99998474121094,"revenue_change_pct":103.7,"units_change_pct":250.0,"margin_change_pts":-0.1}],"share_of_category":[{"category":"BATTERY","brand_revenue":545.9999847412109,"category_revenue":1041867.1875,"revenue_share_pct":0.10000000149011612,"brand_units":12,"category_units":41118,"units_share_pct":0.0},{"category":"ACCESSORY","brand_revenue":360.0,"category_revenue":4128754.0625,"revenue_share_pct":0.0,"brand_units":4,"category_units":2130096,"units_share_pct":0.0},{"category":0.0,"brand_revenue":0.0,"category_revenue":0.0,"revenue_share_pct":0.0,"brand_units":0,"category_units":0,"units_share_pct":0.0}],"share_of_category_trend":{"BATTERY":[{"period":"2024-01","brand_revenue":0.0,"category_revenue":78523.75,"share_pct":0.0},{"period":"2024-02","brand_revenue":0.0,"category_revenue":79510.9765625,"share_pct":0.0},{"period":"2024-03","brand_revenue":0.0,"category_revenue":80066.9482421875,"share_pct":0.0},{"period":"2024-04","brand_revenue":0.0,"category_revenue":65688.7744140625,"share_pct":0.0},{"period":"2024-05","brand_revenue":0.0,"category_revenue":61493.57421875,"share_pct":0.0},{"period":"2024-06","brand_revenue":0.0,"category_revenue":67340.751953125,"share_pct":0.0},{"period":"2024-07","brand_revenue":0.0,"category_revenue":70591.1767578125,"share_pct":0.0},{"period":"2024-08","brand_revenue":0.0,"category_revenue":64657.8759765625,"share_pct":0.0},{"period":"2024-09","brand_revenue":0.0,"category_revenue":52538.3740234375,"share_pct":0.0},{"period":"2024-10","brand_revenue":0.0,"category_revenue":49278.92578125,"share_pct":0.0},{"period":"2024-11","brand_revenue":0.0,"category_revenue":39889.69970703125,"share_pct":0.0},{"period":"2024-12","brand_revenue":0.0,"category_revenue":38273.87451171875,"share_pct":0.0},{"period":"2025-01","brand_revenue":0.0,"category_revenue":24301.0498046875,"share_pct":0.0},{"period":"2025-02","brand_revenue":0.0,"category_revenue":15730.625,"share_pct":0.0},{"period":"2025-03","brand_revenue":0.0,"category_revenue":17904.124755859375,"share_pct":0.0},{"period":"2025-04","brand_revenue":0.0,"category_revenue":17018.02490234375,"share_pct":0.0},{"period":"2025-05","brand_revenue":0.0,"category_revenue":21588.3740234375,"share_pct":0.0},{"period":"2025-06","brand_revenue":0.0,"category_revenue":20285.274658203125,"share_pct":0.0},{"period":"2025-07","brand_revenue":0.0,"category_revenue":26462.7490234375,"share_pct":0.0},{"period":"2025-08","brand_revenue":0.0,"category_revenue":27441.025390625,"share_pct":0.0},{"period":"2025-09","brand_revenue":0.0,"category_revenue":24531.35009765625,"share_pct":0.0},{"period":"2025-10","brand_revenue":0.0,"category_revenue":27787.275390625,"share_pct":0.0},{"period":"2025-11","brand_revenue":0.0,"category_revenue":23690.8251953125,"share_pct":0.0},{"period":"2025-12","brand_revenue":0.0,"category_revenue":24923.798828125,"share_pct":0.0},{"period":"2026-01","brand_revenue":545.9999847412109,"category_revenue":22347.9248046875,"share_pct":2.4000000953674316}],"ACCESSORY":[{"period":"2024-01","brand_revenue":0.0,"category_revenue":153543.9453125,"share_pct":0.0},{"period":"2024-02","brand_revenue":0.0,"category_revenue":152399.47265625,"share_pct":0.0},{"period":"2024-03","brand_revenue":0.0,"category_revenue":154678.876953125,"share_pct":0.0},{"period":"2024-04","brand_revenue":0.0,"category_revenue":163353.65234375,"share_pct":0.0},{"period":"2024-05","brand_revenue":0.0,"category_revenue":179676.4453125,"share_pct":0.0},{"period":"2024-06","brand_revenue":0.0,"category_revenue":185008.828125,"share_pct":0.0},{"period":"2024-07","brand_revenue":0.0,"category_revenue":186675.46875,"share_pct":0.0},{"period":"2024-08","brand_revenue":0.0,"category_revenue":180226.328125,"share_pct":0.0},{"period":"2024-09","brand_revenue":0.0,"category_revenue":162386.298828125,"share_pct":0.0},{"period":"2024-10","brand_revenue":0.0,"category_revenue":166088.73046875,"share_pct":0.0},{"period":"2024-11","brand_revenue":0.0,"category_revenue":171706.09375,"share_pct":0.0},{"period":"2024-12","brand_revenue":0.0,"category_revenue":176502.03125,"share_pct":0.0},{"period":"2025-01","brand_revenue":0.0,"category_revenue":167261.34765625,"share_pct":0.0},{"period":"2025-02","brand_revenue":360.0,"category_revenue":155260.927734375,"share_pct":0.20000000298023224},{"period":"2025-03","brand_revenue":0.0,"category_revenue":176420.390625,"share_pct":0.0},{"period":"2025-04","brand_revenue":0.0,"category_revenue":182694.82421875,"share_pct":0.0},{"period":"2025-05","brand_revenue":0.0,"category_revenue":179904.4921875,"share_pct":0.0},{"period":"2025-06","brand_revenue":0.0,"category_revenue":161148.75,"share_pct":0.0},{"period":"2025-07","brand_revenue":0.0,"category_revenue":165549.8046875,"share_pct":0.0},{"period":"2025-08","brand_revenue":0.0,"category_revenue":171752.05078125,"share_pct":0.0},{"period":"2025-09","brand_revenue":0.0,"category_revenue":168198.9453125,"share_pct":0.0},{"period":"2025-10","brand_revenue":0.0,"category_revenue":171844.55078125,"share_pct":0.0},{"period":"2025-11","brand_revenue":0.0,"category_revenue":172839.74609375,"share_pct":0.0},{"period":"2025-12","brand_revenue":0.0,"category_revenue":141954.873046875,"share_pct":0.0},{"period":"2026-01","brand_revenue":0.0,"category_revenue":81677.1484375,"share_pct":0.0}]},"discount_depth":[{"tier":"0% (Full Price)","transactions":14,"pct_of_transactions":77.8,"revenue":937.5,"avg_discount":0.0},{"tier":"1-10%","transactions":2,"pct_of_transactions":11.1,"revenue":87.74999618530273,"avg_discount":20.0},{"tier":"11-20%","transactions":0,"pct_of_transactions":0.0,"revenue":0.0,"avg_discount":0},{"tier":"21-30%","transactions":2,"pct_of_transactions":11.1,"revenue":68.24999809265137,"avg_discount":60.0},{"tier":"31%+","transactions":0,"pct_of_transactions":0.0,"revenue":0.0,"avg_discount":0}],"velocity":{"units_per_day":0.04,"revenue_per_day":3.0000001192092896,"avg_units_per_txn":2.0,"days_of_data":363,"total_units":18,"total_transactions":18},"velocity_by_category":[{"category":"BATTERY","brand_units_per_day":0.02,"category_avg_units_per_day":2.84,"velocity_index":0.6,"brand_rev_per_unit":36.4,"category_rev_per_unit":20.27,"brands_in_category":19},{"category":0.0,"brand_units_per_day":0.0,"category_avg_units_per_day":0,"velocity_index":0,"brand_rev_per_unit":0.0,"category_rev_per_unit":0.0,"brands_in_category":0},{"category":"ACCESSORY","brand_units_per_day":0.0,"category_avg_units_per_day":20.56,"velocity_index":0.0,"brand_rev_per_unit":72.0,"category_rev_per_unit":1.55,"brands_in_category":136}],"deals":[{"deal_name":"Industry 30% Off","times_used":2,"units":2.0,"revenue":68.24999809265137,"discounts":29.249999523162842,"cost":45.0,"profit":23.250000476837158,"pre_discount_revenue":97.5,"margin":34.1,"avg_discount":60.0},{"deal_name":"Veterans - 10% Off","times_used":2,"units":2.0,"revenue":87.74999618530273,"discounts":9.750000238418579,"cost":45.0,"profit":42.750000953674316,"pre_discount_revenue":97.5,"margin":48.7,"avg_discount":20.0}],"top_products":[{"product":"PLAY DECK BATTERY","units":12,"revenue":545.9999847412109,"cost":270.0,"profit":276.00000381469727,"transactions":12,"margin":50.5},{"product":"DAB RIG - GLASS HOUSE","units":4,"revenue":360.0,"cost":175.0,"profit":185.0,"transactions":4,"margin":51.400001525878906},{"product":"COLORED RIM DOUBLE BARREL XL RECYCLER RIG","units":2,"revenue":187.5,"cost":87.5,"profit":100.0,"transactions":2,"margin":53.29999923706055}],"products_by_store":{"Elevation Oasis":[{"product":"DAB RIG - GLASS HOUSE","units":4,"revenue":360.0,"cost":175.0,"profit":185.0,"transactions":4,"margin":51.400001525878906},{"product":"COLORED RIM DOUBLE BARREL XL RECYCLER RIG","units":2,"revenue":187.5,"cost":87.5,"profit":100.0,"transactions":2,"margin":53.29999923706055}],"Elevation Midtown":[{"product":"PLAY DECK BATTERY","units":12,"revenue":545.9999847412109,"cost":270.0,"profit":276.00000381469727,"transactions":12,"margin":50.5}]},"store_summary":[{"store_clean":"Elevation Oasis","units":6,"revenue":547.5,"cost":262.5,"profit":285.0,"discounts":0.0,"margin":52.099998474121094,"discount_rate":0.0},{"store_clean":"Elevation Midtown","units":12,"revenue":545.9999847412109,"cost":270.0,"profit":276.00000381469727,"discounts":39.000000953674316,"margin":50.5,"discount_rate":6.699999809265137}],"recommendations":[{"severity":"red","title":"BATTERY: BELOW CATEGORY AVERAGE","detail":"Margin (50.5%) is 12 pts below BATTERY average. Ranked #16 of 19. Strong case for cost negotiation.","action":"Request 6% cost reduction or evaluate alternative BATTERY brands."},{"severity":"yellow","title":"CATEGORY BENCHMARK GAP","detail":"Overall margin (51.3%) trails BATTERY average (62.3%) by 11.0 pts.","action":"Negotiate cost reduction or increase retail price."}],"comparison":null}