{"brand":"TOKER POKER","date_range":"2024-01-01 00:00:00 to 2026-01-31 00:00:00","period_label":"All Time","summary":{"total_units":184,"total_revenue":2518.6251831054688,"total_cost":1168.4000396728516,"total_discounts":241.37500762939453,"total_profit":1350.2249145507812,"overall_margin":53.599998474121094,"fp_margin":57.70000076293945,"disc_margin":42.20000076293945,"pct_full_price":73.80000305175781,"avg_discount_rate":8.699999809265137,"fp_revenue":1860.0,"disc_revenue":658.6250305175781,"brand":"TOKER POKER","date_range":"2024-01-01 00:00:00 to 2026-01-31 00:00:00","primary_category":"ACCESSORY","store_coverage":"1/7","stores_present":["Elevation Midtown"],"stores_missing":["Elevation Springs","Elevation Mesa","Elevation Oasis","Elevation Downtown","Elevation Boulevard","Elevation Parkway"],"velocity_rank":27,"velocity_total":136},"distribution":[{"store":"Elevation Springs","carries_brand":false,"sku_count":0,"revenue":0.0,"units":0,"store_total_revenue":51138750.0,"brand_share_pct":0},{"store":"Elevation Mesa","carries_brand":false,"sku_count":0,"revenue":0.0,"units":0,"store_total_revenue":47532240.0,"brand_share_pct":0},{"store":"Elevation Oasis","carries_brand":false,"sku_count":0,"revenue":0.0,"units":0,"store_total_revenue":56050145.0,"brand_share_pct":0},{"store":"Elevation Downtown","carries_brand":false,"sku_count":0,"revenue":0.0,"units":0,"store_total_revenue":1945237.1875,"brand_share_pct":0},{"store":"Elevation Midtown","carries_brand":true,"sku_count":2,"revenue":2518.6251831054688,"units":184,"store_total_revenue":30850185.0,"brand_share_pct":0.0},{"store":"Elevation Boulevard","carries_brand":false,"sku_count":0,"revenue":0.0,"units":0,"store_total_revenue":28757865.0,"brand_share_pct":0},{"store":"Elevation Parkway","carries_brand":false,"sku_count":0,"revenue":0.0,"units":0,"store_total_revenue":21987007.5,"brand_share_pct":0}],"share_of_category":[{"category":"ACCESSORY","brand_revenue":2518.6251831054688,"category_revenue":4128754.0625,"revenue_share_pct":0.10000000149011612,"brand_units":184,"category_units":2130096,"units_share_pct":0.0}],"share_of_category_trend":{"ACCESSORY":[{"period":"2024-01","brand_revenue":0.0,"category_revenue":153543.9453125,"share_pct":0.0},{"period":"2024-02","brand_revenue":0.0,"category_revenue":152399.47265625,"share_pct":0.0},{"period":"2024-03","brand_revenue":0.0,"category_revenue":154678.876953125,"share_pct":0.0},{"period":"2024-04","brand_revenue":0.0,"category_revenue":163353.65234375,"share_pct":0.0},{"period":"2024-05","brand_revenue":0.0,"category_revenue":179676.4453125,"share_pct":0.0},{"period":"2024-06","brand_revenue":0.0,"category_revenue":185008.828125,"share_pct":0.0},{"period":"2024-07","brand_revenue":0.0,"category_revenue":186675.46875,"share_pct":0.0},{"period":"2024-08","brand_revenue":0.0,"category_revenue":180226.328125,"share_pct":0.0},{"period":"2024-09","brand_revenue":0.0,"category_revenue":162386.298828125,"share_pct":0.0},{"period":"2024-10","brand_revenue":0.0,"category_revenue":166088.73046875,"share_pct":0.0},{"period":"2024-11","brand_revenue":412.00000762939453,"category_revenue":171706.09375,"share_pct":0.20000000298023224},{"period":"2024-12","brand_revenue":197.99999237060547,"category_revenue":176502.03125,"share_pct":0.10000000149011612},{"period":"2025-01","brand_revenue":0.0,"category_revenue":167261.34765625,"share_pct":0.0},{"period":"2025-02","brand_revenue":0.0,"category_revenue":155260.927734375,"share_pct":0.0},{"period":"2025-03","brand_revenue":395.99998474121094,"category_revenue":176420.390625,"share_pct":0.20000000298023224},{"period":"2025-04","brand_revenue":710.9999847412109,"category_revenue":182694.82421875,"share_pct":0.4000000059604645},{"period":"2025-05","brand_revenue":203.99999618530273,"category_revenue":179904.4921875,"share_pct":0.10000000149011612},{"period":"2025-06","brand_revenue":216.62500381469727,"category_revenue":161148.75,"share_pct":0.10000000149011612},{"period":"2025-07","brand_revenue":120.0,"category_revenue":165549.8046875,"share_pct":0.10000000149011612},{"period":"2025-08","brand_revenue":201.00000381469727,"category_revenue":171752.05078125,"share_pct":0.10000000149011612},{"period":"2025-09","brand_revenue":0.0,"category_revenue":168198.9453125,"share_pct":0.0},{"period":"2025-10","brand_revenue":0.0,"category_revenue":171844.55078125,"share_pct":0.0},{"period":"2025-11","brand_revenue":30.0,"category_revenue":172839.74609375,"share_pct":0.0},{"period":"2025-12","brand_revenue":30.0,"category_revenue":141954.873046875,"share_pct":0.0},{"period":"2026-01","brand_revenue":0.0,"category_revenue":81677.1484375,"share_pct":0.0}]},"velocity_by_category":[{"category":"ACCESSORY","brand_units_per_day":0.24,"category_avg_units_per_day":20.56,"velocity_index":1.2,"brand_rev_per_unit":10.95,"category_rev_per_unit":1.55,"brands_in_category":136}],"store_gaps":[{"store":"Elevation Oasis","category":"ACCESSORY","category_revenue_at_store":917304.21875,"opportunity":"Brand not carried"},{"store":"Elevation Springs","category":"ACCESSORY","category_revenue_at_store":898382.421875,"opportunity":"Brand not carried"},{"store":"Elevation Mesa","category":"ACCESSORY","category_revenue_at_store":552719.140625,"opportunity":"Brand not carried"},{"store":"Elevation Boulevard","category":"ACCESSORY","category_revenue_at_store":466482.890625,"opportunity":"Brand not carried"},{"store":"Elevation Parkway","category":"ACCESSORY","category_revenue_at_store":435759.453125,"opportunity":"Brand not carried"},{"store":"Elevation Downtown","category":"ACCESSORY","category_revenue_at_store":61539.7021484375,"opportunity":"Brand not carried"}],"product_mix":{"top":[{"product":"TOKER POKER (BIC)","units":184,"revenue":2518.625030517578,"cost":1168.3999633789062,"profit":1350.2250671386719,"stores":1,"transactions":162,"margin":53.599998474121094}],"bottom":[],"expansion":[]},"pricing_consistency":[],"promotional_effectiveness":{"lift":{"fp_units_per_day":3.02,"disc_units_per_day":2.86,"lift_pct":-5.5,"fp_avg_revenue_per_unit":30.0,"disc_avg_revenue_per_unit":21.95},"by_deal":[{"deal_name":"Employee 30% - NOT FRIDAYS","uses":7,"revenue":167.99999237060547,"discounts":71.99999809265137,"units":16.0,"cost":101.5999984741211,"margin":39.5,"discount_depth":60.0},{"deal_name":"Veterans - 10% Off","uses":2,"revenue":108.00000190734863,"discounts":12.000000476837158,"units":8.0,"cost":50.79999923706055,"margin":53.0,"discount_depth":20.0},{"deal_name":"Employee - 40% OFF","uses":1,"revenue":17.999999523162842,"discounts":12.000000476837158,"units":2.0,"cost":12.699999809265137,"margin":29.4,"discount_depth":80.0}]},"growth_opportunities":[{"type":"distribution","title":"Expand to Elevation Springs","detail":"Store has $359,353 in ACCESSORY \u2014 categories where TOKER POKER competes.","priority":"high"},{"type":"distribution","title":"Expand to Elevation Mesa","detail":"Store has $221,088 in ACCESSORY \u2014 categories where TOKER POKER competes.","priority":"high"},{"type":"distribution","title":"Expand to Elevation Oasis","detail":"Store has $366,922 in ACCESSORY \u2014 categories where TOKER POKER competes.","priority":"high"},{"type":"distribution","title":"Expand to Elevation Downtown","detail":"Store has $24,616 in ACCESSORY \u2014 categories where TOKER POKER competes.","priority":"high"},{"type":"distribution","title":"Expand to Elevation Boulevard","detail":"Store has $186,593 in ACCESSORY \u2014 categories where TOKER POKER competes.","priority":"high"},{"type":"distribution","title":"Expand to Elevation Parkway","detail":"Store has $174,304 in ACCESSORY \u2014 categories where TOKER POKER competes.","priority":"high"},{"type":"velocity","title":"Improve velocity in ACCESSORY","detail":"Velocity index 1 (below category average). 0.1 units/day vs 10.3 avg.","priority":"medium"}],"trend":[{"period":"2024-11","revenue":412.00000762939453,"cost":203.1999969482422,"margin":50.7,"units":32,"transactions":30,"profit":208.79999160766602,"revenue_change_pct":null,"units_change_pct":null,"margin_change_pts":null},{"period":"2024-12","revenue":197.99999237060547,"cost":88.89999389648438,"margin":55.1,"units":14,"transactions":10,"profit":109.0999984741211,"revenue_change_pct":-51.9,"units_change_pct":-56.2,"margin_change_pts":4.4},{"period":"2025-03","revenue":395.99998474121094,"cost":190.49999237060547,"margin":51.9,"units":30,"transactions":24,"profit":205.49999237060547,"revenue_change_pct":100.0,"units_change_pct":114.3,"margin_change_pts":-3.2},{"period":"2025-04","revenue":710.9999847412109,"cost":330.2000045776367,"margin":53.6,"units":52,"transactions":46,"profit":380.8000183105469,"revenue_change_pct":79.5,"units_change_pct":73.3,"margin_change_pts":1.7},{"period":"2025-05","revenue":203.99999618530273,"cost":88.89999389648438,"margin":56.4,"units":14,"transactions":12,"profit":115.10000228881836,"revenue_change_pct":-71.3,"units_change_pct":-73.1,"margin_change_pts":2.9},{"period":"2025-06","revenue":216.62500381469727,"cost":101.5999984741211,"margin":53.1,"units":16,"transactions":14,"profit":115.02500534057617,"revenue_change_pct":6.2,"units_change_pct":14.3,"margin_change_pts":-3.3},{"period":"2025-07","revenue":120.0,"cost":50.79999923706055,"margin":57.7,"units":8,"transactions":8,"profit":69.20000076293945,"revenue_change_pct":-44.6,"units_change_pct":-50.0,"margin_change_pts":4.6},{"period":"2025-08","revenue":201.00000381469727,"cost":88.89999389648438,"margin":55.8,"units":14,"transactions":14,"profit":112.10000038146973,"revenue_change_pct":67.5,"units_change_pct":75.0,"margin_change_pts":-1.9},{"period":"2025-11","revenue":30.0,"cost":12.699999809265137,"margin":57.7,"units":2,"transactions":2,"profit":17.300000190734863,"revenue_change_pct":-85.1,"units_change_pct":-85.7,"margin_change_pts":1.9},{"period":"2025-12","revenue":30.0,"cost":12.699999809265137,"margin":57.7,"units":2,"transactions":2,"profit":17.300000190734863,"revenue_change_pct":0,"units_change_pct":0,"margin_change_pts":0.0}]}