{"brand":"G&G EXTRACTS","date_range":"2024-01-01 00:00:00 to 2026-01-31 00:00:00","period_label":"All Time","summary":{"total_units":181514,"total_revenue":4509605.625,"total_cost":2577970.0,"total_discounts":1735690.625,"total_profit":1931635.3125,"overall_margin":42.79999923706055,"fp_margin":59.0,"disc_margin":38.20000076293945,"pct_full_price":22.399999618530273,"avg_discount_rate":27.799999237060547,"fp_revenue":1011279.609375,"disc_revenue":3498325.625,"brand":"G&G EXTRACTS","date_range":"2024-01-01 00:00:00 to 2026-01-31 00:00:00","primary_category":"CONCENTRATE","store_coverage":"7/7","stores_present":["Elevation Springs","Elevation Mesa","Elevation Oasis","Elevation Downtown","Elevation Midtown","Elevation Boulevard","Elevation Parkway"],"stores_missing":[],"velocity_rank":1,"velocity_total":27},"distribution":[{"store":"Elevation Springs","carries_brand":true,"sku_count":166,"revenue":863608.59375,"units":35304,"store_total_revenue":51138750.0,"brand_share_pct":1.7000000476837158},{"store":"Elevation Mesa","carries_brand":true,"sku_count":166,"revenue":751853.125,"units":30728,"store_total_revenue":47532240.0,"brand_share_pct":1.600000023841858},{"store":"Elevation Oasis","carries_brand":true,"sku_count":166,"revenue":1607895.9375,"units":62318,"store_total_revenue":56050145.0,"brand_share_pct":2.9000000953674316},{"store":"Elevation Downtown","carries_brand":true,"sku_count":118,"revenue":53170.9033203125,"units":2348,"store_total_revenue":1945237.1875,"brand_share_pct":2.700000047683716},{"store":"Elevation Midtown","carries_brand":true,"sku_count":166,"revenue":483501.25,"units":18782,"store_total_revenue":30850185.0,"brand_share_pct":1.600000023841858},{"store":"Elevation Boulevard","carries_brand":true,"sku_count":166,"revenue":559807.734375,"units":24086,"store_total_revenue":28757865.0,"brand_share_pct":1.899999976158142},{"store":"Elevation Parkway","carries_brand":true,"sku_count":168,"revenue":189767.734375,"units":7948,"store_total_revenue":21987007.5,"brand_share_pct":0.8999999761581421}],"share_of_category":[{"category":"CONCENTRATE","brand_revenue":4503951.875,"category_revenue":7866357.5,"revenue_share_pct":57.29999923706055,"brand_units":181306,"category_units":316632,"units_share_pct":57.3},{"category":0.0,"brand_revenue":0.0,"category_revenue":0.0,"revenue_share_pct":0.0,"brand_units":0,"category_units":0,"units_share_pct":0.0}],"share_of_category_trend":{"CONCENTRATE":[{"period":"2024-01","brand_revenue":99777.6953125,"category_revenue":351129.609375,"share_pct":28.399999618530273},{"period":"2024-02","brand_revenue":103360.72265625,"category_revenue":371224.4921875,"share_pct":27.799999237060547},{"period":"2024-03","brand_revenue":115932.802734375,"category_revenue":375964.296875,"share_pct":30.799999237060547},{"period":"2024-04","brand_revenue":155839.521484375,"category_revenue":352745.859375,"share_pct":44.20000076293945},{"period":"2024-05","brand_revenue":137053.525390625,"category_revenue":346027.5,"share_pct":39.599998474121094},{"period":"2024-06","brand_revenue":134660.703125,"category_revenue":310723.3984375,"share_pct":43.29999923706055},{"period":"2024-07","brand_revenue":155831.953125,"category_revenue":336220.078125,"share_pct":46.29999923706055},{"period":"2024-08","brand_revenue":138920.546875,"category_revenue":324004.04296875,"share_pct":42.900001525878906},{"period":"2024-09","brand_revenue":145584.27734375,"category_revenue":326834.1796875,"share_pct":44.5},{"period":"2024-10","brand_revenue":151638.75,"category_revenue":324500.859375,"share_pct":46.70000076293945},{"period":"2024-11","brand_revenue":139942.822265625,"category_revenue":351240.0390625,"share_pct":39.79999923706055},{"period":"2024-12","brand_revenue":199735.60546875,"category_revenue":324145.4296875,"share_pct":61.599998474121094},{"period":"2025-01","brand_revenue":234653.69140625,"category_revenue":325749.19921875,"share_pct":72.0},{"period":"2025-02","brand_revenue":217172.96875,"category_revenue":300499.0234375,"share_pct":72.30000305175781},{"period":"2025-03","brand_revenue":231900.15625,"category_revenue":298171.5234375,"share_pct":77.80000305175781},{"period":"2025-04","brand_revenue":238471.54296875,"category_revenue":343355.625,"share_pct":69.5},{"period":"2025-05","brand_revenue":230336.09375,"category_revenue":288836.62109375,"share_pct":79.69999694824219},{"period":"2025-06","brand_revenue":235666.15234375,"category_revenue":280928.33984375,"share_pct":83.9000015258789},{"period":"2025-07","brand_revenue":227252.03125,"category_revenue":283604.1796875,"share_pct":80.0999984741211},{"period":"2025-08","brand_revenue":201731.640625,"category_revenue":274773.76953125,"share_pct":73.4000015258789},{"period":"2025-09","brand_revenue":199137.55859375,"category_revenue":264599.19921875,"share_pct":75.30000305175781},{"period":"2025-10","brand_revenue":213049.765625,"category_revenue":277515.46875,"share_pct":76.80000305175781},{"period":"2025-11","brand_revenue":199960.52734375,"category_revenue":295773.3203125,"share_pct":67.5999984741211},{"period":"2025-12","brand_revenue":187798.30078125,"category_revenue":267042.05078125,"share_pct":70.30000305175781},{"period":"2026-01","brand_revenue":208542.51953125,"category_revenue":270749.70703125,"share_pct":77.0}]},"velocity_by_category":[{"category":"CONCENTRATE","brand_units_per_day":237.94,"category_avg_units_per_day":15.38,"velocity_index":1546.0,"brand_rev_per_unit":19.87,"category_rev_per_unit":19.88,"brands_in_category":27},{"category":0.0,"brand_units_per_day":0.0,"category_avg_units_per_day":0,"velocity_index":0,"brand_rev_per_unit":0.0,"category_rev_per_unit":0.0,"brands_in_category":0}],"store_gaps":[],"product_mix":{"top":[{"product":"BLUE ALIEN LIVE RESIN BADDER - G&G EXTRACTS","units":5994,"revenue":177375.44921875,"cost":112387.5,"profit":64987.94921875,"stores":7,"transactions":5290,"margin":36.599998474121094},{"product":"CHEMICAL COMPOUND SUGAR - G&G EXTRACTS","units":7072,"revenue":171708.3203125,"cost":88400.0,"profit":83308.3203125,"stores":7,"transactions":5888,"margin":48.5},{"product":"CHEMICAL COMPOUND LIVE RESIN SUGAR - G&G EXTRACTS","units":4690,"revenue":141508.271484375,"cost":87937.5,"profit":53570.7763671875,"stores":7,"transactions":4084,"margin":37.900001525878906},{"product":"PURE KUSH SUGAR - G&G EXTRACTS","units":5062,"revenue":121418.623046875,"cost":63275.0,"profit":58143.623046875,"stores":7,"transactions":4112,"margin":47.900001525878906},{"product":"BLUE ALIEN LIVE RESIN SUGAR - G&G EXTRACTS","units":3544,"revenue":116737.900390625,"cost":66450.0,"profit":50287.900390625,"stores":6,"transactions":3172,"margin":43.099998474121094},{"product":"BLOOD DRIVE LIVE RESIN SUGAR - G&G EXTRACTS","units":3488,"revenue":115722.40234375,"cost":65400.0,"profit":50322.40234375,"stores":6,"transactions":3034,"margin":43.5},{"product":"SOUR BANANA SHERBERT LIVE RESIN BADDER - G&G EXTRACTS","units":3690,"revenue":115442.353515625,"cost":69187.5,"profit":46254.8486328125,"stores":7,"transactions":3246,"margin":40.099998474121094},{"product":"ANIMAL MINTS LIVE RESIN SUGAR - G&G EXTRACTS","units":3544,"revenue":114309.1796875,"cost":67950.0,"profit":46359.1748046875,"stores":7,"transactions":3154,"margin":40.599998474121094},{"product":"ANIMAL MINTS SUGAR - G&G EXTRACTS","units":5250,"revenue":108767.87109375,"cost":55215.0,"profit":53552.8759765625,"stores":6,"transactions":4290,"margin":49.20000076293945},{"product":"SOUR BANANA SHERBERT SUGAR - G&G EXTRACTS","units":4436,"revenue":107685.947265625,"cost":55450.0,"profit":52235.9521484375,"stores":6,"transactions":3784,"margin":48.5},{"product":"LILAC COOKIES BADDER - G&G EXTRACTS","units":4430,"revenue":92949.0234375,"cost":55375.0,"profit":37574.02587890625,"stores":7,"transactions":3896,"margin":40.400001525878906},{"product":"RAINBOW RUNTZ BADDER - G&G EXTRACTS","units":4080,"revenue":89116.875,"cost":51000.0,"profit":38116.875,"stores":7,"transactions":3600,"margin":42.79999923706055},{"product":"CHERRY MIMOSA SUGAR - G&G EXTRACTS","units":4862,"revenue":84335.478515625,"cost":44975.0,"profit":39360.47607421875,"stores":7,"transactions":4228,"margin":46.70000076293945},{"product":"BLUE DREAM X GRAND DADS OG LIVE RESIN SUGAR - G&G EXTRACTS","units":2184,"revenue":74889.6240234375,"cost":40950.0,"profit":33939.6240234375,"stores":7,"transactions":1896,"margin":45.29999923706055},{"product":"BLUE DREAM LIVE RESIN BADDER - G&G EXTRACTS","units":2476,"revenue":72830.0732421875,"cost":46425.0,"profit":26405.07568359375,"stores":7,"transactions":2140,"margin":36.29999923706055},{"product":"SUPER LEMON HAZE BADDER - G&G EXTRACTS","units":3380,"revenue":72006.34765625,"cost":42250.0,"profit":29756.35009765625,"stores":7,"transactions":2832,"margin":41.29999923706055},{"product":"TANGIE KUSH SUGAR - G&G EXTRACTS","units":2952,"revenue":71841.3232421875,"cost":36900.0,"profit":34941.32568359375,"stores":6,"transactions":2608,"margin":48.599998474121094},{"product":"ZRUNTZ BADDER - G&G EXTRACTS","units":2794,"revenue":68033.5498046875,"cost":34925.0,"profit":33108.5498046875,"stores":7,"transactions":2426,"margin":48.70000076293945},{"product":"PURE KUSH LIVE RESIN BADDER - G&G EXTRACTS","units":2288,"revenue":63147.451171875,"cost":42900.0,"profit":20247.449951171875,"stores":7,"transactions":1856,"margin":32.099998474121094},{"product":"CHEMICAL COMPOUND X SOUR BANANA SHERBERT LIVE RESIN CRUMBLE - G&G EXTRACTS","units":1876,"revenue":62718.22265625,"cost":35175.0,"profit":27543.22509765625,"stores":6,"transactions":1646,"margin":43.900001525878906}],"bottom":[{"product":"BLUE ALIEN SUGAR - G&G EXTRACTS","units":766,"revenue":19345.0,"cost":9575.0,"profit":9770.0,"stores":6,"transactions":694,"margin":50.5},{"product":"GUAVA DIESEL BADDER - G&G EXTRACTS","units":796,"revenue":16233.974609375,"cost":9950.0,"profit":6283.9752197265625,"stores":7,"transactions":736,"margin":38.70000076293945},{"product":"GOLD LEAF BADDER - G&G EXTRACTS","units":704,"revenue":15161.25,"cost":8800.0,"profit":6361.25,"stores":7,"transactions":648,"margin":42.0},{"product":"GARLIC LA CREM BADDER - G&G EXTRACTS","units":508,"revenue":11131.424560546875,"cost":6350.0,"profit":4781.4251708984375,"stores":7,"transactions":466,"margin":43.0},{"product":"GUAVA ICE BADDER - G&G EXTRACTS","units":516,"revenue":10199.849853515625,"cost":6450.0,"profit":3749.8501586914062,"stores":7,"transactions":460,"margin":36.79999923706055},{"product":"GOLD LEAF LIVE RESIN BADDER - G&G EXTRACTS","units":276,"revenue":8092.5750732421875,"cost":5175.0,"profit":2917.5750732421875,"stores":7,"transactions":262,"margin":36.099998474121094},{"product":"24K LIVE RESIN BADDER - G&G EXTRACTS","units":260,"revenue":7796.1749267578125,"cost":4875.0,"profit":2921.1749267578125,"stores":7,"transactions":214,"margin":37.5},{"product":"TANGIE KUSH BUDDER - G&G EXTRACTS","units":274,"revenue":6875.0,"cost":3425.0,"profit":3450.0,"stores":6,"transactions":244,"margin":50.20000076293945},{"product":"HEADBAND BADDER - G&G EXTRACTS","units":130,"revenue":2825.2749633789062,"cost":1625.0,"profit":1200.2750396728516,"stores":7,"transactions":112,"margin":42.5},{"product":"CHEMICAL COMPOUND LIVE RESIN BUDDER - G&G EXTRACTS","units":4,"revenue":140.0,"cost":75.0,"profit":65.0,"stores":1,"transactions":4,"margin":46.400001525878906}],"expansion":[{"product":"BLUE ALIEN LIVE RESIN SUGAR - G&G EXTRACTS","current_stores":6,"total_stores":7,"missing_stores":["Elevation Downtown"],"revenue":116737.900390625},{"product":"BLOOD DRIVE LIVE RESIN SUGAR - G&G EXTRACTS","current_stores":6,"total_stores":7,"missing_stores":["Elevation Downtown"],"revenue":115722.40234375},{"product":"ANIMAL MINTS SUGAR - G&G EXTRACTS","current_stores":6,"total_stores":7,"missing_stores":["Elevation Downtown"],"revenue":108767.87109375},{"product":"SOUR BANANA SHERBERT SUGAR - G&G EXTRACTS","current_stores":6,"total_stores":7,"missing_stores":["Elevation Downtown"],"revenue":107685.947265625},{"product":"TANGIE KUSH SUGAR - G&G EXTRACTS","current_stores":6,"total_stores":7,"missing_stores":["Elevation Downtown"],"revenue":71841.3232421875},{"product":"CHEMICAL COMPOUND X SOUR BANANA SHERBERT LIVE RESIN CRUMBLE - G&G EXTRACTS","current_stores":6,"total_stores":7,"missing_stores":["Elevation Downtown"],"revenue":62718.22265625},{"product":"BLUE DREAM LIVE RESIN SUGAR - G&G EXTRACTS","current_stores":6,"total_stores":7,"missing_stores":["Elevation Downtown"],"revenue":62292.2509765625},{"product":"BLUE DREAM LIVE RESIN BUDDER - G&G EXTRACTS","current_stores":6,"total_stores":7,"missing_stores":["Elevation Downtown"],"revenue":61907.59765625},{"product":"PURE KUSH LIVE RESIN SUGAR - G&G EXTRACTS","current_stores":6,"total_stores":7,"missing_stores":["Elevation Downtown"],"revenue":59463.9501953125},{"product":"WEDDING STOMPER LIVE RESIN SUGAR - G&G EXTRACTS","current_stores":6,"total_stores":7,"missing_stores":["Elevation Downtown"],"revenue":58717.67578125}]},"pricing_consistency":[{"product":"HEADBAND BADDER - G&G EXTRACTS","min_price":40.834999084472656,"max_price":62.5,"avg_price":47.35491071428571,"std_dev":3.176686417204253,"store_count":14,"price_range":21.665000915527344,"range_pct":45.8},{"product":"TANGIE KUSH BUDDER - G&G EXTRACTS","min_price":38.392857142857146,"max_price":57.521186440677965,"avg_price":46.644019696431755,"std_dev":2.617758712171242,"store_count":12,"price_range":19.128329297820823,"range_pct":41.0},{"product":"BLUE DREAM X GRAND DADS OG LIVE RESIN SUGAR - G&G EXTRACTS","min_price":51.17625045776367,"max_price":74.5582128619868,"avg_price":64.79051737966715,"std_dev":3.0695502450663126,"store_count":14,"price_range":23.38196240422313,"range_pct":36.1},{"product":"PURE KUSH SUGAR - G&G EXTRACTS","min_price":34.20769324669471,"max_price":50.45043415340086,"avg_price":45.48949085059833,"std_dev":2.301490771254963,"store_count":14,"price_range":16.242740906706153,"range_pct":35.7},{"product":"ANIMAL MINTS SUGAR - G&G EXTRACTS","min_price":31.415111484812268,"max_price":44.14933322664089,"avg_price":40.21377680971962,"std_dev":1.8879317218688638,"store_count":12,"price_range":12.73422174182862,"range_pct":31.7},{"product":"BLUE ALIEN SUGAR - G&G EXTRACTS","min_price":43.22916666666667,"max_price":58.111702127659576,"avg_price":49.37579979522785,"std_dev":2.1513055775495014,"store_count":12,"price_range":14.882535460992905,"range_pct":30.1},{"product":"MANDARIN COOKIES HAZE BADDER - G&G EXTRACTS","min_price":33.223684210526315,"max_price":45.68629631629357,"avg_price":41.43198606264355,"std_dev":2.1614552427937777,"store_count":14,"price_range":12.46261210576726,"range_pct":30.1},{"product":"BLUE DREAM X GRAND DADS OG SUGAR - G&G EXTRACTS","min_price":25.560661764705884,"max_price":34.489061991373696,"avg_price":29.952548650638775,"std_dev":1.2479369914830623,"store_count":12,"price_range":8.928400226667815,"range_pct":29.8},{"product":"BLOOD DRIVE SUGAR - G&G EXTRACTS","min_price":41.42383664153343,"max_price":56.09928424541767,"avg_price":49.78768571135572,"std_dev":2.0897165071332213,"store_count":12,"price_range":14.675447603884244,"range_pct":29.5},{"product":"PURE KUSH BADDER - G&G EXTRACTS","min_price":34.72222222222222,"max_price":47.49102470202324,"avg_price":43.32387128383491,"std_dev":1.604553244681962,"store_count":14,"price_range":12.768802479801016,"range_pct":29.5},{"product":"24K LIVE RESIN SUGAR - G&G EXTRACTS","min_price":53.53750228881836,"max_price":72.50628702001633,"avg_price":64.32597980729356,"std_dev":2.3194723265557764,"store_count":14,"price_range":18.968784731197978,"range_pct":29.5},{"product":"CHEMICAL COMPOUND X SOUR BANANA SHERBERT LIVE RESIN SUGAR - G&G EXTRACTS","min_price":52.20937728881836,"max_price":69.10316816880054,"avg_price":61.6340372445496,"std_dev":2.13537372971115,"store_count":14,"price_range":16.893790879982184,"range_pct":27.4},{"product":"TROPICANA BUDDER - G&G EXTRACTS","min_price":33.429544622247874,"max_price":44.219440884060326,"avg_price":40.00868821406429,"std_dev":1.5918140417391367,"store_count":14,"price_range":10.789896261812455,"range_pct":27.0},{"product":"24K LIVE RESIN BADDER - G&G EXTRACTS","min_price":56.38333638509114,"max_price":72.91250228881836,"avg_price":62.195671035993804,"std_dev":2.5633530022125615,"store_count":14,"price_range":16.52916590372722,"range_pct":26.6},{"product":"GMO MINTS LIVE RESIN SUGAR - G&G EXTRACTS","min_price":53.81153987004207,"max_price":70.31569432168111,"avg_price":62.16643370340997,"std_dev":2.1772156151156636,"store_count":14,"price_range":16.504154451639046,"range_pct":26.5},{"product":"BLOOD DRIVE LIVE RESIN SUGAR - G&G EXTRACTS","min_price":56.37204811789773,"max_price":72.64289305604667,"avg_price":63.60851351116607,"std_dev":2.251984177287384,"store_count":12,"price_range":16.270844938148947,"range_pct":25.6},{"product":"ANIMAL MINTS LIVE RESIN SUGAR - G&G EXTRACTS","min_price":51.763365989507626,"max_price":67.58859306469299,"avg_price":62.19474629016918,"std_dev":2.094201244270049,"store_count":14,"price_range":15.825227075185353,"range_pct":25.4},{"product":"TANGIE KUSH SUGAR - G&G EXTRACTS","min_price":41.45190740035752,"max_price":53.34065133985369,"avg_price":47.56702377570363,"std_dev":1.8211013156868683,"store_count":12,"price_range":11.888743939496171,"range_pct":25.0},{"product":"SOUR BANANA SHERBERT X BLUE DREAM BADDER - G&G EXTRACTS","min_price":34.05736738467769,"max_price":43.55400085449219,"avg_price":39.15459279565635,"std_dev":1.2304511309362578,"store_count":14,"price_range":9.496633469814494,"range_pct":24.3},{"product":"GRAND DADS OG SUGAR - G&G EXTRACTS","min_price":40.60532866931353,"max_price":51.84566650390625,"avg_price":47.1330300263316,"std_dev":1.6156616969017719,"store_count":12,"price_range":11.240337834592724,"range_pct":23.8},{"product":"SOUR BANANA SHERBERT X BLOOD DRIVE BADDER - G&G EXTRACTS","min_price":42.14035301877742,"max_price":53.418152691566775,"avg_price":47.819465334916615,"std_dev":1.6768984139772285,"store_count":12,"price_range":11.277799672789364,"range_pct":23.6},{"product":"SOUR BANANA SHERBERT SUGAR - G&G EXTRACTS","min_price":42.423960367838546,"max_price":53.44131919210271,"avg_price":47.524031304081475,"std_dev":1.58838753954829,"store_count":12,"price_range":11.01735882426417,"range_pct":23.2},{"product":"CHEMICAL COMPOUND SUGAR - G&G EXTRACTS","min_price":40.17410823277065,"max_price":50.93564356435643,"avg_price":46.41605339086922,"std_dev":1.568428960728865,"store_count":14,"price_range":10.761535331585783,"range_pct":23.2},{"product":"GUAVA ICE BADDER - G&G EXTRACTS","min_price":36.11666785346137,"max_price":45.209999084472656,"avg_price":39.84416360113722,"std_dev":1.1122854072168,"store_count":14,"price_range":9.093331231011286,"range_pct":22.8},{"product":"ANIMAL MINTS LIVE RESIN BUDDER - G&G EXTRACTS","min_price":48.316382046403554,"max_price":60.025369980755976,"avg_price":54.61068373804252,"std_dev":1.5179397209345193,"store_count":14,"price_range":11.708987934352422,"range_pct":21.4},{"product":"NILLA WAFER BADDER - G&G EXTRACTS","min_price":42.11907637746711,"max_price":51.79748062015504,"avg_price":46.77563839599416,"std_dev":1.4877653364649603,"store_count":12,"price_range":9.678404242687932,"range_pct":20.7},{"product":"CHEMICAL COMPOUND X SOUR BANANA SHERBERT SUGAR - G&G EXTRACTS","min_price":44.10338838221663,"max_price":54.07187461853027,"avg_price":48.49090573781978,"std_dev":1.340358583879868,"store_count":12,"price_range":9.968486236313643,"range_pct":20.6},{"product":"BLUE ALIEN X BLOOD DRIVE LIVE RESIN SUGAR - G&G EXTRACTS","min_price":52.496430533272886,"max_price":64.25237195245151,"avg_price":57.9568182673966,"std_dev":1.7958939035833457,"store_count":14,"price_range":11.755941419178626,"range_pct":20.3},{"product":"ULTRA PIE BADDER - G&G EXTRACTS","min_price":39.66460785308441,"max_price":48.44512103355094,"avg_price":43.96384025516173,"std_dev":1.3727433431243736,"store_count":12,"price_range":8.780513180466528,"range_pct":20.0},{"product":"APPLES & ORANGES BADDER - G&G EXTRACTS","min_price":39.31875228881836,"max_price":48.21375122070313,"avg_price":44.5284508342485,"std_dev":1.1173714604667568,"store_count":14,"price_range":8.894998931884768,"range_pct":20.0}],"promotional_effectiveness":{"lift":{"fp_units_per_day":43.14,"disc_units_per_day":196.7,"lift_pct":356.0,"fp_avg_revenue_per_unit":63.550000000000004,"disc_avg_revenue_per_unit":46.75},"by_deal":[{"deal_name":"Industry - 30% Off","uses":7741,"revenue":521751.6625213623,"discounts":223748.33750724792,"units":22138.0,"cost":305692.5,"margin":41.4,"discount_depth":60.0},{"deal_name":"Lit4Less - G+G Extracts Cured 3g for $50","uses":3721,"revenue":513877.8160518905,"discounts":256351.35326703388,"units":24647.333333333332,"cost":308091.6666666667,"margin":40.0,"discount_depth":66.6},{"deal_name":"Industry 30% Off","uses":2387,"revenue":171390.46248753864,"discounts":74722.02916224797,"units":7515.333333333333,"cost":100524.16666666666,"margin":41.3,"discount_depth":60.8},{"deal_name":"Stock & Save - G+G Extracts Cured 3g for $50","uses":2015,"revenue":281845.64783096313,"discounts":143448.10245215893,"units":13497.0,"cost":170412.5,"margin":39.5,"discount_depth":67.4},{"deal_name":"Lit4Less - G+G Extracts Live Resin 3g for $70","uses":1676,"revenue":312617.66063451767,"discounts":153594.83761388808,"units":10744.0,"cost":201262.5,"margin":35.6,"discount_depth":65.8},{"deal_name":"Stock & Save - G+G Extracts Live Resin 3g for $90","uses":1102,"revenue":262056.27501487732,"discounts":43449.97500181198,"units":6983.0,"cost":130931.25,"margin":50.0,"discount_depth":28.4},{"deal_name":"Stock & Save - G+G Extracts Live Resin 3g for $70","uses":961,"revenue":178892.08664894104,"discounts":84557.91257917881,"units":6116.0,"cost":113055.0,"margin":36.8,"discount_depth":64.2},{"deal_name":"30% Off Special","uses":943,"revenue":56809.78750228882,"discounts":24590.212500095367,"units":2154.0,"cost":34773.75,"margin":38.8,"discount_depth":60.4},{"deal_name":"420 2025 - 60% Off","uses":933,"revenue":64664.77499961853,"discounts":97335.22499322891,"units":4726.0,"cost":66902.5,"margin":-3.5,"discount_depth":120.2},{"deal_name":"Jackpot - Locals 30% Off","uses":718,"revenue":58862.649993896484,"discounts":25081.099996566772,"units":2443.0,"cost":34672.5,"margin":41.1,"discount_depth":59.8},{"deal_name":"G+G Extracts 3g for $60","uses":705,"revenue":110447.05000400543,"discounts":62852.95000076294,"units":4412.0,"cost":73105.0,"margin":33.8,"discount_depth":72.6},{"deal_name":"Stock & Save - G+G Extracts Cured 3g for $65","uses":532,"revenue":94180.92618942261,"discounts":20194.07508790493,"units":3456.0,"cost":46175.0,"margin":51.0,"discount_depth":35.4},{"deal_name":"60% Off Internal - G2B","uses":497,"revenue":37109.112499952316,"discounts":55772.13750600815,"units":2703.0,"cost":38003.75,"margin":-2.4,"discount_depth":120.0},{"deal_name":"G+G Extracts 3g for $50","uses":494,"revenue":68822.04949855804,"discounts":47152.950397729874,"units":3300.0,"cost":48120.0,"margin":30.1,"discount_depth":81.4},{"deal_name":"4/20! 60% Off!!!","uses":443,"revenue":31355.0,"discounts":47032.5,"units":2394.0,"cost":32375.0,"margin":-3.3,"discount_depth":120.0},{"deal_name":"Senior - 10% Off","uses":423,"revenue":33065.80001831055,"discounts":3890.4500031471252,"units":1141.0,"cost":15262.5,"margin":53.8,"discount_depth":21.0},{"deal_name":"G+G Extracts 3g for $55","uses":421,"revenue":64081.21240258217,"discounts":49562.53761410713,"units":2801.0,"cost":48125.0,"margin":24.9,"discount_depth":87.2},{"deal_name":"Veterans - 10% Off","uses":398,"revenue":30099.33750629425,"discounts":3438.162500858307,"units":1020.0,"cost":13813.75,"margin":54.1,"discount_depth":20.6},{"deal_name":"Spark the Summer Sale","uses":391,"revenue":34941.25,"discounts":23283.75,"units":1782.0,"cost":23815.0,"margin":31.8,"discount_depth":80.0},{"deal_name":"Employee 30% - NOT FRIDAYS","uses":387,"revenue":23231.049995422363,"discounts":10018.949999809265,"units":948.0,"cost":13678.75,"margin":41.1,"discount_depth":60.2}]},"growth_opportunities":[{"type":"sku_expansion","title":"Add 'ANIMAL MINTS SUGAR - G&G EXTRACTS' to 1 more store(s)","detail":"Carried in 6 stores. Missing from: Elevation Downtown","priority":"medium"},{"type":"sku_expansion","title":"Add 'BLOOD DRIVE LIVE RESIN SUGAR - G&G EXTRACTS' to 1 more store(s)","detail":"Carried in 6 stores. Missing from: Elevation Downtown","priority":"medium"},{"type":"sku_expansion","title":"Add 'BLOOD DRIVE SUGAR - G&G EXTRACTS' to 1 more store(s)","detail":"Carried in 6 stores. Missing from: Elevation Downtown","priority":"medium"},{"type":"sku_expansion","title":"Add 'BLUE ALIEN LIVE RESIN SUGAR - G&G EXTRACTS' to 1 more store(s)","detail":"Carried in 6 stores. Missing from: Elevation Downtown","priority":"medium"},{"type":"sku_expansion","title":"Add 'BLUE ALIEN SUGAR - G&G EXTRACTS' to 1 more store(s)","detail":"Carried in 6 stores. Missing from: Elevation Downtown","priority":"medium"},{"type":"velocity","title":"Improve velocity in nan","detail":"Velocity index 0 (below category average). 0.0 units/day vs 0.0 avg.","priority":"medium"}],"trend":[{"period":"2024-01","revenue":99840.1953125,"cost":49642.5,"margin":50.3,"units":4144,"transactions":2754,"profit":50197.7001953125,"revenue_change_pct":null,"units_change_pct":null,"margin_change_pts":null},{"period":"2024-02","revenue":104710.72265625,"cost":50690.0,"margin":51.6,"units":4306,"transactions":2540,"profit":54020.72265625,"revenue_change_pct":4.9,"units_change_pct":3.9,"margin_change_pts":1.3},{"period":"2024-03","revenue":115932.802734375,"cost":59002.5,"margin":49.1,"units":5134,"transactions":2996,"profit":56930.2978515625,"revenue_change_pct":10.7,"units_change_pct":19.2,"margin_change_pts":-2.5},{"period":"2024-04","revenue":155839.521484375,"cost":98615.0,"margin":36.7,"units":7578,"transactions":4060,"profit":57224.5263671875,"revenue_change_pct":34.4,"units_change_pct":47.6,"margin_change_pts":-12.4},{"period":"2024-05","revenue":138611.025390625,"cost":67365.0,"margin":51.4,"units":4950,"transactions":3286,"profit":71246.025390625,"revenue_change_pct":-11.1,"units_change_pct":-34.7,"margin_change_pts":14.7},{"period":"2024-06","revenue":135045.703125,"cost":67882.5,"margin":49.7,"units":4648,"transactions":3032,"profit":67163.1982421875,"revenue_change_pct":-2.6,"units_change_pct":-6.1,"margin_change_pts":-1.7},{"period":"2024-07","revenue":155831.953125,"cost":89377.5,"margin":42.6,"units":5706,"transactions":2836,"profit":66454.4482421875,"revenue_change_pct":15.4,"units_change_pct":22.8,"margin_change_pts":-7.1},{"period":"2024-08","revenue":138920.546875,"cost":71027.5,"margin":48.9,"units":4204,"transactions":2278,"profit":67893.0517578125,"revenue_change_pct":-10.9,"units_change_pct":-26.3,"margin_change_pts":6.2},{"period":"2024-09","revenue":145584.27734375,"cost":76397.5,"margin":47.5,"units":4650,"transactions":2582,"profit":69186.77734375,"revenue_change_pct":4.8,"units_change_pct":10.6,"margin_change_pts":-1.3},{"period":"2024-10","revenue":151638.75,"cost":76155.0,"margin":49.8,"units":4960,"transactions":2860,"profit":75483.75,"revenue_change_pct":4.2,"units_change_pct":6.7,"margin_change_pts":2.3},{"period":"2024-11","revenue":139942.822265625,"cost":86732.5,"margin":38.0,"units":5774,"transactions":2892,"profit":53210.3271484375,"revenue_change_pct":-7.7,"units_change_pct":16.4,"margin_change_pts":-11.8},{"period":"2024-12","revenue":199735.60546875,"cost":102120.0,"margin":48.9,"units":6904,"transactions":3894,"profit":97615.595703125,"revenue_change_pct":42.7,"units_change_pct":19.6,"margin_change_pts":10.8},{"period":"2025-01","revenue":234653.69140625,"cost":124832.5,"margin":46.8,"units":8342,"transactions":4464,"profit":109821.201171875,"revenue_change_pct":17.5,"units_change_pct":20.8,"margin_change_pts":-2.1},{"period":"2025-02","revenue":217172.96875,"cost":117417.5,"margin":45.9,"units":8070,"transactions":4260,"profit":99755.478515625,"revenue_change_pct":-7.4,"units_change_pct":-3.3,"margin_change_pts":-0.9},{"period":"2025-03","revenue":234198.5546875,"cost":136320.0,"margin":41.8,"units":9406,"transactions":4512,"profit":97878.544921875,"revenue_change_pct":7.8,"units_change_pct":16.6,"margin_change_pts":-4.1},{"period":"2025-04","revenue":238471.54296875,"cost":173882.5,"margin":27.1,"units":12162,"transactions":5288,"profit":64589.0478515625,"revenue_change_pct":1.8,"units_change_pct":29.3,"margin_change_pts":-14.7},{"period":"2025-05","revenue":230336.09375,"cost":131040.0,"margin":43.1,"units":9356,"transactions":4334,"profit":99296.103515625,"revenue_change_pct":-3.4,"units_change_pct":-23.1,"margin_change_pts":16.0},{"period":"2025-06","revenue":235666.15234375,"cost":136745.0,"margin":42.0,"units":10226,"transactions":4626,"profit":98921.15234375,"revenue_change_pct":2.3,"units_change_pct":9.3,"margin_change_pts":-1.1},{"period":"2025-07","revenue":227252.03125,"cost":133522.5,"margin":41.2,"units":9372,"transactions":4098,"profit":93729.521484375,"revenue_change_pct":-3.6,"units_change_pct":-8.4,"margin_change_pts":-0.7},{"period":"2025-08","revenue":201731.640625,"cost":117672.5,"margin":41.7,"units":8452,"transactions":3654,"profit":84059.150390625,"revenue_change_pct":-11.2,"units_change_pct":-9.8,"margin_change_pts":0.4},{"period":"2025-09","revenue":199137.55859375,"cost":117897.5,"margin":40.8,"units":8462,"transactions":3706,"profit":81240.048828125,"revenue_change_pct":-1.3,"units_change_pct":0.1,"margin_change_pts":-0.9},{"period":"2025-10","revenue":213049.765625,"cost":126065.0,"margin":40.8,"units":8926,"transactions":3832,"profit":86984.775390625,"revenue_change_pct":7.0,"units_change_pct":5.5,"margin_change_pts":0.0},{"period":"2025-11","revenue":199960.52734375,"cost":135362.5,"margin":32.3,"units":9640,"transactions":4044,"profit":64598.02734375,"revenue_change_pct":-6.1,"units_change_pct":8.0,"margin_change_pts":-8.5},{"period":"2025-12","revenue":187798.30078125,"cost":109627.5,"margin":41.6,"units":7672,"transactions":3346,"profit":78170.80078125,"revenue_change_pct":-6.1,"units_change_pct":-20.4,"margin_change_pts":9.3},{"period":"2026-01","revenue":208542.51953125,"cost":122577.5,"margin":41.2,"units":8470,"transactions":3600,"profit":85965.029296875,"revenue_change_pct":11.0,"units_change_pct":10.4,"margin_change_pts":-0.4}]}