{"brand":"G&G EXTRACTS","date_range":"2024-01-01 00:00:00 to 2026-01-31 00:00:00","period_label":"All Time","summary":{"total_units":181514,"total_revenue":4509605.625,"total_cost":2577970.0,"total_discounts":1735690.625,"total_profit":1931635.3125,"overall_margin":42.79999923706055,"fp_margin":59.0,"disc_margin":38.20000076293945,"pct_full_price":22.399999618530273,"avg_discount_rate":27.799999237060547,"fp_revenue":1011279.609375,"disc_revenue":3498325.625,"unique_customers":25948,"brand":"G&G EXTRACTS","date_range":"2024-01-01 00:00:00 to 2026-01-31 00:00:00","months_count":50,"avg_monthly_cost":103118.79999999999,"cost_per_unit":28.4,"primary_category":"CONCENTRATE","primary_cat_margin":45.900001525878906,"category_rank":1,"category_total":27,"margin_vs_category":-3.0999999046325684,"velocity_rank":1},"category_breakdown":[{"category_clean":"CONCENTRATE","units":181306,"revenue":4503951.875,"cost":2575057.5,"profit":1928894.375,"discounts":1734218.90625,"margin":42.79999923706055,"category_avg_margin":45.900001525878906,"vs_category":-3.1,"rank":1.0,"total_brands":27.0}],"trend":[{"period":"2024-01","revenue":99840.1953125,"cost":49642.5,"margin":50.3,"units":4144,"transactions":2754,"profit":50197.7001953125,"revenue_change_pct":null,"units_change_pct":null,"margin_change_pts":null},{"period":"2024-02","revenue":104710.72265625,"cost":50690.0,"margin":51.6,"units":4306,"transactions":2540,"profit":54020.72265625,"revenue_change_pct":4.9,"units_change_pct":3.9,"margin_change_pts":1.3},{"period":"2024-03","revenue":115932.802734375,"cost":59002.5,"margin":49.1,"units":5134,"transactions":2996,"profit":56930.2978515625,"revenue_change_pct":10.7,"units_change_pct":19.2,"margin_change_pts":-2.5},{"period":"2024-04","revenue":155839.521484375,"cost":98615.0,"margin":36.7,"units":7578,"transactions":4060,"profit":57224.5263671875,"revenue_change_pct":34.4,"units_change_pct":47.6,"margin_change_pts":-12.4},{"period":"2024-05","revenue":138611.025390625,"cost":67365.0,"margin":51.4,"units":4950,"transactions":3286,"profit":71246.025390625,"revenue_change_pct":-11.1,"units_change_pct":-34.7,"margin_change_pts":14.7},{"period":"2024-06","revenue":135045.703125,"cost":67882.5,"margin":49.7,"units":4648,"transactions":3032,"profit":67163.1982421875,"revenue_change_pct":-2.6,"units_change_pct":-6.1,"margin_change_pts":-1.7},{"period":"2024-07","revenue":155831.953125,"cost":89377.5,"margin":42.6,"units":5706,"transactions":2836,"profit":66454.4482421875,"revenue_change_pct":15.4,"units_change_pct":22.8,"margin_change_pts":-7.1},{"period":"2024-08","revenue":138920.546875,"cost":71027.5,"margin":48.9,"units":4204,"transactions":2278,"profit":67893.0517578125,"revenue_change_pct":-10.9,"units_change_pct":-26.3,"margin_change_pts":6.2},{"period":"2024-09","revenue":145584.27734375,"cost":76397.5,"margin":47.5,"units":4650,"transactions":2582,"profit":69186.77734375,"revenue_change_pct":4.8,"units_change_pct":10.6,"margin_change_pts":-1.3},{"period":"2024-10","revenue":151638.75,"cost":76155.0,"margin":49.8,"units":4960,"transactions":2860,"profit":75483.75,"revenue_change_pct":4.2,"units_change_pct":6.7,"margin_change_pts":2.3},{"period":"2024-11","revenue":139942.822265625,"cost":86732.5,"margin":38.0,"units":5774,"transactions":2892,"profit":53210.3271484375,"revenue_change_pct":-7.7,"units_change_pct":16.4,"margin_change_pts":-11.8},{"period":"2024-12","revenue":199735.60546875,"cost":102120.0,"margin":48.9,"units":6904,"transactions":3894,"profit":97615.595703125,"revenue_change_pct":42.7,"units_change_pct":19.6,"margin_change_pts":10.8},{"period":"2025-01","revenue":234653.69140625,"cost":124832.5,"margin":46.8,"units":8342,"transactions":4464,"profit":109821.201171875,"revenue_change_pct":17.5,"units_change_pct":20.8,"margin_change_pts":-2.1},{"period":"2025-02","revenue":217172.96875,"cost":117417.5,"margin":45.9,"units":8070,"transactions":4260,"profit":99755.478515625,"revenue_change_pct":-7.4,"units_change_pct":-3.3,"margin_change_pts":-0.9},{"period":"2025-03","revenue":234198.5546875,"cost":136320.0,"margin":41.8,"units":9406,"transactions":4512,"profit":97878.544921875,"revenue_change_pct":7.8,"units_change_pct":16.6,"margin_change_pts":-4.1},{"period":"2025-04","revenue":238471.54296875,"cost":173882.5,"margin":27.1,"units":12162,"transactions":5288,"profit":64589.0478515625,"revenue_change_pct":1.8,"units_change_pct":29.3,"margin_change_pts":-14.7},{"period":"2025-05","revenue":230336.09375,"cost":131040.0,"margin":43.1,"units":9356,"transactions":4334,"profit":99296.103515625,"revenue_change_pct":-3.4,"units_change_pct":-23.1,"margin_change_pts":16.0},{"period":"2025-06","revenue":235666.15234375,"cost":136745.0,"margin":42.0,"units":10226,"transactions":4626,"profit":98921.15234375,"revenue_change_pct":2.3,"units_change_pct":9.3,"margin_change_pts":-1.1},{"period":"2025-07","revenue":227252.03125,"cost":133522.5,"margin":41.2,"units":9372,"transactions":4098,"profit":93729.521484375,"revenue_change_pct":-3.6,"units_change_pct":-8.4,"margin_change_pts":-0.7},{"period":"2025-08","revenue":201731.640625,"cost":117672.5,"margin":41.7,"units":8452,"transactions":3654,"profit":84059.150390625,"revenue_change_pct":-11.2,"units_change_pct":-9.8,"margin_change_pts":0.4},{"period":"2025-09","revenue":199137.55859375,"cost":117897.5,"margin":40.8,"units":8462,"transactions":3706,"profit":81240.048828125,"revenue_change_pct":-1.3,"units_change_pct":0.1,"margin_change_pts":-0.9},{"period":"2025-10","revenue":213049.765625,"cost":126065.0,"margin":40.8,"units":8926,"transactions":3832,"profit":86984.775390625,"revenue_change_pct":7.0,"units_change_pct":5.5,"margin_change_pts":0.0},{"period":"2025-11","revenue":199960.52734375,"cost":135362.5,"margin":32.3,"units":9640,"transactions":4044,"profit":64598.02734375,"revenue_change_pct":-6.1,"units_change_pct":8.0,"margin_change_pts":-8.5},{"period":"2025-12","revenue":187798.30078125,"cost":109627.5,"margin":41.6,"units":7672,"transactions":3346,"profit":78170.80078125,"revenue_change_pct":-6.1,"units_change_pct":-20.4,"margin_change_pts":9.3},{"period":"2026-01","revenue":208542.51953125,"cost":122577.5,"margin":41.2,"units":8470,"transactions":3600,"profit":85965.029296875,"revenue_change_pct":11.0,"units_change_pct":10.4,"margin_change_pts":-0.4}],"share_of_category":[{"category":"CONCENTRATE","brand_revenue":4503951.875,"category_revenue":7866357.5,"revenue_share_pct":57.29999923706055,"brand_units":181306,"category_units":316632,"units_share_pct":57.3},{"category":0.0,"brand_revenue":0.0,"category_revenue":0.0,"revenue_share_pct":0.0,"brand_units":0,"category_units":0,"units_share_pct":0.0}],"share_of_category_trend":{"CONCENTRATE":[{"period":"2024-01","brand_revenue":99777.6953125,"category_revenue":351129.609375,"share_pct":28.399999618530273},{"period":"2024-02","brand_revenue":103360.72265625,"category_revenue":371224.4921875,"share_pct":27.799999237060547},{"period":"2024-03","brand_revenue":115932.802734375,"category_revenue":375964.296875,"share_pct":30.799999237060547},{"period":"2024-04","brand_revenue":155839.521484375,"category_revenue":352745.859375,"share_pct":44.20000076293945},{"period":"2024-05","brand_revenue":137053.525390625,"category_revenue":346027.5,"share_pct":39.599998474121094},{"period":"2024-06","brand_revenue":134660.703125,"category_revenue":310723.3984375,"share_pct":43.29999923706055},{"period":"2024-07","brand_revenue":155831.953125,"category_revenue":336220.078125,"share_pct":46.29999923706055},{"period":"2024-08","brand_revenue":138920.546875,"category_revenue":324004.04296875,"share_pct":42.900001525878906},{"period":"2024-09","brand_revenue":145584.27734375,"category_revenue":326834.1796875,"share_pct":44.5},{"period":"2024-10","brand_revenue":151638.75,"category_revenue":324500.859375,"share_pct":46.70000076293945},{"period":"2024-11","brand_revenue":139942.822265625,"category_revenue":351240.0390625,"share_pct":39.79999923706055},{"period":"2024-12","brand_revenue":199735.60546875,"category_revenue":324145.4296875,"share_pct":61.599998474121094},{"period":"2025-01","brand_revenue":234653.69140625,"category_revenue":325749.19921875,"share_pct":72.0},{"period":"2025-02","brand_revenue":217172.96875,"category_revenue":300499.0234375,"share_pct":72.30000305175781},{"period":"2025-03","brand_revenue":231900.15625,"category_revenue":298171.5234375,"share_pct":77.80000305175781},{"period":"2025-04","brand_revenue":238471.54296875,"category_revenue":343355.625,"share_pct":69.5},{"period":"2025-05","brand_revenue":230336.09375,"category_revenue":288836.62109375,"share_pct":79.69999694824219},{"period":"2025-06","brand_revenue":235666.15234375,"category_revenue":280928.33984375,"share_pct":83.9000015258789},{"period":"2025-07","brand_revenue":227252.03125,"category_revenue":283604.1796875,"share_pct":80.0999984741211},{"period":"2025-08","brand_revenue":201731.640625,"category_revenue":274773.76953125,"share_pct":73.4000015258789},{"period":"2025-09","brand_revenue":199137.55859375,"category_revenue":264599.19921875,"share_pct":75.30000305175781},{"period":"2025-10","brand_revenue":213049.765625,"category_revenue":277515.46875,"share_pct":76.80000305175781},{"period":"2025-11","brand_revenue":199960.52734375,"category_revenue":295773.3203125,"share_pct":67.5999984741211},{"period":"2025-12","brand_revenue":187798.30078125,"category_revenue":267042.05078125,"share_pct":70.30000305175781},{"period":"2026-01","brand_revenue":208542.51953125,"category_revenue":270749.70703125,"share_pct":77.0}]},"discount_depth":[{"tier":"0% (Full Price)","transactions":29266,"pct_of_transactions":18.6,"revenue":1007550.0,"avg_discount":0.0},{"tier":"1-10%","transactions":3284,"pct_of_transactions":2.1,"revenue":114256.40625,"avg_discount":18.399999618530273},{"tier":"11-20%","transactions":12906,"pct_of_transactions":8.2,"revenue":506943.9453125,"avg_discount":31.600000381469727},{"tier":"21-30%","transactions":2834,"pct_of_transactions":1.8,"revenue":90855.80078125,"avg_discount":51.20000076293945},{"tier":"31%+","transactions":72124,"pct_of_transactions":45.9,"revenue":1832478.75,"avg_discount":78.4000015258789}],"velocity":{"units_per_day":238.2,"revenue_per_day":5918.125,"avg_units_per_txn":4.04,"days_of_data":762,"total_units":181514,"total_transactions":89774},"velocity_by_category":[{"category":"CONCENTRATE","brand_units_per_day":237.94,"category_avg_units_per_day":15.38,"velocity_index":1546.0,"brand_rev_per_unit":19.87,"category_rev_per_unit":19.88,"brands_in_category":27},{"category":0.0,"brand_units_per_day":0.0,"category_avg_units_per_day":0,"velocity_index":0,"brand_rev_per_unit":0.0,"category_rev_per_unit":0.0,"brands_in_category":0}],"deals":[{"deal_name":"Industry - 30% Off","times_used":15482,"units":22138.0,"revenue":521751.6625213623,"discounts":223748.33750724792,"cost":305692.5,"profit":216059.16249215603,"pre_discount_revenue":745500.0,"margin":41.4,"avg_discount":60.0},{"deal_name":"Lit4Less - G+G Extracts Cured 3g for $50","times_used":7442,"units":24647.333333333332,"revenue":513877.8160518905,"discounts":256351.35326703388,"cost":308091.6666666667,"profit":205786.14675930393,"pre_discount_revenue":770229.1666666667,"margin":40.0,"avg_discount":66.6},{"deal_name":"Industry 30% Off","times_used":4774,"units":7515.333333333333,"revenue":171390.46248753864,"discounts":74722.02916224797,"cost":100524.16666666666,"profit":70866.29583189885,"pre_discount_revenue":246112.49167124432,"margin":41.3,"avg_discount":60.8},{"deal_name":"Stock & Save - G+G Extracts Cured 3g for $50","times_used":4030,"units":13497.0,"revenue":281845.64783096313,"discounts":143448.10245215893,"cost":170412.5,"profit":111433.14759299159,"pre_discount_revenue":425293.75,"margin":39.5,"avg_discount":67.4},{"deal_name":"Lit4Less - G+G Extracts Live Resin 3g for $70","times_used":3352,"units":10744.0,"revenue":312617.66063451767,"discounts":153594.83761388808,"cost":201262.5,"profit":111355.16157840844,"pre_discount_revenue":466212.5,"margin":35.6,"avg_discount":65.8},{"deal_name":"Stock & Save - G+G Extracts Live Resin 3g for $90","times_used":2204,"units":6983.0,"revenue":262056.27501487732,"discounts":43449.97500181198,"cost":130931.25,"profit":131125.02499818802,"pre_discount_revenue":305506.25,"margin":50.0,"avg_discount":28.4},{"deal_name":"Stock & Save - G+G Extracts Live Resin 3g for $70","times_used":1922,"units":6116.0,"revenue":178892.08664894104,"discounts":84557.91257917881,"cost":113055.0,"profit":65837.08700835705,"pre_discount_revenue":263450.0,"margin":36.8,"avg_discount":64.2},{"deal_name":"30% Off Special","times_used":1886,"units":2154.0,"revenue":56809.78750228882,"discounts":24590.212500095367,"cost":34773.75,"profit":22036.037499904633,"pre_discount_revenue":81400.0,"margin":38.8,"avg_discount":60.4},{"deal_name":"420 2025 - 60% Off","times_used":1866,"units":4726.0,"revenue":64664.77499961853,"discounts":97335.22499322891,"cost":66902.5,"profit":-2237.7250012755394,"pre_discount_revenue":162000.0,"margin":-3.5,"avg_discount":120.2},{"deal_name":"Jackpot - Locals 30% Off","times_used":1436,"units":2443.0,"revenue":58862.649993896484,"discounts":25081.099996566772,"cost":34672.5,"profit":24190.150003433228,"pre_discount_revenue":83943.75,"margin":41.1,"avg_discount":59.8},{"deal_name":"G+G Extracts 3g for $60","times_used":1410,"units":4412.0,"revenue":110447.05000400543,"discounts":62852.95000076294,"cost":73105.0,"profit":37342.05000042915,"pre_discount_revenue":173300.0,"margin":33.8,"avg_discount":72.6},{"deal_name":"Stock & Save - G+G Extracts Cured 3g for $65","times_used":1064,"units":3456.0,"revenue":94180.92618942261,"discounts":20194.07508790493,"cost":46175.0,"profit":48005.92439174652,"pre_discount_revenue":114375.0,"margin":51.0,"avg_discount":35.4},{"deal_name":"60% Off Internal - G2B","times_used":994,"units":2703.0,"revenue":37109.112499952316,"discounts":55772.13750600815,"cost":38003.75,"profit":-894.6374994516373,"pre_discount_revenue":92881.25,"margin":-2.4,"avg_discount":120.0},{"deal_name":"G+G Extracts 3g for $50","times_used":988,"units":3300.0,"revenue":68822.04949855804,"discounts":47152.950397729874,"cost":48120.0,"profit":20702.049778178334,"pre_discount_revenue":115975.0,"margin":30.1,"avg_discount":81.4},{"deal_name":"4/20! 60% Off!!!","times_used":886,"units":2394.0,"revenue":31355.0,"discounts":47032.5,"cost":32375.0,"profit":-1020.0,"pre_discount_revenue":78387.5,"margin":-3.3,"avg_discount":120.0},{"deal_name":"Senior - 10% Off","times_used":846,"units":1141.0,"revenue":33065.80001831055,"discounts":3890.4500031471252,"cost":15262.5,"profit":17803.299996852875,"pre_discount_revenue":36956.25,"margin":53.8,"avg_discount":21.0},{"deal_name":"G+G Extracts 3g for $55","times_used":842,"units":2801.0,"revenue":64081.21240258217,"discounts":49562.53761410713,"cost":48125.0,"profit":15956.212234944105,"pre_discount_revenue":113643.75,"margin":24.9,"avg_discount":87.2},{"deal_name":"Veterans - 10% Off","times_used":796,"units":1020.0,"revenue":30099.33750629425,"discounts":3438.162500858307,"cost":13813.75,"profit":16285.587499141693,"pre_discount_revenue":33537.5,"margin":54.1,"avg_discount":20.6},{"deal_name":"Spark the Summer Sale","times_used":782,"units":1782.0,"revenue":34941.25,"discounts":23283.75,"cost":23815.0,"profit":11126.25,"pre_discount_revenue":58225.0,"margin":31.8,"avg_discount":80.0},{"deal_name":"Employee 30% - NOT FRIDAYS","times_used":774,"units":948.0,"revenue":23231.049995422363,"discounts":10018.949999809265,"cost":13678.75,"profit":9552.300000190735,"pre_discount_revenue":33250.0,"margin":41.1,"avg_discount":60.2},{"deal_name":"GW - 60% OFF Elevation House Flower","times_used":772,"units":1918.0,"revenue":26800.625,"discounts":40186.875,"cost":27760.0,"profit":-959.375,"pre_discount_revenue":66987.5,"margin":-3.6,"avg_discount":120.0},{"deal_name":"Employee - 40% OFF","times_used":476,"units":776.0,"revenue":15615.0,"discounts":10472.5,"cost":10657.5,"profit":4957.5,"pre_discount_revenue":26087.5,"margin":31.7,"avg_discount":80.2},{"deal_name":"Senior / Veterans - 20% Off","times_used":468,"units":740.0,"revenue":20871.25,"discounts":5278.75,"cost":10837.5,"profit":10033.75,"pre_discount_revenue":26150.0,"margin":48.1,"avg_discount":40.4},{"deal_name":"Internal Last Chance - 40% Off","times_used":400,"units":942.0,"revenue":19252.5,"discounts":12910.0,"cost":13142.5,"profit":6110.0,"pre_discount_revenue":32162.5,"margin":31.7,"avg_discount":80.2},{"deal_name":"50% Off Elevation House Brands","times_used":358,"units":844.0,"revenue":14050.0,"discounts":14050.0,"cost":11610.0,"profit":2440.0,"pre_discount_revenue":28100.0,"margin":17.4,"avg_discount":100.0},{"deal_name":"Internal Vapes - 25% Off","times_used":326,"units":453.0,"revenue":11817.712497711182,"discounts":3963.5374999046326,"cost":6485.0,"profit":5332.712500095367,"pre_discount_revenue":15781.25,"margin":45.1,"avg_discount":50.2},{"deal_name":"G+G Extracts 3g for $70","times_used":310,"units":1008.0,"revenue":29461.44986152649,"discounts":12763.550013005733,"cost":17887.5,"profit":11573.949904441833,"pre_discount_revenue":42225.0,"margin":39.3,"avg_discount":60.4},{"deal_name":"G+G Extracts Live Resin 3g for $90","times_used":220,"units":716.0,"revenue":26859.612498283386,"discounts":4465.387501716614,"cost":13425.0,"profit":13434.612498283386,"pre_discount_revenue":31325.0,"margin":50.0,"avg_discount":28.6},{"deal_name":"40% Off Elevation House Brands","times_used":214,"units":446.0,"revenue":8212.5,"discounts":5475.0,"cost":5535.0,"profit":2677.5,"pre_discount_revenue":13687.5,"margin":32.6,"avg_discount":80.0},{"deal_name":"LVAC - 25% Off","times_used":196,"units":276.0,"revenue":7068.75,"discounts":2381.25,"cost":3892.5,"profit":3176.25,"pre_discount_revenue":9450.0,"margin":44.9,"avg_discount":50.4},{"deal_name":"G+G Extracts 2g for $40","times_used":184,"units":444.0,"revenue":11180.625,"discounts":7744.375,"cost":8075.0,"profit":3105.625,"pre_discount_revenue":18925.0,"margin":27.8,"avg_discount":81.8},{"deal_name":"40% Off Special","times_used":178,"units":244.0,"revenue":6069.649999141693,"discounts":4067.850000858307,"cost":4306.25,"profit":1763.4000000357628,"pre_discount_revenue":10137.5,"margin":29.1,"avg_discount":80.2},{"deal_name":"G+G Extracts Cured 3g for $65","times_used":170,"units":516.0,"revenue":14002.550258636475,"discounts":2647.450014948845,"cost":6712.5,"profit":7290.0499057769775,"pre_discount_revenue":16650.0,"margin":52.1,"avg_discount":31.8},{"deal_name":"G+G Extracts 3g for $65","times_used":130,"units":432.0,"revenue":12580.724925994873,"discounts":5694.27500128746,"cost":7725.0,"profit":4855.724959373474,"pre_discount_revenue":18275.0,"margin":38.6,"avg_discount":62.4},{"deal_name":"G+G Extracts Cured 3g for $45","times_used":124,"units":374.0,"revenue":7137.5,"discounts":4550.0,"cost":4675.0,"profit":2462.5,"pre_discount_revenue":11687.5,"margin":34.5,"avg_discount":77.8},{"deal_name":"Internal - 25% Off","times_used":116,"units":137.0,"revenue":3521.875,"discounts":1184.375,"cost":1927.5,"profit":1594.375,"pre_discount_revenue":4706.25,"margin":45.3,"avg_discount":50.4},{"deal_name":"40% Off Internal Brands","times_used":80,"units":202.0,"revenue":3892.5,"discounts":2595.0,"cost":2642.5,"profit":1250.0,"pre_discount_revenue":6487.5,"margin":32.1,"avg_discount":80.0},{"deal_name":"Store Credit - $15","times_used":76,"units":88.0,"revenue":1614.2500019073486,"discounts":1485.7499992847443,"cost":1277.5,"profit":336.7499991506338,"pre_discount_revenue":3100.0,"margin":20.9,"avg_discount":95.8},{"deal_name":"Store Credit - $25","times_used":48,"units":63.333333333333336,"revenue":1165.0125118096669,"discounts":1239.1541679700215,"cost":1004.1666666666667,"profit":160.84582794612896,"pre_discount_revenue":2404.1666666666665,"margin":13.8,"avg_discount":103.0},{"deal_name":"Medical - 10%","times_used":16,"units":16.0,"revenue":472.5,"discounts":52.5,"cost":212.5,"profit":260.0,"pre_discount_revenue":525.0,"margin":55.0,"avg_discount":20.0},{"deal_name":"Internal Brands - 25% Off","times_used":14,"units":18.0,"revenue":440.625,"discounts":146.875,"cost":237.5,"profit":203.125,"pre_discount_revenue":587.5,"margin":46.1,"avg_discount":50.0},{"deal_name":"35% Off Special","times_used":14,"units":30.0,"revenue":609.375,"discounts":328.125,"cost":375.0,"profit":234.375,"pre_discount_revenue":937.5,"margin":38.5,"avg_discount":70.0},{"deal_name":"Store Credit - $50","times_used":10,"units":16.0,"revenue":176.97499990463257,"discounts":373.02500009536743,"cost":225.0,"profit":-48.02499979734421,"pre_discount_revenue":550.0,"margin":-27.1,"avg_discount":135.6},{"deal_name":"Sammy Davis Early Bird - 15% Off","times_used":6,"units":6.0,"revenue":180.625,"discounts":31.875,"cost":87.5,"profit":93.125,"pre_discount_revenue":212.5,"margin":51.6,"avg_discount":30.0},{"deal_name":"Reno - Early Bird - Senior / Veterans - 20%","times_used":6,"units":6.0,"revenue":90.0,"discounts":22.5,"cost":45.0,"profit":45.0,"pre_discount_revenue":112.5,"margin":50.0,"avg_discount":40.0},{"deal_name":"30% Off Special!","times_used":6,"units":8.0,"revenue":210.0,"discounts":90.0,"cost":150.0,"profit":60.0,"pre_discount_revenue":300.0,"margin":28.6,"avg_discount":60.0},{"deal_name":"Store Credit - $75","times_used":6,"units":10.0,"revenue":93.97500112652779,"discounts":293.52500200271606,"cost":162.5,"profit":-68.52500021457672,"pre_discount_revenue":387.5,"margin":-72.9,"avg_discount":151.4},{"deal_name":"Main St Happy Hour - 25% Off","times_used":4,"units":4.0,"revenue":75.0,"discounts":25.0,"cost":40.0,"profit":35.0,"pre_discount_revenue":100.0,"margin":46.7,"avg_discount":50.0},{"deal_name":"FAde / Retreat/ G+G / Pistola - 30% Off","times_used":4,"units":6.0,"revenue":131.25,"discounts":56.25,"cost":75.0,"profit":56.25,"pre_discount_revenue":187.5,"margin":42.9,"avg_discount":60.0},{"deal_name":"Senior Sunday - RENO ONLY - 20% Off","times_used":2,"units":2.0,"revenue":50.0,"discounts":12.5,"cost":25.0,"profit":25.0,"pre_discount_revenue":62.5,"margin":50.0,"avg_discount":40.0}],"top_products":[{"product":"BLUE ALIEN LIVE RESIN BADDER - G&G EXTRACTS","units":5994,"revenue":177375.44921875,"cost":112387.5,"profit":64987.94921875,"transactions":5290,"margin":36.599998474121094},{"product":"CHEMICAL COMPOUND SUGAR - G&G EXTRACTS","units":7072,"revenue":171708.3203125,"cost":88400.0,"profit":83308.3203125,"transactions":5888,"margin":48.5},{"product":"CHEMICAL COMPOUND LIVE RESIN SUGAR - G&G EXTRACTS","units":4690,"revenue":141508.271484375,"cost":87937.5,"profit":53570.7763671875,"transactions":4084,"margin":37.900001525878906},{"product":"PURE KUSH SUGAR - G&G EXTRACTS","units":5062,"revenue":121418.623046875,"cost":63275.0,"profit":58143.623046875,"transactions":4112,"margin":47.900001525878906},{"product":"BLUE ALIEN LIVE RESIN SUGAR - G&G EXTRACTS","units":3544,"revenue":116737.900390625,"cost":66450.0,"profit":50287.900390625,"transactions":3172,"margin":43.099998474121094},{"product":"BLOOD DRIVE LIVE RESIN SUGAR - G&G EXTRACTS","units":3488,"revenue":115722.40234375,"cost":65400.0,"profit":50322.40234375,"transactions":3034,"margin":43.5},{"product":"SOUR BANANA SHERBERT LIVE RESIN BADDER - G&G EXTRACTS","units":3690,"revenue":115442.353515625,"cost":69187.5,"profit":46254.8486328125,"transactions":3246,"margin":40.099998474121094},{"product":"ANIMAL MINTS LIVE RESIN SUGAR - G&G EXTRACTS","units":3544,"revenue":114309.1796875,"cost":67950.0,"profit":46359.1748046875,"transactions":3154,"margin":40.599998474121094},{"product":"ANIMAL MINTS SUGAR - G&G EXTRACTS","units":5250,"revenue":108767.87109375,"cost":55215.0,"profit":53552.8759765625,"transactions":4290,"margin":49.20000076293945},{"product":"SOUR BANANA SHERBERT SUGAR - G&G EXTRACTS","units":4436,"revenue":107685.947265625,"cost":55450.0,"profit":52235.9521484375,"transactions":3784,"margin":48.5},{"product":"LILAC COOKIES BADDER - G&G EXTRACTS","units":4430,"revenue":92949.0234375,"cost":55375.0,"profit":37574.02587890625,"transactions":3896,"margin":40.400001525878906},{"product":"RAINBOW RUNTZ BADDER - G&G EXTRACTS","units":4080,"revenue":89116.875,"cost":51000.0,"profit":38116.875,"transactions":3600,"margin":42.79999923706055},{"product":"CHERRY MIMOSA SUGAR - G&G EXTRACTS","units":4862,"revenue":84335.478515625,"cost":44975.0,"profit":39360.47607421875,"transactions":4228,"margin":46.70000076293945},{"product":"BLUE DREAM X GRAND DADS OG LIVE RESIN SUGAR - G&G EXTRACTS","units":2184,"revenue":74889.6240234375,"cost":40950.0,"profit":33939.6240234375,"transactions":1896,"margin":45.29999923706055},{"product":"BLUE DREAM LIVE RESIN BADDER - G&G EXTRACTS","units":2476,"revenue":72830.0732421875,"cost":46425.0,"profit":26405.07568359375,"transactions":2140,"margin":36.29999923706055},{"product":"SUPER LEMON HAZE BADDER - G&G EXTRACTS","units":3380,"revenue":72006.34765625,"cost":42250.0,"profit":29756.35009765625,"transactions":2832,"margin":41.29999923706055},{"product":"TANGIE KUSH SUGAR - G&G EXTRACTS","units":2952,"revenue":71841.3232421875,"cost":36900.0,"profit":34941.32568359375,"transactions":2608,"margin":48.599998474121094},{"product":"ZRUNTZ BADDER - G&G EXTRACTS","units":2794,"revenue":68033.5498046875,"cost":34925.0,"profit":33108.5498046875,"transactions":2426,"margin":48.70000076293945},{"product":"PURE KUSH LIVE RESIN BADDER - G&G EXTRACTS","units":2288,"revenue":63147.451171875,"cost":42900.0,"profit":20247.449951171875,"transactions":1856,"margin":32.099998474121094},{"product":"CHEMICAL COMPOUND X SOUR BANANA SHERBERT LIVE RESIN CRUMBLE - G&G EXTRACTS","units":1876,"revenue":62718.22265625,"cost":35175.0,"profit":27543.22509765625,"transactions":1646,"margin":43.900001525878906},{"product":"BLUE DREAM LIVE RESIN SUGAR - G&G EXTRACTS","units":1890,"revenue":62292.2509765625,"cost":35437.5,"profit":26854.7509765625,"transactions":1666,"margin":43.099998474121094},{"product":"BLUE DREAM LIVE RESIN BUDDER - G&G EXTRACTS","units":1898,"revenue":61907.59765625,"cost":35587.5,"profit":26320.10009765625,"transactions":1672,"margin":42.5},{"product":"SOUR BANANA SHERBERT X BLUE DREAM BADDER - G&G EXTRACTS","units":3266,"revenue":60914.5751953125,"cost":30985.0,"profit":29929.5751953125,"transactions":2860,"margin":49.099998474121094},{"product":"PURE KUSH LIVE RESIN SUGAR - G&G EXTRACTS","units":1750,"revenue":59463.9501953125,"cost":32812.5,"profit":26651.4501953125,"transactions":1340,"margin":44.79999923706055},{"product":"RESERVE OG SUGAR - G&G EXTRACTS","units":2732,"revenue":59203.3740234375,"cost":34150.0,"profit":25053.3740234375,"transactions":2442,"margin":42.29999923706055}],"products_by_store":{"Elevation Springs":[{"product":"CHEMICAL COMPOUND SUGAR - G&G EXTRACTS","units":1400,"revenue":33785.17578125,"cost":17500.0,"profit":16285.174560546875,"transactions":1292,"margin":48.20000076293945},{"product":"SOUR BANANA SHERBERT LIVE RESIN BADDER - G&G EXTRACTS","units":782,"revenue":24003.62548828125,"cost":14662.5,"profit":9341.124877929688,"transactions":672,"margin":38.900001525878906},{"product":"BLUE ALIEN LIVE RESIN SUGAR - G&G EXTRACTS","units":752,"revenue":23889.02587890625,"cost":14100.0,"profit":9789.025268554688,"transactions":720,"margin":41.0},{"product":"ANIMAL MINTS LIVE RESIN SUGAR - G&G EXTRACTS","units":742,"revenue":23585.673828125,"cost":13912.5,"profit":9673.175048828125,"transactions":682,"margin":41.0},{"product":"BLUE ALIEN LIVE RESIN BADDER - G&G EXTRACTS","units":820,"revenue":23585.625,"cost":15375.0,"profit":8210.625,"transactions":750,"margin":34.79999923706055},{"product":"ANIMAL MINTS SUGAR - G&G EXTRACTS","units":1164,"revenue":23214.25048828125,"cost":12220.0,"profit":10994.25048828125,"transactions":970,"margin":47.400001525878906},{"product":"PURE KUSH SUGAR - G&G EXTRACTS","units":952,"revenue":22508.9990234375,"cost":11900.0,"profit":10609.000244140625,"transactions":782,"margin":47.099998474121094},{"product":"CHEMICAL COMPOUND LIVE RESIN SUGAR - G&G EXTRACTS","units":768,"revenue":22283.9501953125,"cost":14400.0,"profit":7883.9501953125,"transactions":706,"margin":35.400001525878906},{"product":"RAINBOW RUNTZ BADDER - G&G EXTRACTS","units":908,"revenue":19975.050048828125,"cost":11350.0,"profit":8625.050048828125,"transactions":814,"margin":43.20000076293945},{"product":"SOUR BANANA SHERBERT SUGAR - G&G EXTRACTS","units":866,"revenue":19957.325439453125,"cost":10825.0,"profit":9132.324829101562,"transactions":756,"margin":45.79999923706055},{"product":"BLOOD DRIVE LIVE RESIN SUGAR - G&G EXTRACTS","units":604,"revenue":19323.00048828125,"cost":11325.0,"profit":7997.9998779296875,"transactions":536,"margin":41.400001525878906},{"product":"LILAC COOKIES BADDER - G&G EXTRACTS","units":836,"revenue":18047.774658203125,"cost":10450.0,"profit":7597.7752685546875,"transactions":774,"margin":42.099998474121094},{"product":"CHERRY MIMOSA SUGAR - G&G EXTRACTS","units":1006,"revenue":17477.049560546875,"cost":8955.0,"profit":8522.050170898438,"transactions":908,"margin":48.79999923706055},{"product":"PURE KUSH LIVE RESIN SUGAR - G&G EXTRACTS","units":518,"revenue":16956.875,"cost":9712.5,"profit":7244.375,"transactions":390,"margin":42.70000076293945},{"product":"PURE KUSH LIVE RESIN BADDER - G&G EXTRACTS","units":532,"revenue":14780.374755859375,"cost":9975.0,"profit":4805.375061035156,"transactions":378,"margin":32.5}],"Elevation Mesa":[{"product":"CHEMICAL COMPOUND SUGAR - G&G EXTRACTS","units":1452,"revenue":34958.701171875,"cost":18150.0,"profit":16808.699951171875,"transactions":1282,"margin":48.099998474121094},{"product":"BLUE ALIEN LIVE RESIN BADDER - G&G EXTRACTS","units":1000,"revenue":29128.02490234375,"cost":18750.0,"profit":10378.02490234375,"transactions":916,"margin":35.599998474121094},{"product":"CHEMICAL COMPOUND LIVE RESIN SUGAR - G&G EXTRACTS","units":772,"revenue":22563.9990234375,"cost":14475.0,"profit":8089.000244140625,"transactions":672,"margin":35.79999923706055},{"product":"PURE KUSH SUGAR - G&G EXTRACTS","units":924,"revenue":22451.52587890625,"cost":11550.0,"profit":10901.524658203125,"transactions":790,"margin":48.599998474121094},{"product":"ANIMAL MINTS SUGAR - G&G EXTRACTS","units":940,"revenue":20568.04931640625,"cost":10290.0,"profit":10278.050537109375,"transactions":828,"margin":50.0},{"product":"RAINBOW RUNTZ BADDER - G&G EXTRACTS","units":786,"revenue":17529.3505859375,"cost":9825.0,"profit":7704.3499755859375,"transactions":714,"margin":44.0},{"product":"BLUE ALIEN LIVE RESIN SUGAR - G&G EXTRACTS","units":542,"revenue":17505.050048828125,"cost":10162.5,"profit":7342.550048828125,"transactions":510,"margin":41.900001525878906},{"product":"BLOOD DRIVE LIVE RESIN SUGAR - G&G EXTRACTS","units":556,"revenue":16862.249755859375,"cost":10425.0,"profit":6437.249755859375,"transactions":496,"margin":38.20000076293945},{"product":"SOUR BANANA SHERBERT LIVE RESIN BADDER - G&G EXTRACTS","units":566,"revenue":16822.950439453125,"cost":10612.5,"profit":6210.4498291015625,"transactions":494,"margin":36.900001525878906},{"product":"SOUR BANANA SHERBERT SUGAR - G&G EXTRACTS","units":696,"revenue":16441.025390625,"cost":8700.0,"profit":7741.0247802734375,"transactions":650,"margin":47.099998474121094},{"product":"CHERRY MIMOSA SUGAR - G&G EXTRACTS","units":830,"revenue":14501.57470703125,"cost":7405.0,"profit":7096.57470703125,"transactions":730,"margin":48.900001525878906},{"product":"ANIMAL MINTS LIVE RESIN SUGAR - G&G EXTRACTS","units":460,"revenue":14493.85009765625,"cost":10125.0,"profit":4368.85009765625,"transactions":422,"margin":30.100000381469727},{"product":"ZRUNTZ BADDER - G&G EXTRACTS","units":594,"revenue":14484.749755859375,"cost":7425.0,"profit":7059.749755859375,"transactions":554,"margin":48.70000076293945},{"product":"TANGIE KUSH SUGAR - G&G EXTRACTS","units":584,"revenue":13963.87451171875,"cost":7300.0,"profit":6663.8751220703125,"transactions":546,"margin":47.70000076293945},{"product":"BLUE DREAM X GRAND DADS OG LIVE RESIN SUGAR - G&G EXTRACTS","units":410,"revenue":13484.749755859375,"cost":7687.5,"profit":5797.249755859375,"transactions":344,"margin":43.0}],"Elevation Oasis":[{"product":"BLUE ALIEN LIVE RESIN BADDER - G&G EXTRACTS","units":2654,"revenue":80743.701171875,"cost":49762.5,"profit":30981.19873046875,"transactions":2260,"margin":38.400001525878906},{"product":"CHEMICAL COMPOUND LIVE RESIN SUGAR - G&G EXTRACTS","units":2084,"revenue":64656.34765625,"cost":39075.0,"profit":25581.35009765625,"transactions":1776,"margin":39.599998474121094},{"product":"CHEMICAL COMPOUND SUGAR - G&G EXTRACTS","units":2020,"revenue":51445.0,"cost":25250.0,"profit":26195.0,"transactions":1494,"margin":50.900001525878906},{"product":"BLOOD DRIVE LIVE RESIN SUGAR - G&G EXTRACTS","units":1414,"revenue":51358.525390625,"cost":26512.5,"profit":24846.025390625,"transactions":1186,"margin":48.400001525878906},{"product":"BLUE ALIEN LIVE RESIN SUGAR - G&G EXTRACTS","units":1164,"revenue":41629.5751953125,"cost":21825.0,"profit":19804.5751953125,"transactions":956,"margin":47.599998474121094},{"product":"ANIMAL MINTS LIVE RESIN SUGAR - G&G EXTRACTS","units":1160,"revenue":38342.22412109375,"cost":21750.0,"profit":16592.225341796875,"transactions":1032,"margin":43.29999923706055},{"product":"SOUR BANANA SHERBERT LIVE RESIN BADDER - G&G EXTRACTS","units":1136,"revenue":36555.2490234375,"cost":21300.0,"profit":15255.250244140625,"transactions":1014,"margin":41.70000076293945},{"product":"PURE KUSH SUGAR - G&G EXTRACTS","units":1382,"revenue":34861.25,"cost":17275.0,"profit":17586.25,"transactions":1096,"margin":50.400001525878906},{"product":"SOUR BANANA SHERBERT SUGAR - G&G EXTRACTS","units":1290,"revenue":34469.65087890625,"cost":16125.0,"profit":18344.649658203125,"transactions":996,"margin":53.20000076293945},{"product":"BLOOD DRIVE LIVE RESIN BADDER - G&G EXTRACTS","units":1144,"revenue":33359.55078125,"cost":21450.0,"profit":11909.549560546875,"transactions":976,"margin":35.70000076293945},{"product":"BLUE DREAM LIVE RESIN BADDER - G&G EXTRACTS","units":1112,"revenue":32603.9990234375,"cost":20850.0,"profit":11754.000244140625,"transactions":962,"margin":36.099998474121094},{"product":"LILAC COOKIES BADDER - G&G EXTRACTS","units":1574,"revenue":32323.27392578125,"cost":19675.0,"profit":12648.275146484375,"transactions":1336,"margin":39.099998474121094},{"product":"CHERRY MIMOSA SUGAR - G&G EXTRACTS","units":1676,"revenue":29893.1494140625,"cost":16620.0,"profit":13273.150634765625,"transactions":1428,"margin":44.400001525878906},{"product":"BLUE ALIEN X BLOOD DRIVE LIVE RESIN SUGAR - G&G EXTRACTS","units":928,"revenue":29813.1005859375,"cost":17400.0,"profit":12413.099365234375,"transactions":812,"margin":41.599998474121094},{"product":"RAINBOW RUNTZ BADDER - G&G EXTRACTS","units":1326,"revenue":28492.37548828125,"cost":16575.0,"profit":11917.37548828125,"transactions":1122,"margin":41.79999923706055}],"Elevation Downtown":[{"product":"BLUE ALIEN LIVE RESIN BADDER - G&G EXTRACTS","units":110,"revenue":2849.5748901367188,"cost":2062.5,"profit":787.0749664306641,"transactions":96,"margin":27.600000381469727},{"product":"CITRADELIC SUNSET BADDER - G&G EXTRACTS","units":108,"revenue":2346.9000244140625,"cost":1350.0,"profit":996.9000244140625,"transactions":84,"margin":42.5},{"product":"LILAC COOKIES BADDER - G&G EXTRACTS","units":106,"revenue":2341.3999938964844,"cost":1325.0,"profit":1016.3999938964844,"transactions":98,"margin":43.400001525878906},{"product":"ANIMAL MINTS LIVE RESIN SUGAR - G&G EXTRACTS","units":86,"revenue":2225.8250427246094,"cost":1612.5,"profit":613.3250045776367,"transactions":44,"margin":27.600000381469727},{"product":"SUPER LEMON HAZE BADDER - G&G EXTRACTS","units":92,"revenue":1822.7000427246094,"cost":1150.0,"profit":672.6999664306641,"transactions":78,"margin":36.900001525878906},{"product":"BLUE DREAM X BLOOD DRIVE BADDER - G&G EXTRACTS","units":78,"revenue":1453.9749145507812,"cost":975.0,"profit":478.97499084472656,"transactions":68,"margin":32.900001525878906},{"product":"SOUR BANANA SHERBERT X BLUE DREAM LIVE RESIN BADDER - G&G EXTRACTS","units":46,"revenue":1424.2750549316406,"cost":862.5,"profit":561.7749786376953,"transactions":42,"margin":39.400001525878906},{"product":"ANIMAL MINTS LIVE RESIN BUDDER - G&G EXTRACTS","units":58,"revenue":1401.1749267578125,"cost":1087.5,"profit":313.6750030517578,"transactions":50,"margin":22.399999618530273},{"product":"RAINBOW RUNTZ BADDER - G&G EXTRACTS","units":66,"revenue":1397.8750610351562,"cost":825.0,"profit":572.8749847412109,"transactions":58,"margin":41.0},{"product":"BLUE DREAM LIVE RESIN BADDER - G&G EXTRACTS","units":46,"revenue":1392.4249267578125,"cost":862.5,"profit":529.9250030517578,"transactions":46,"margin":38.099998474121094},{"product":"PEACH RINGS BADDER - G&G EXTRACTS","units":60,"revenue":1361.6250610351562,"cost":750.0,"profit":611.6249847412109,"transactions":60,"margin":44.900001525878906},{"product":"CHEMICAL COMPOUND LIVE RESIN SUGAR - G&G EXTRACTS","units":44,"revenue":1296.9500732421875,"cost":825.0,"profit":471.9499969482422,"transactions":42,"margin":36.400001525878906},{"product":"CHEMICAL COMPOUND SUGAR - G&G EXTRACTS","units":56,"revenue":1124.8750305175781,"cost":700.0,"profit":424.87499237060547,"transactions":52,"margin":37.79999923706055},{"product":"TROPICANA ZKITTLES BADDER - G&G EXTRACTS","units":52,"revenue":1118.6250305175781,"cost":650.0,"profit":468.62499237060547,"transactions":46,"margin":41.900001525878906},{"product":"SOUR BANANA SHERBERT X BLUE DREAM BADDER - G&G EXTRACTS","units":50,"revenue":1088.8500213623047,"cost":545.0,"profit":543.849983215332,"transactions":48,"margin":49.900001525878906}],"Elevation Midtown":[{"product":"CHEMICAL COMPOUND SUGAR - G&G EXTRACTS","units":870,"revenue":21311.59912109375,"cost":10875.0,"profit":10436.600341796875,"transactions":644,"margin":49.0},{"product":"BLUE ALIEN LIVE RESIN BADDER - G&G EXTRACTS","units":672,"revenue":20184.7998046875,"cost":12600.0,"profit":7584.7998046875,"transactions":590,"margin":37.599998474121094},{"product":"ANIMAL MINTS LIVE RESIN SUGAR - G&G EXTRACTS","units":570,"revenue":19262.750244140625,"cost":10687.5,"profit":8575.250244140625,"transactions":484,"margin":44.5},{"product":"ANIMAL MINTS SUGAR - G&G EXTRACTS","units":750,"revenue":15946.474609375,"cost":7825.0,"profit":8121.4752197265625,"transactions":578,"margin":50.900001525878906},{"product":"SOUR BANANA SHERBERT SUGAR - G&G EXTRACTS","units":560,"revenue":14206.175537109375,"cost":7000.0,"profit":7206.1749267578125,"transactions":480,"margin":50.70000076293945},{"product":"CHEMICAL COMPOUND LIVE RESIN SUGAR - G&G EXTRACTS","units":448,"revenue":13922.82470703125,"cost":8400.0,"profit":5522.82470703125,"transactions":394,"margin":39.70000076293945},{"product":"PURE KUSH SUGAR - G&G EXTRACTS","units":534,"revenue":13373.575439453125,"cost":6675.0,"profit":6698.5748291015625,"transactions":494,"margin":50.099998474121094},{"product":"SOUR BANANA SHERBERT LIVE RESIN BADDER - G&G EXTRACTS","units":392,"revenue":13129.49951171875,"cost":7350.0,"profit":5779.5001220703125,"transactions":332,"margin":44.0},{"product":"LILAC COOKIES BADDER - G&G EXTRACTS","units":524,"revenue":11002.550048828125,"cost":6550.0,"profit":4452.550048828125,"transactions":456,"margin":40.5},{"product":"BLUE ALIEN LIVE RESIN SUGAR - G&G EXTRACTS","units":338,"revenue":10924.47509765625,"cost":6337.5,"profit":4586.97509765625,"transactions":312,"margin":42.0},{"product":"BLUE DREAM LIVE RESIN SUGAR - G&G EXTRACTS","units":308,"revenue":10923.525390625,"cost":5775.0,"profit":5148.5247802734375,"transactions":272,"margin":47.099998474121094},{"product":"TANGIE KUSH SUGAR - G&G EXTRACTS","units":412,"revenue":10591.099853515625,"cost":5150.0,"profit":5441.099853515625,"transactions":372,"margin":51.400001525878906},{"product":"GMO MINTS LIVE RESIN SUGAR - G&G EXTRACTS","units":274,"revenue":9633.250122070312,"cost":5137.5,"profit":4495.7501220703125,"transactions":250,"margin":46.70000076293945},{"product":"CHEMICAL COMPOUND X SOUR BANANA SHERBERT LIVE RESIN CRUMBLE - G&G EXTRACTS","units":268,"revenue":9526.074829101562,"cost":5025.0,"profit":4501.075134277344,"transactions":244,"margin":47.29999923706055},{"product":"BLUE DREAM X GRAND DADS OG LIVE RESIN SUGAR - G&G EXTRACTS","units":262,"revenue":9192.19970703125,"cost":4912.5,"profit":4279.700012207031,"transactions":244,"margin":46.599998474121094}],"Elevation Boulevard":[{"product":"CHEMICAL COMPOUND SUGAR - G&G EXTRACTS","units":1054,"revenue":24466.57470703125,"cost":13175.0,"profit":11291.57470703125,"transactions":926,"margin":46.20000076293945},{"product":"PURE KUSH SUGAR - G&G EXTRACTS","units":916,"revenue":21000.4248046875,"cost":11450.0,"profit":9550.4248046875,"transactions":698,"margin":45.5},{"product":"ANIMAL MINTS SUGAR - G&G EXTRACTS","units":932,"revenue":18428.175048828125,"cost":9840.0,"profit":8588.175048828125,"transactions":810,"margin":46.599998474121094},{"product":"BLUE ALIEN LIVE RESIN BADDER - G&G EXTRACTS","units":612,"revenue":17351.400146484375,"cost":11475.0,"profit":5876.400146484375,"transactions":560,"margin":33.900001525878906},{"product":"SOUR BANANA SHERBERT LIVE RESIN BADDER - G&G EXTRACTS","units":560,"revenue":17342.39990234375,"cost":10500.0,"profit":6842.39990234375,"transactions":500,"margin":39.5},{"product":"BLUE ALIEN LIVE RESIN SUGAR - G&G EXTRACTS","units":504,"revenue":15220.250244140625,"cost":9450.0,"profit":5770.250244140625,"transactions":442,"margin":37.900001525878906},{"product":"SOUR BANANA SHERBERT SUGAR - G&G EXTRACTS","units":640,"revenue":14466.37451171875,"cost":8000.0,"profit":6466.3751220703125,"transactions":590,"margin":44.70000076293945},{"product":"LILAC COOKIES BADDER - G&G EXTRACTS","units":696,"revenue":14459.599609375,"cost":8700.0,"profit":5759.6002197265625,"transactions":606,"margin":39.79999923706055},{"product":"BLOOD DRIVE LIVE RESIN SUGAR - G&G EXTRACTS","units":430,"revenue":13164.425048828125,"cost":8062.5,"profit":5101.925048828125,"transactions":374,"margin":38.79999923706055},{"product":"CHEMICAL COMPOUND LIVE RESIN SUGAR - G&G EXTRACTS","units":436,"revenue":12501.724853515625,"cost":8175.0,"profit":4326.724853515625,"transactions":378,"margin":34.599998474121094},{"product":"SUPER LEMON HAZE BADDER - G&G EXTRACTS","units":566,"revenue":11309.775390625,"cost":7075.0,"profit":4234.775085449219,"transactions":468,"margin":37.400001525878906},{"product":"ANIMAL MINTS LIVE RESIN SUGAR - G&G EXTRACTS","units":354,"revenue":11269.349365234375,"cost":6637.5,"profit":4631.8499755859375,"transactions":330,"margin":41.099998474121094},{"product":"CHERRY MIMOSA SUGAR - G&G EXTRACTS","units":650,"revenue":10845.875244140625,"cost":5755.0,"profit":5090.874938964844,"transactions":540,"margin":46.900001525878906},{"product":"RAINBOW RUNTZ BADDER - G&G EXTRACTS","units":486,"revenue":10410.799560546875,"cost":6075.0,"profit":4335.799865722656,"transactions":432,"margin":41.599998474121094},{"product":"TANGIE KUSH SUGAR - G&G EXTRACTS","units":426,"revenue":9232.224731445312,"cost":5325.0,"profit":3907.2250366210938,"transactions":392,"margin":42.29999923706055}],"Elevation Parkway":[{"product":"SOUR BANANA SHERBERT SUGAR - G&G EXTRACTS","units":384,"revenue":8145.3997802734375,"cost":4800.0,"profit":3345.4000854492188,"transactions":312,"margin":41.099998474121094},{"product":"BLUE ALIEN LIVE RESIN SUGAR - G&G EXTRACTS","units":244,"revenue":7569.525146484375,"cost":4575.0,"profit":2994.525146484375,"transactions":232,"margin":39.599998474121094},{"product":"SOUR BANANA SHERBERT LIVE RESIN BADDER - G&G EXTRACTS","units":238,"revenue":7066.57470703125,"cost":4462.5,"profit":2604.0750122070312,"transactions":218,"margin":36.900001525878906},{"product":"PURE KUSH SUGAR - G&G EXTRACTS","units":302,"revenue":6333.44970703125,"cost":3775.0,"profit":2558.4500122070312,"transactions":214,"margin":40.400001525878906},{"product":"BLOOD DRIVE LIVE RESIN SUGAR - G&G EXTRACTS","units":220,"revenue":6200.92529296875,"cost":4125.0,"profit":2075.9249877929688,"transactions":196,"margin":33.5},{"product":"ANIMAL MINTS LIVE RESIN SUGAR - G&G EXTRACTS","units":172,"revenue":5129.5001220703125,"cost":3225.0,"profit":1904.4999694824219,"transactions":160,"margin":37.099998474121094},{"product":"BLUE DREAM LIVE RESIN SUGAR - G&G EXTRACTS","units":170,"revenue":5031.650085449219,"cost":3187.5,"profit":1844.1500854492188,"transactions":136,"margin":36.70000076293945},{"product":"WEDDING STOMPER LIVE RESIN SUGAR - G&G EXTRACTS","units":166,"revenue":5010.625,"cost":3112.5,"profit":1898.125,"transactions":124,"margin":37.900001525878906},{"product":"TANGIE KUSH SUGAR - G&G EXTRACTS","units":236,"revenue":4891.3250732421875,"cost":2950.0,"profit":1941.3250732421875,"transactions":216,"margin":39.70000076293945},{"product":"CHEMICAL COMPOUND SUGAR - G&G EXTRACTS","units":220,"revenue":4616.400146484375,"cost":2750.0,"profit":1866.3999938964844,"transactions":198,"margin":40.400001525878906},{"product":"PURE KUSH LIVE RESIN SUGAR - G&G EXTRACTS","units":142,"revenue":4427.5,"cost":2662.5,"profit":1765.0,"transactions":88,"margin":39.900001525878906},{"product":"CHEMICAL COMPOUND X SOUR BANANA SHERBERT LIVE RESIN CRUMBLE - G&G EXTRACTS","units":144,"revenue":4338.02490234375,"cost":2700.0,"profit":1638.0250549316406,"transactions":114,"margin":37.79999923706055},{"product":"CHEMICAL COMPOUND LIVE RESIN SUGAR - G&G EXTRACTS","units":138,"revenue":4282.4749755859375,"cost":2587.5,"profit":1694.9749755859375,"transactions":116,"margin":39.599998474121094},{"product":"ZRUNTZ BADDER - G&G EXTRACTS","units":180,"revenue":4257.349853515625,"cost":2250.0,"profit":2007.3500061035156,"transactions":158,"margin":47.20000076293945},{"product":"BLUE DREAM X GRAND DADS OG LIVE RESIN SUGAR - G&G EXTRACTS","units":144,"revenue":4246.97509765625,"cost":2700.0,"profit":1546.9749450683594,"transactions":128,"margin":36.400001525878906}]},"store_summary":[{"store_clean":"Elevation Oasis","units":62318,"revenue":1607896.09375,"cost":904727.5,"profit":703168.515625,"discounts":579953.984375,"margin":43.70000076293945,"discount_rate":26.5},{"store_clean":"Elevation Springs","units":35304,"revenue":863608.59375,"cost":498200.0,"profit":365408.59375,"discounts":346399.7265625,"margin":42.29999923706055,"discount_rate":28.600000381469727},{"store_clean":"Elevation Mesa","units":30728,"revenue":751853.046875,"cost":431000.0,"profit":320853.06640625,"discounts":291109.43359375,"margin":42.70000076293945,"discount_rate":27.899999618530273},{"store_clean":"Elevation Boulevard","units":24086,"revenue":559807.734375,"cost":328955.0,"profit":230852.71484375,"discounts":243567.265625,"margin":41.20000076293945,"discount_rate":30.299999237060547},{"store_clean":"Elevation Midtown","units":18782,"revenue":483501.25,"cost":266827.5,"profit":216673.75,"discounts":160223.75,"margin":44.79999923706055,"discount_rate":24.899999618530273},{"store_clean":"Elevation Parkway","units":7948,"revenue":189767.734375,"cost":114630.0,"profit":75137.724609375,"discounts":85807.275390625,"margin":39.599998474121094,"discount_rate":31.100000381469727},{"store_clean":"Elevation Downtown","units":2348,"revenue":53170.8984375,"cost":33630.0,"profit":19540.899658203125,"discounts":28629.09912109375,"margin":36.79999923706055,"discount_rate":35.0}],"recommendations":[{"severity":"red","title":"HIGH PROMOTION DEPENDENCY","detail":"Only 22% sells at full price. Heavy discounting required.","action":"Test reducing deal frequency \u2014 track velocity without promos."},{"severity":"info","title":"VOLUME LEVERAGE","detail":"$1,803,842 revenue provides negotiating leverage.","action":"Use volume as leverage in next vendor meeting."}],"comparison":null}