{"brand":"GARCIA HAND PICKED","date_range":"2024-01-01 00:00:00 to 2026-01-31 00:00:00","period_label":"All Time","summary":{"total_units":4094,"total_revenue":80189.5751953125,"total_cost":17560.2001953125,"total_discounts":12570.4248046875,"total_profit":62629.375,"overall_margin":78.0999984741211,"fp_margin":76.69999694824219,"disc_margin":81.19999694824219,"pct_full_price":68.69999694824219,"avg_discount_rate":13.600000381469727,"fp_revenue":55107.5,"disc_revenue":25082.0751953125,"unique_customers":2314,"brand":"GARCIA HAND PICKED","date_range":"2024-01-01 00:00:00 to 2026-01-31 00:00:00","months_count":22,"avg_monthly_cost":1596.375,"cost_per_unit":8.575000000000001,"primary_category":"INFUSED PRE ROLL","primary_cat_margin":47.29999923706055,"category_rank":17,"category_total":25,"margin_vs_category":30.799999237060547,"velocity_rank":16},"category_breakdown":[{"category_clean":"INFUSED PRE ROLL","units":2292,"revenue":46875.751953125,"cost":7290.8001708984375,"profit":39584.94873046875,"discounts":10086.749877929688,"margin":84.4000015258789,"category_avg_margin":47.29999923706055,"vs_category":37.1,"rank":17.0,"total_brands":25.0},{"category_clean":"PRE ROLL","units":1520,"revenue":24610.07568359375,"cost":1381.9000244140625,"profit":23228.173828125,"discounts":2299.9249267578125,"margin":94.4000015258789,"category_avg_margin":48.29999923706055,"vs_category":46.1,"rank":29.0,"total_brands":46.0},{"category_clean":"APPAREL","units":282,"revenue":8703.75,"cost":8887.5,"profit":-183.75,"discounts":183.75,"margin":-2.0999999046325684,"category_avg_margin":35.099998474121094,"vs_category":-37.2,"rank":2.0,"total_brands":8.0}],"trend":[{"period":"2024-05","revenue":18058.375244140625,"cost":4281.8499755859375,"margin":76.3,"units":772,"transactions":370,"profit":13776.524658203125,"revenue_change_pct":null,"units_change_pct":null,"margin_change_pts":null},{"period":"2024-06","revenue":23206.25,"cost":5802.249755859375,"margin":75.0,"units":952,"transactions":542,"profit":17404.000244140625,"revenue_change_pct":28.5,"units_change_pct":23.3,"margin_change_pts":-1.3},{"period":"2024-07","revenue":9540.0,"cost":3136.5750122070312,"margin":67.1,"units":352,"transactions":226,"profit":6403.4246826171875,"revenue_change_pct":-58.9,"units_change_pct":-63.0,"margin_change_pts":-7.9},{"period":"2024-08","revenue":6108.75,"cost":484.8500061035156,"margin":92.1,"units":244,"transactions":132,"profit":5623.900146484375,"revenue_change_pct":-36.0,"units_change_pct":-30.7,"margin_change_pts":24.9},{"period":"2024-09","revenue":2915.7501220703125,"cost":232.07500457763672,"margin":92.0,"units":170,"transactions":146,"profit":2683.6749267578125,"revenue_change_pct":-52.3,"units_change_pct":-30.3,"margin_change_pts":-0.0},{"period":"2024-10","revenue":5528.44970703125,"cost":503.3500289916992,"margin":90.9,"units":410,"transactions":318,"profit":5025.10009765625,"revenue_change_pct":89.6,"units_change_pct":141.2,"margin_change_pts":-1.1},{"period":"2024-11","revenue":7165.4998779296875,"cost":1282.2500610351562,"margin":82.1,"units":526,"transactions":380,"profit":5883.2501220703125,"revenue_change_pct":29.6,"units_change_pct":28.3,"margin_change_pts":-8.8},{"period":"2024-12","revenue":4038.9999389648438,"cost":929.5000457763672,"margin":77.0,"units":338,"transactions":242,"profit":3109.5001220703125,"revenue_change_pct":-43.6,"units_change_pct":-35.7,"margin_change_pts":-5.1},{"period":"2025-01","revenue":1901.25,"cost":478.5000228881836,"margin":74.8,"units":174,"transactions":120,"profit":1422.7500915527344,"revenue_change_pct":-52.9,"units_change_pct":-48.5,"margin_change_pts":-2.2},{"period":"2025-04","revenue":1291.25,"cost":324.50000762939453,"margin":74.9,"units":118,"transactions":52,"profit":966.7500305175781,"revenue_change_pct":-32.1,"units_change_pct":-32.2,"margin_change_pts":0.0},{"period":"2025-05","revenue":435.0,"cost":104.49999809265137,"margin":76.0,"units":38,"transactions":34,"profit":330.49999237060547,"revenue_change_pct":-66.3,"units_change_pct":-67.8,"margin_change_pts":1.1}],"share_of_category":[{"category":"INFUSED PRE ROLL","brand_revenue":46875.751953125,"category_revenue":10308101.25,"revenue_share_pct":0.5,"brand_units":2292,"category_units":488074,"units_share_pct":0.5},{"category":"PRE ROLL","brand_revenue":24610.07568359375,"category_revenue":14009791.25,"revenue_share_pct":0.20000000298023224,"brand_units":1520,"category_units":1485736,"units_share_pct":0.1},{"category":"APPAREL","brand_revenue":8703.75,"category_revenue":37619.05029296875,"revenue_share_pct":23.100000381469727,"brand_units":282,"category_units":1088,"units_share_pct":25.9}],"share_of_category_trend":{"INFUSED PRE ROLL":[{"period":"2024-01","brand_revenue":0.0,"category_revenue":410907.8515625,"share_pct":0.0},{"period":"2024-02","brand_revenue":0.0,"category_revenue":458711.484375,"share_pct":0.0},{"period":"2024-03","brand_revenue":0.0,"category_revenue":427464.375,"share_pct":0.0},{"period":"2024-04","brand_revenue":0.0,"category_revenue":428699.9609375,"share_pct":0.0},{"period":"2024-05","brand_revenue":8846.500244140625,"category_revenue":501098.3203125,"share_pct":1.7999999523162842},{"period":"2024-06","brand_revenue":9246.25,"category_revenue":477320.78125,"share_pct":1.899999976158142},{"period":"2024-07","brand_revenue":4501.25,"category_revenue":479382.109375,"share_pct":0.8999999761581421},{"period":"2024-08","brand_revenue":5010.0,"category_revenue":474359.1015625,"share_pct":1.100000023841858},{"period":"2024-09","brand_revenue":1689.4999694824219,"category_revenue":424280.1171875,"share_pct":0.4000000059604645},{"period":"2024-10","brand_revenue":3250.2499389648438,"category_revenue":470840.6640625,"share_pct":0.699999988079071},{"period":"2024-11","brand_revenue":6665.4998779296875,"category_revenue":424285.1171875,"share_pct":1.600000023841858},{"period":"2024-12","brand_revenue":4038.9999389648438,"category_revenue":432093.1640625,"share_pct":0.8999999761581421},{"period":"2025-01","brand_revenue":1901.25,"category_revenue":358002.890625,"share_pct":0.5},{"period":"2025-02","brand_revenue":0.0,"category_revenue":325080.17578125,"share_pct":0.0},{"period":"2025-03","brand_revenue":0.0,"category_revenue":347380.078125,"share_pct":0.0},{"period":"2025-04","brand_revenue":1291.25,"category_revenue":401341.40625,"share_pct":0.30000001192092896},{"period":"2025-05","brand_revenue":435.0,"category_revenue":378076.09375,"share_pct":0.10000000149011612},{"period":"2025-06","brand_revenue":0.0,"category_revenue":354019.6484375,"share_pct":0.0},{"period":"2025-07","brand_revenue":0.0,"category_revenue":416008.203125,"share_pct":0.0},{"period":"2025-08","brand_revenue":0.0,"category_revenue":425283.28125,"share_pct":0.0},{"period":"2025-09","brand_revenue":0.0,"category_revenue":378313.75,"share_pct":0.0},{"period":"2025-10","brand_revenue":0.0,"category_revenue":389168.3203125,"share_pct":0.0},{"period":"2025-11","brand_revenue":0.0,"category_revenue":390541.3671875,"share_pct":0.0},{"period":"2025-12","brand_revenue":0.0,"category_revenue":392812.34375,"share_pct":0.0},{"period":"2026-01","brand_revenue":0.0,"category_revenue":342630.7421875,"share_pct":0.0}],"PRE ROLL":[{"period":"2024-01","brand_revenue":0.0,"category_revenue":508338.515625,"share_pct":0.0},{"period":"2024-02","brand_revenue":0.0,"category_revenue":489393.671875,"share_pct":0.0},{"period":"2024-03","brand_revenue":0.0,"category_revenue":520052.3828125,"share_pct":0.0},{"period":"2024-04","brand_revenue":0.0,"category_revenue":491300.6640625,"share_pct":0.0},{"period":"2024-05","brand_revenue":8181.875,"category_revenue":542202.890625,"share_pct":1.5},{"period":"2024-06","brand_revenue":9036.25,"category_revenue":507288.8671875,"share_pct":1.7999999523162842},{"period":"2024-07","brand_revenue":2288.75,"category_revenue":524250.9765625,"share_pct":0.4000000059604645},{"period":"2024-08","brand_revenue":1098.75,"category_revenue":612518.7109375,"share_pct":0.20000000298023224},{"period":"2024-09","brand_revenue":1226.25,"category_revenue":586543.0078125,"share_pct":0.20000000298023224},{"period":"2024-10","brand_revenue":2278.2000732421875,"category_revenue":641449.1796875,"share_pct":0.4000000059604645},{"period":"2024-11","brand_revenue":500.0,"category_revenue":579866.71875,"share_pct":0.10000000149011612},{"period":"2024-12","brand_revenue":0.0,"category_revenue":582999.5703125,"share_pct":0.0},{"period":"2025-01","brand_revenue":0.0,"category_revenue":544095.3125,"share_pct":0.0},{"period":"2025-02","brand_revenue":0.0,"category_revenue":500875.5859375,"share_pct":0.0},{"period":"2025-03","brand_revenue":0.0,"category_revenue":551422.0703125,"share_pct":0.0},{"period":"2025-04","brand_revenue":0.0,"category_revenue":568189.375,"share_pct":0.0},{"period":"2025-05","brand_revenue":0.0,"category_revenue":565516.875,"share_pct":0.0},{"period":"2025-06","brand_revenue":0.0,"category_revenue":560506.71875,"share_pct":0.0},{"period":"2025-07","brand_revenue":0.0,"category_revenue":600916.09375,"share_pct":0.0},{"period":"2025-08","brand_revenue":0.0,"category_revenue":620247.5,"share_pct":0.0},{"period":"2025-09","brand_revenue":0.0,"category_revenue":608971.09375,"share_pct":0.0},{"period":"2025-10","brand_revenue":0.0,"category_revenue":645293.1640625,"share_pct":0.0},{"period":"2025-11","brand_revenue":0.0,"category_revenue":581113.4765625,"share_pct":0.0},{"period":"2025-12","brand_revenue":0.0,"category_revenue":553088.5546875,"share_pct":0.0},{"period":"2026-01","brand_revenue":0.0,"category_revenue":523350.9375,"share_pct":0.0}],"APPAREL":[{"period":"2024-01","brand_revenue":0.0,"category_revenue":300.0,"share_pct":0.0},{"period":"2024-02","brand_revenue":0.0,"category_revenue":837.5,"share_pct":0.0},{"period":"2024-03","brand_revenue":0.0,"category_revenue":1097.4250030517578,"share_pct":0.0},{"period":"2024-04","brand_revenue":0.0,"category_revenue":770.625,"share_pct":0.0},{"period":"2024-05","brand_revenue":1030.0,"category_revenue":4345.0,"share_pct":23.700000762939453},{"period":"2024-06","brand_revenue":4923.75,"category_revenue":5618.75,"share_pct":87.5999984741211},{"period":"2024-07","brand_revenue":2750.0,"category_revenue":3827.5,"share_pct":71.80000305175781},{"period":"2024-08","brand_revenue":0.0,"category_revenue":822.5,"share_pct":0.0},{"period":"2024-09","brand_revenue":0.0,"category_revenue":810.0,"share_pct":0.0},{"period":"2024-10","brand_revenue":0.0,"category_revenue":493.75,"share_pct":0.0},{"period":"2024-11","brand_revenue":0.0,"category_revenue":2087.5,"share_pct":0.0},{"period":"2024-12","brand_revenue":0.0,"category_revenue":928.125,"share_pct":0.0},{"period":"2025-01","brand_revenue":0.0,"category_revenue":702.5,"share_pct":0.0},{"period":"2025-02","brand_revenue":0.0,"category_revenue":268.75,"share_pct":0.0},{"period":"2025-03","brand_revenue":0.0,"category_revenue":382.5,"share_pct":0.0},{"period":"2025-04","brand_revenue":0.0,"category_revenue":421.25,"share_pct":0.0},{"period":"2025-05","brand_revenue":0.0,"category_revenue":879.4999694824219,"share_pct":0.0},{"period":"2025-06","brand_revenue":0.0,"category_revenue":525.0,"share_pct":0.0},{"period":"2025-07","brand_revenue":0.0,"category_revenue":218.75,"share_pct":0.0},{"period":"2025-08","brand_revenue":0.0,"category_revenue":1616.25,"share_pct":0.0},{"period":"2025-09","brand_revenue":0.0,"category_revenue":920.0,"share_pct":0.0},{"period":"2025-10","brand_revenue":0.0,"category_revenue":1917.5,"share_pct":0.0},{"period":"2025-11","brand_revenue":0.0,"category_revenue":3255.3750610351562,"share_pct":0.0},{"period":"2025-12","brand_revenue":0.0,"category_revenue":2027.5,"share_pct":0.0},{"period":"2026-01","brand_revenue":0.0,"category_revenue":2545.500030517578,"share_pct":0.0}]},"discount_depth":[{"tier":"0% (Full Price)","transactions":1722,"pct_of_transactions":52.9,"revenue":55107.5,"avg_discount":0.0},{"tier":"1-10%","transactions":128,"pct_of_transactions":3.9,"revenue":3906.7498779296875,"avg_discount":19.799999237060547},{"tier":"11-20%","transactions":28,"pct_of_transactions":0.9,"revenue":706.9999694824219,"avg_discount":34.599998474121094},{"tier":"21-30%","transactions":70,"pct_of_transactions":2.1,"revenue":2009.7500610351562,"avg_discount":52.79999923706055},{"tier":"31%+","transactions":770,"pct_of_transactions":23.6,"revenue":10144.324951171875,"avg_discount":85.0}],"velocity":{"units_per_day":11.24,"revenue_per_day":220.30000686645508,"avg_units_per_txn":3.2,"days_of_data":364,"total_units":4094,"total_transactions":2562},"velocity_by_category":[{"category":"APPAREL","brand_units_per_day":0.38,"category_avg_units_per_day":0.18,"velocity_index":207.4,"brand_rev_per_unit":24.69,"category_rev_per_unit":27.66,"brands_in_category":8},{"category":"INFUSED PRE ROLL","brand_units_per_day":3.0,"category_avg_units_per_day":25.62,"velocity_index":11.7,"brand_rev_per_unit":16.36,"category_rev_per_unit":16.9,"brands_in_category":25},{"category":"PRE ROLL","brand_units_per_day":2.0,"category_avg_units_per_day":42.38,"velocity_index":4.7,"brand_rev_per_unit":12.95,"category_rev_per_unit":7.54,"brands_in_category":46}],"deals":[{"deal_name":"30% Off Special","times_used":240,"units":324.0,"revenue":4122.999954223633,"discounts":1802.000037431717,"cost":672.0000103488564,"profit":3450.999971628189,"pre_discount_revenue":5925.0,"margin":83.7,"avg_discount":60.8},{"deal_name":"Industry - 30% Off","times_used":152,"units":206.0,"revenue":2847.2500109672546,"discounts":1282.7500176429749,"cost":641.3250093581155,"profit":2205.924994945526,"pre_discount_revenue":4130.0,"margin":77.5,"avg_discount":62.2},{"deal_name":"Stock & Save - PR - 5 for $30","times_used":46,"units":82.0,"revenue":615.0,"discounts":410.0,"cost":1.0249999864026904,"profit":613.974986076355,"pre_discount_revenue":1025.0,"margin":99.8,"avg_discount":80.0},{"deal_name":"Industry 30% Off","times_used":6,"units":6.0,"revenue":52.5,"discounts":22.5,"cost":16.50000035762787,"profit":36.000001430511475,"pre_discount_revenue":75.0,"margin":68.6,"avg_discount":60.0},{"deal_name":"Veterans - 10% Off","times_used":4,"units":4.0,"revenue":116.99999809265137,"discounts":12.999999523162842,"cost":11.000000238418579,"profit":106.00000381469727,"pre_discount_revenue":130.0,"margin":90.6,"avg_discount":20.0},{"deal_name":"LVAC - 25% Off","times_used":2,"units":6.0,"revenue":90.0,"discounts":30.0,"cost":16.49999976158142,"profit":73.49999904632568,"pre_discount_revenue":120.0,"margin":81.7,"avg_discount":50.0},{"deal_name":"Senior - 10% Off","times_used":2,"units":8.0,"revenue":233.99999618530273,"discounts":25.999999046325684,"cost":111.80000305175781,"profit":122.20000267028809,"pre_discount_revenue":260.0,"margin":52.2,"avg_discount":20.0}],"top_products":[{"product":"SUGAREE COOKIES INFUSED PRE ROLL - JERRYS ELECTRIC SOLOS","units":708,"revenue":18226.75048828125,"cost":2463.350067138672,"profit":15763.399658203125,"transactions":490,"margin":86.5},{"product":"GARCIA OG INFUSED PRE ROLL - JERRYS ELECTRIC SOLOS","units":866,"revenue":14858.75,"cost":2561.1001586914062,"profit":12297.650146484375,"transactions":686,"margin":82.80000305175781},{"product":"DIESEL DEAL INFUSED PRE ROLL - JERRYS ELECTRIC SOLOS","units":718,"revenue":13790.250244140625,"cost":2266.35009765625,"profit":11523.900146484375,"transactions":612,"margin":83.5999984741211},{"product":"DIESEL DEAL PRE ROLL - GARCIA HAND PICKED","units":598,"revenue":9361.4501953125,"cost":429.32498931884766,"profit":8932.124633789062,"transactions":464,"margin":95.4000015258789},{"product":"SUGAREE COOKIES PRE ROLL - GARCIA HAND PICKED","units":422,"revenue":7631.875,"cost":654.2749786376953,"profit":6977.60009765625,"transactions":320,"margin":91.4000015258789},{"product":"GARCIA OG PRE ROLL - GARCIA HAND PICKED","units":500,"revenue":7616.7498779296875,"cost":298.29999923706055,"profit":7318.44970703125,"transactions":414,"margin":96.0999984741211},{"product":"Scuba Jerry Shirt - GARCIA","units":94,"revenue":2906.25,"cost":2937.5,"profit":-31.25,"transactions":90,"margin":-1.100000023841858},{"product":"Pickin V Dye Shirt - GARCIA","units":80,"revenue":2481.25,"cost":2500.0,"profit":-18.75,"transactions":78,"margin":-0.800000011920929},{"product":"Tripple Dose Shirt - GARCIA","units":56,"revenue":1743.75,"cost":1750.0,"profit":-6.25,"transactions":54,"margin":-0.4000000059604645},{"product":"Set List Pocket Tee - GARCIA","units":32,"revenue":1192.5,"cost":1200.0,"profit":-7.5,"transactions":30,"margin":-0.6000000238418579},{"product":"Jerry Garcia Pick Hat - GARCIA","units":20,"revenue":380.0,"cost":500.0,"profit":-120.0,"transactions":18,"margin":-31.600000381469727}],"products_by_store":{"Elevation Parkway":[{"product":"SUGAREE COOKIES INFUSED PRE ROLL - JERRYS ELECTRIC SOLOS","units":708,"revenue":18226.75048828125,"cost":2463.350067138672,"profit":15763.399658203125,"transactions":490,"margin":86.5},{"product":"GARCIA OG INFUSED PRE ROLL - JERRYS ELECTRIC SOLOS","units":866,"revenue":14858.75,"cost":2561.1001586914062,"profit":12297.650146484375,"transactions":686,"margin":82.80000305175781},{"product":"DIESEL DEAL INFUSED PRE ROLL - JERRYS ELECTRIC SOLOS","units":718,"revenue":13790.250244140625,"cost":2266.35009765625,"profit":11523.900146484375,"transactions":612,"margin":83.5999984741211},{"product":"DIESEL DEAL PRE ROLL - GARCIA HAND PICKED","units":598,"revenue":9361.4501953125,"cost":429.32498931884766,"profit":8932.124633789062,"transactions":464,"margin":95.4000015258789},{"product":"SUGAREE COOKIES PRE ROLL - GARCIA HAND PICKED","units":422,"revenue":7631.875,"cost":654.2749786376953,"profit":6977.60009765625,"transactions":320,"margin":91.4000015258789},{"product":"GARCIA OG PRE ROLL - GARCIA HAND PICKED","units":500,"revenue":7616.7498779296875,"cost":298.29999923706055,"profit":7318.44970703125,"transactions":414,"margin":96.0999984741211},{"product":"Scuba Jerry Shirt - GARCIA","units":94,"revenue":2906.25,"cost":2937.5,"profit":-31.25,"transactions":90,"margin":-1.100000023841858},{"product":"Pickin V Dye Shirt - GARCIA","units":80,"revenue":2481.25,"cost":2500.0,"profit":-18.75,"transactions":78,"margin":-0.800000011920929},{"product":"Tripple Dose Shirt - GARCIA","units":56,"revenue":1743.75,"cost":1750.0,"profit":-6.25,"transactions":54,"margin":-0.4000000059604645},{"product":"Set List Pocket Tee - GARCIA","units":32,"revenue":1192.5,"cost":1200.0,"profit":-7.5,"transactions":30,"margin":-0.6000000238418579},{"product":"Jerry Garcia Pick Hat - GARCIA","units":20,"revenue":380.0,"cost":500.0,"profit":-120.0,"transactions":18,"margin":-31.600000381469727}]},"store_summary":[{"store_clean":"Elevation Parkway","units":4094,"revenue":80189.5751953125,"cost":17560.2001953125,"profit":62629.375,"discounts":12570.4248046875,"margin":78.0999984741211,"discount_rate":13.600000381469727}],"recommendations":[{"severity":"red","title":"APPAREL: BELOW CATEGORY AVERAGE","detail":"Margin (-2.1%) is 37 pts below APPAREL average. Ranked #2 of 8. Strong case for cost negotiation.","action":"Request 19% cost reduction or evaluate alternative APPAREL brands."},{"severity":"info","title":"VOLUME LEVERAGE","detail":"$32,076 revenue provides negotiating leverage.","action":"Use volume as leverage in next vendor meeting."}],"comparison":null}