{"brand":"ENTOURAGE","date_range":"2024-01-01 00:00:00 to 2026-01-31 00:00:00","period_label":"All Time","summary":{"total_units":2780,"total_revenue":74896.025390625,"total_cost":31275.0,"total_discounts":11828.974609375,"total_profit":43621.025390625,"overall_margin":58.20000076293945,"fp_margin":64.0,"disc_margin":52.20000076293945,"pct_full_price":51.400001525878906,"avg_discount_rate":13.600000381469727,"fp_revenue":38500.0,"disc_revenue":36396.025390625,"brand":"ENTOURAGE","date_range":"2024-01-01 00:00:00 to 2026-01-31 00:00:00","primary_category":"DISPOSABLE VAPE","store_coverage":"6/7","stores_present":["Elevation Springs","Elevation Mesa","Elevation Oasis","Elevation Midtown","Elevation Boulevard","Elevation Parkway"],"stores_missing":["Elevation Downtown"],"velocity_rank":25,"velocity_total":35},"distribution":[{"store":"Elevation Springs","carries_brand":true,"sku_count":6,"revenue":15787.5,"units":598,"store_total_revenue":51138750.0,"brand_share_pct":0.0},{"store":"Elevation Mesa","carries_brand":true,"sku_count":4,"revenue":8143.75,"units":308,"store_total_revenue":47532240.0,"brand_share_pct":0.0},{"store":"Elevation Oasis","carries_brand":true,"sku_count":4,"revenue":18177.5,"units":686,"store_total_revenue":56050145.0,"brand_share_pct":0.0},{"store":"Elevation Downtown","carries_brand":false,"sku_count":0,"revenue":0.0,"units":0,"store_total_revenue":1945237.1875,"brand_share_pct":0},{"store":"Elevation Midtown","carries_brand":true,"sku_count":4,"revenue":11331.25,"units":394,"store_total_revenue":30850185.0,"brand_share_pct":0.0},{"store":"Elevation Boulevard","carries_brand":true,"sku_count":4,"revenue":10351.25,"units":398,"store_total_revenue":28757865.0,"brand_share_pct":0.0},{"store":"Elevation Parkway","carries_brand":true,"sku_count":4,"revenue":11104.775390625,"units":396,"store_total_revenue":21987007.5,"brand_share_pct":0.10000000149011612}],"share_of_category":[{"category":"DISPOSABLE VAPE","brand_revenue":74896.025390625,"category_revenue":30552405.0,"revenue_share_pct":0.20000000298023224,"brand_units":2780,"category_units":756548,"units_share_pct":0.4}],"share_of_category_trend":{"DISPOSABLE VAPE":[{"period":"2024-01","brand_revenue":0.0,"category_revenue":933474.921875,"share_pct":0.0},{"period":"2024-02","brand_revenue":0.0,"category_revenue":877782.109375,"share_pct":0.0},{"period":"2024-03","brand_revenue":0.0,"category_revenue":990692.03125,"share_pct":0.0},{"period":"2024-04","brand_revenue":0.0,"category_revenue":971952.1875,"share_pct":0.0},{"period":"2024-05","brand_revenue":0.0,"category_revenue":1035100.46875,"share_pct":0.0},{"period":"2024-06","brand_revenue":13087.5,"category_revenue":1039794.21875,"share_pct":1.2999999523162842},{"period":"2024-07","brand_revenue":14604.87548828125,"category_revenue":1081636.5625,"share_pct":1.399999976158142},{"period":"2024-08","brand_revenue":18979.775390625,"category_revenue":1098658.125,"share_pct":1.7000000476837158},{"period":"2024-09","brand_revenue":18730.875244140625,"category_revenue":1056394.53125,"share_pct":1.7999999523162842},{"period":"2024-10","brand_revenue":8026.7498779296875,"category_revenue":1197041.171875,"share_pct":0.699999988079071},{"period":"2024-11","brand_revenue":1466.25,"category_revenue":1193980.234375,"share_pct":0.10000000149011612},{"period":"2024-12","brand_revenue":0.0,"category_revenue":1222008.984375,"share_pct":0.0},{"period":"2025-01","brand_revenue":0.0,"category_revenue":1100552.421875,"share_pct":0.0},{"period":"2025-02","brand_revenue":0.0,"category_revenue":1167271.25,"share_pct":0.0},{"period":"2025-03","brand_revenue":0.0,"category_revenue":1348856.71875,"share_pct":0.0},{"period":"2025-04","brand_revenue":0.0,"category_revenue":1414639.84375,"share_pct":0.0},{"period":"2025-05","brand_revenue":0.0,"category_revenue":1460588.4375,"share_pct":0.0},{"period":"2025-06","brand_revenue":0.0,"category_revenue":1320852.96875,"share_pct":0.0},{"period":"2025-07","brand_revenue":0.0,"category_revenue":1451194.84375,"share_pct":0.0},{"period":"2025-08","brand_revenue":0.0,"category_revenue":1403520.625,"share_pct":0.0},{"period":"2025-09","brand_revenue":0.0,"category_revenue":1317518.125,"share_pct":0.0},{"period":"2025-10","brand_revenue":0.0,"category_revenue":1511693.75,"share_pct":0.0},{"period":"2025-11","brand_revenue":0.0,"category_revenue":1481709.21875,"share_pct":0.0},{"period":"2025-12","brand_revenue":0.0,"category_revenue":1476896.875,"share_pct":0.0},{"period":"2026-01","brand_revenue":0.0,"category_revenue":1398594.84375,"share_pct":0.0}]},"velocity_by_category":[{"category":"DISPOSABLE VAPE","brand_units_per_day":3.64,"category_avg_units_per_day":28.36,"velocity_index":12.9,"brand_rev_per_unit":21.55,"category_rev_per_unit":32.31,"brands_in_category":35}],"store_gaps":[{"store":"Elevation Downtown","category":"DISPOSABLE VAPE","category_revenue_at_store":386406.2890625,"opportunity":"Brand not carried"}],"product_mix":{"top":[{"product":"JACK HERER DISPOSABLE VAPE - ENTOURAGE","units":1392,"revenue":37874.150390625,"cost":15660.0,"profit":22214.150390625,"stores":6,"transactions":1256,"margin":58.70000076293945},{"product":"WHITE RUNTZ DISPOSABLE VAPE - ENTOURAGE","units":1190,"revenue":31659.375,"cost":13387.5,"profit":18271.875,"stores":6,"transactions":1084,"margin":57.70000076293945},{"product":"TAHOE OG DISPOSABLE VAPE - ENTOURAGE","units":198,"revenue":5362.5,"cost":2227.5,"profit":3135.0,"stores":1,"transactions":188,"margin":58.5}],"bottom":[],"expansion":[]},"pricing_consistency":[{"product":"WHITE RUNTZ DISPOSABLE VAPE - ENTOURAGE","min_price":49.875,"max_price":56.88775510204081,"avg_price":53.11598561144813,"std_dev":1.1444021706558878,"store_count":12,"price_range":7.012755102040815,"range_pct":13.2},{"product":"JACK HERER DISPOSABLE VAPE - ENTOURAGE","min_price":52.33597285067873,"max_price":58.14393939393939,"avg_price":54.85027988479381,"std_dev":0.8610028475875655,"store_count":12,"price_range":5.807966543260665,"range_pct":10.6}],"promotional_effectiveness":{"lift":{"fp_units_per_day":9.26,"disc_units_per_day":11.06,"lift_pct":19.4,"fp_avg_revenue_per_unit":62.5,"disc_avg_revenue_per_unit":47.025},"by_deal":[{"deal_name":"Industry - 30% Off","uses":143,"revenue":6475.0,"discounts":2775.0,"units":296.0,"cost":3330.0,"margin":48.6,"discount_depth":60.0},{"deal_name":"Entourage 0.3g Disposables 2 for $40","uses":135,"revenue":13965.625,"discounts":3471.875,"units":558.0,"cost":6277.5,"margin":55.1,"discount_depth":39.8},{"deal_name":"30% Off Special","uses":64,"revenue":3062.5,"discounts":1312.5,"units":140.0,"cost":1575.0,"margin":48.6,"discount_depth":60.0},{"deal_name":"Entourage 0.3g Disposables 2 for $35","uses":34,"revenue":3125.0,"discounts":1312.5,"units":142.0,"cost":1597.5,"margin":48.9,"discount_depth":59.2},{"deal_name":"Senior - 10% Off","uses":24,"revenue":1459.375,"discounts":165.625,"units":52.0,"cost":585.0,"margin":59.9,"discount_depth":20.4},{"deal_name":"Veterans - 10% Off","uses":7,"revenue":450.0,"discounts":50.0,"units":16.0,"cost":180.0,"margin":60.0,"discount_depth":20.0},{"deal_name":"LVAC - 25% Off","uses":6,"revenue":281.25,"discounts":93.75,"units":12.0,"cost":135.0,"margin":52.0,"discount_depth":50.0},{"deal_name":"Jackpot - Locals 30% Off","uses":5,"revenue":210.0,"discounts":90.0,"units":10.0,"cost":112.5,"margin":46.4,"discount_depth":60.0},{"deal_name":"Senior / Veterans - 20% Off","uses":2,"revenue":100.0,"discounts":25.0,"units":4.0,"cost":45.0,"margin":55.0,"discount_depth":40.0},{"deal_name":"Employee 30% - NOT FRIDAYS","uses":1,"revenue":43.75,"discounts":18.75,"units":2.0,"cost":22.5,"margin":48.6,"discount_depth":60.0}]},"growth_opportunities":[{"type":"distribution","title":"Expand to Elevation Downtown","detail":"Store has $154,563 in DISPOSABLE VAPE \u2014 categories where ENTOURAGE competes.","priority":"high"},{"type":"velocity","title":"Improve velocity in DISPOSABLE VAPE","detail":"Velocity index 13 (below category average). 1.8 units/day vs 14.2 avg.","priority":"medium"}],"trend":[{"period":"2024-06","revenue":13087.5,"cost":5490.0,"margin":58.1,"units":488,"transactions":386,"profit":7597.5,"revenue_change_pct":null,"units_change_pct":null,"margin_change_pts":null},{"period":"2024-07","revenue":14604.87548828125,"cost":5760.0,"margin":60.6,"units":512,"transactions":484,"profit":8844.874877929688,"revenue_change_pct":11.6,"units_change_pct":4.9,"margin_change_pts":2.5},{"period":"2024-08","revenue":18979.775390625,"cost":7785.0,"margin":59.0,"units":692,"transactions":594,"profit":11194.775390625,"revenue_change_pct":30.0,"units_change_pct":35.2,"margin_change_pts":-1.6},{"period":"2024-09","revenue":18730.875244140625,"cost":8032.5,"margin":57.1,"units":714,"transactions":526,"profit":10698.375244140625,"revenue_change_pct":-1.3,"units_change_pct":3.2,"margin_change_pts":-1.9},{"period":"2024-10","revenue":8026.7498779296875,"cost":3510.0,"margin":56.3,"units":312,"transactions":264,"profit":4516.7498779296875,"revenue_change_pct":-57.1,"units_change_pct":-56.3,"margin_change_pts":-0.8},{"period":"2024-11","revenue":1466.25,"cost":697.5,"margin":52.4,"units":62,"transactions":48,"profit":768.75,"revenue_change_pct":-81.7,"units_change_pct":-80.1,"margin_change_pts":-3.8}]}