{"brand":"ENTOURAGE","date_range":"2024-01-01 00:00:00 to 2026-01-31 00:00:00","period_label":"All Time","summary":{"total_units":1390,"total_revenue":29958.41015625,"total_cost":12510.0,"total_discounts":4731.58984375,"total_profit":17448.41015625,"overall_margin":58.20000076293945,"fp_margin":64.0,"disc_margin":52.20000076293945,"pct_full_price":51.400001525878906,"avg_discount_rate":13.600000381469727,"fp_revenue":15400.0,"disc_revenue":14558.41015625,"unique_customers":1057,"brand":"ENTOURAGE","date_range":"2024-01-01 00:00:00 to 2026-01-31 00:00:00","months_count":6,"avg_monthly_cost":2085.0,"cost_per_unit":9.0,"primary_category":"DISPOSABLE VAPE","primary_cat_margin":55.79999923706055,"category_rank":28,"category_total":35,"margin_vs_category":2.4000000953674316,"velocity_rank":25},"category_breakdown":[{"category_clean":"DISPOSABLE VAPE","units":1390,"revenue":29958.41015625,"cost":12510.0,"profit":17448.41015625,"discounts":4731.58984375,"margin":58.20000076293945,"category_avg_margin":55.79999923706055,"vs_category":2.4,"rank":28.0,"total_brands":35.0}],"trend":[{"period":"2024-06","revenue":5235.0,"cost":2196.0,"margin":58.1,"units":244,"transactions":193,"profit":3039.0,"revenue_change_pct":null,"units_change_pct":null,"margin_change_pts":null},{"period":"2024-07","revenue":5841.9501953125,"cost":2304.0,"margin":60.6,"units":256,"transactions":242,"profit":3537.949951171875,"revenue_change_pct":11.6,"units_change_pct":4.9,"margin_change_pts":2.5},{"period":"2024-08","revenue":7591.91015625,"cost":3114.0,"margin":59.0,"units":346,"transactions":297,"profit":4477.91015625,"revenue_change_pct":30.0,"units_change_pct":35.2,"margin_change_pts":-1.6},{"period":"2024-09","revenue":7492.35009765625,"cost":3213.0,"margin":57.1,"units":357,"transactions":263,"profit":4279.35009765625,"revenue_change_pct":-1.3,"units_change_pct":3.2,"margin_change_pts":-1.9},{"period":"2024-10","revenue":3210.699951171875,"cost":1404.0,"margin":56.3,"units":156,"transactions":132,"profit":1806.699951171875,"revenue_change_pct":-57.1,"units_change_pct":-56.3,"margin_change_pts":-0.8},{"period":"2024-11","revenue":586.5,"cost":279.0,"margin":52.4,"units":31,"transactions":24,"profit":307.5,"revenue_change_pct":-81.7,"units_change_pct":-80.1,"margin_change_pts":-3.8}],"share_of_category":[{"category":"DISPOSABLE VAPE","brand_revenue":29958.41015625,"category_revenue":12220962.0,"revenue_share_pct":0.20000000298023224,"brand_units":1390,"category_units":378274,"units_share_pct":0.4}],"share_of_category_trend":{"DISPOSABLE VAPE":[{"period":"2024-01","brand_revenue":0.0,"category_revenue":373389.96875,"share_pct":0.0},{"period":"2024-02","brand_revenue":0.0,"category_revenue":351112.84375,"share_pct":0.0},{"period":"2024-03","brand_revenue":0.0,"category_revenue":396276.8125,"share_pct":0.0},{"period":"2024-04","brand_revenue":0.0,"category_revenue":388780.875,"share_pct":0.0},{"period":"2024-05","brand_revenue":0.0,"category_revenue":414040.1875,"share_pct":0.0},{"period":"2024-06","brand_revenue":5235.0,"category_revenue":415917.6875,"share_pct":1.2999999523162842},{"period":"2024-07","brand_revenue":5841.9501953125,"category_revenue":432654.625,"share_pct":1.399999976158142},{"period":"2024-08","brand_revenue":7591.91015625,"category_revenue":439463.25,"share_pct":1.7000000476837158},{"period":"2024-09","brand_revenue":7492.35009765625,"category_revenue":422557.8125,"share_pct":1.7999999523162842},{"period":"2024-10","brand_revenue":3210.699951171875,"category_revenue":478816.46875,"share_pct":0.699999988079071},{"period":"2024-11","brand_revenue":586.5,"category_revenue":477592.09375,"share_pct":0.10000000149011612},{"period":"2024-12","brand_revenue":0.0,"category_revenue":488803.59375,"share_pct":0.0},{"period":"2025-01","brand_revenue":0.0,"category_revenue":440220.96875,"share_pct":0.0},{"period":"2025-02","brand_revenue":0.0,"category_revenue":466908.5,"share_pct":0.0},{"period":"2025-03","brand_revenue":0.0,"category_revenue":539542.6875,"share_pct":0.0},{"period":"2025-04","brand_revenue":0.0,"category_revenue":565855.9375,"share_pct":0.0},{"period":"2025-05","brand_revenue":0.0,"category_revenue":584235.375,"share_pct":0.0},{"period":"2025-06","brand_revenue":0.0,"category_revenue":528341.1875,"share_pct":0.0},{"period":"2025-07","brand_revenue":0.0,"category_revenue":580477.9375,"share_pct":0.0},{"period":"2025-08","brand_revenue":0.0,"category_revenue":561408.25,"share_pct":0.0},{"period":"2025-09","brand_revenue":0.0,"category_revenue":527007.25,"share_pct":0.0},{"period":"2025-10","brand_revenue":0.0,"category_revenue":604677.5,"share_pct":0.0},{"period":"2025-11","brand_revenue":0.0,"category_revenue":592683.6875,"share_pct":0.0},{"period":"2025-12","brand_revenue":0.0,"category_revenue":590758.75,"share_pct":0.0},{"period":"2026-01","brand_revenue":0.0,"category_revenue":559437.9375,"share_pct":0.0}]},"discount_depth":[{"tier":"0% (Full Price)","transactions":598,"pct_of_transactions":47.3,"revenue":15400.0,"avg_discount":0.0},{"tier":"1-10%","transactions":62,"pct_of_transactions":4.9,"revenue":1443.8599853515625,"avg_discount":9.800000190734863},{"tier":"11-20%","transactions":226,"pct_of_transactions":17.9,"revenue":6113.85009765625,"avg_discount":19.799999237060547},{"tier":"21-30%","transactions":32,"pct_of_transactions":2.5,"revenue":615.5,"avg_discount":24.899999618530273},{"tier":"31%+","transactions":21,"pct_of_transactions":1.7,"revenue":351.20001220703125,"avg_discount":43.599998474121094}],"velocity":{"units_per_day":8.74,"revenue_per_day":188.4199981689453,"avg_units_per_txn":1.21,"days_of_data":159,"total_units":1390,"total_transactions":1151},"velocity_by_category":[{"category":"DISPOSABLE VAPE","brand_units_per_day":1.82,"category_avg_units_per_day":14.18,"velocity_index":12.9,"brand_rev_per_unit":21.55,"category_rev_per_unit":32.31,"brands_in_category":35}],"deals":[{"deal_name":"Industry - 30% Off","times_used":143,"units":148.0,"revenue":2590.0,"discounts":1110.0,"cost":1332.0,"profit":1258.0,"pre_discount_revenue":3700.0,"margin":48.6,"avg_discount":30.0},{"deal_name":"Entourage 0.3g Disposables 2 for $40","times_used":135,"units":279.0,"revenue":5586.25,"discounts":1388.75,"cost":2511.0,"profit":3075.25,"pre_discount_revenue":6975.0,"margin":55.1,"avg_discount":19.9},{"deal_name":"30% Off Special","times_used":64,"units":70.0,"revenue":1225.0,"discounts":525.0,"cost":630.0,"profit":595.0,"pre_discount_revenue":1750.0,"margin":48.6,"avg_discount":30.0},{"deal_name":"Entourage 0.3g Disposables 2 for $35","times_used":34,"units":71.0,"revenue":1250.0,"discounts":525.0,"cost":639.0,"profit":611.0,"pre_discount_revenue":1775.0,"margin":48.9,"avg_discount":29.6},{"deal_name":"Senior - 10% Off","times_used":24,"units":26.0,"revenue":583.75,"discounts":66.25,"cost":234.0,"profit":349.75,"pre_discount_revenue":650.0,"margin":59.9,"avg_discount":10.2},{"deal_name":"Veterans - 10% Off","times_used":7,"units":8.0,"revenue":180.0,"discounts":20.0,"cost":72.0,"profit":108.0,"pre_discount_revenue":200.0,"margin":60.0,"avg_discount":10.0},{"deal_name":"LVAC - 25% Off","times_used":6,"units":6.0,"revenue":112.5,"discounts":37.5,"cost":54.0,"profit":58.5,"pre_discount_revenue":150.0,"margin":52.0,"avg_discount":25.0},{"deal_name":"Jackpot - Locals 30% Off","times_used":5,"units":5.0,"revenue":84.0,"discounts":36.0,"cost":45.0,"profit":39.0,"pre_discount_revenue":120.0,"margin":46.4,"avg_discount":30.0},{"deal_name":"Senior / Veterans - 20% Off","times_used":2,"units":2.0,"revenue":40.0,"discounts":10.0,"cost":18.0,"profit":22.0,"pre_discount_revenue":50.0,"margin":55.0,"avg_discount":20.0},{"deal_name":"Employee 30% - NOT FRIDAYS","times_used":1,"units":1.0,"revenue":17.5,"discounts":7.5,"cost":9.0,"profit":8.5,"pre_discount_revenue":25.0,"margin":48.6,"avg_discount":30.0}],"top_products":[{"product":"JACK HERER DISPOSABLE VAPE - ENTOURAGE","units":696,"revenue":15149.66015625,"cost":6264.0,"profit":8885.66015625,"transactions":628,"margin":58.70000076293945},{"product":"WHITE RUNTZ DISPOSABLE VAPE - ENTOURAGE","units":595,"revenue":12663.75,"cost":5355.0,"profit":7308.75,"transactions":542,"margin":57.70000076293945},{"product":"TAHOE OG DISPOSABLE VAPE - ENTOURAGE","units":99,"revenue":2145.0,"cost":891.0,"profit":1254.0,"transactions":94,"margin":58.5}],"products_by_store":{"Thrive Cactus":[{"product":"JACK HERER DISPOSABLE VAPE - ENTOURAGE","units":100,"revenue":2175.0,"cost":900.0,"profit":1275.0,"transactions":97,"margin":58.599998474121094},{"product":"TAHOE OG DISPOSABLE VAPE - ENTOURAGE","units":99,"revenue":2145.0,"cost":891.0,"profit":1254.0,"transactions":94,"margin":58.5},{"product":"WHITE RUNTZ DISPOSABLE VAPE - ENTOURAGE","units":100,"revenue":1995.0,"cost":900.0,"profit":1095.0,"transactions":91,"margin":54.900001525878906}],"Thrive Cheyenne":[{"product":"JACK HERER DISPOSABLE VAPE - ENTOURAGE","units":76,"revenue":1660.0,"cost":684.0,"profit":976.0,"transactions":71,"margin":58.79999923706055},{"product":"WHITE RUNTZ DISPOSABLE VAPE - ENTOURAGE","units":78,"revenue":1597.5,"cost":702.0,"profit":895.5,"transactions":71,"margin":56.099998474121094}],"Thrive Jackpot":[{"product":"JACK HERER DISPOSABLE VAPE - ENTOURAGE","units":221,"revenue":4626.5,"cost":1989.0,"profit":2637.5,"transactions":178,"margin":57.0},{"product":"WHITE RUNTZ DISPOSABLE VAPE - ENTOURAGE","units":122,"revenue":2644.5,"cost":1098.0,"profit":1546.5,"transactions":106,"margin":58.5}],"Thrive Reno":[{"product":"JACK HERER DISPOSABLE VAPE - ENTOURAGE","units":99,"revenue":2302.5,"cost":891.0,"profit":1411.5,"transactions":94,"margin":61.29999923706055},{"product":"WHITE RUNTZ DISPOSABLE VAPE - ENTOURAGE","units":98,"revenue":2230.0,"cost":882.0,"profit":1348.0,"transactions":90,"margin":60.400001525878906}],"Thrive Sahara":[{"product":"JACK HERER DISPOSABLE VAPE - ENTOURAGE","units":100,"revenue":2125.25,"cost":900.0,"profit":1225.25,"transactions":92,"margin":57.70000076293945},{"product":"WHITE RUNTZ DISPOSABLE VAPE - ENTOURAGE","units":99,"revenue":2015.25,"cost":891.0,"profit":1124.25,"transactions":89,"margin":55.79999923706055}],"Thrive Sammy":[{"product":"JACK HERER DISPOSABLE VAPE - ENTOURAGE","units":100,"revenue":2260.409912109375,"cost":900.0,"profit":1360.4100341796875,"transactions":96,"margin":60.20000076293945},{"product":"WHITE RUNTZ DISPOSABLE VAPE - ENTOURAGE","units":98,"revenue":2181.5,"cost":882.0,"profit":1299.5,"transactions":95,"margin":59.599998474121094}]},"store_summary":[{"store_clean":"Thrive Jackpot","units":343,"revenue":7271.0,"cost":3087.0,"profit":4184.0,"discounts":1244.0,"margin":57.5,"discount_rate":14.600000381469727},{"store_clean":"Thrive Cactus","units":299,"revenue":6315.0,"cost":2691.0,"profit":3624.0,"discounts":1160.0,"margin":57.400001525878906,"discount_rate":15.5},{"store_clean":"Thrive Reno","units":197,"revenue":4532.5,"cost":1773.0,"profit":2759.5,"discounts":392.5,"margin":60.900001525878906,"discount_rate":8.0},{"store_clean":"Thrive Sammy","units":198,"revenue":4441.91015625,"cost":1782.0,"profit":2659.909912109375,"discounts":508.0899963378906,"margin":59.900001525878906,"discount_rate":10.300000190734863},{"store_clean":"Thrive Sahara","units":199,"revenue":4140.5,"cost":1791.0,"profit":2349.5,"discounts":834.5,"margin":56.70000076293945,"discount_rate":16.799999237060547},{"store_clean":"Thrive Cheyenne","units":154,"revenue":3257.5,"cost":1386.0,"profit":1871.5,"discounts":592.5,"margin":57.5,"discount_rate":15.399999618530273}],"recommendations":[{"severity":"info","title":"VOLUME LEVERAGE","detail":"$29,958 revenue provides negotiating leverage.","action":"Use volume as leverage in next vendor meeting."}],"comparison":null}