{"brand":"CAVIAR GOLD","date_range":"2024-01-01 00:00:00 to 2026-01-31 00:00:00","period_label":"All Time","summary":{"total_units":3040,"total_revenue":94053.779296875,"total_cost":37.99999713897705,"total_discounts":20738.7255859375,"total_profit":94015.771484375,"overall_margin":100.0,"fp_margin":100.0,"disc_margin":100.0,"pct_full_price":42.900001525878906,"avg_discount_rate":18.100000381469727,"fp_revenue":40360.0,"disc_revenue":53693.7744140625,"unique_customers":1566,"brand":"CAVIAR GOLD","date_range":"2024-01-01 00:00:00 to 2026-01-31 00:00:00","months_count":8,"avg_monthly_cost":9.5,"cost_per_unit":0.025,"primary_category":"INFUSED PRE ROLL","primary_cat_margin":47.29999923706055,"category_rank":16,"category_total":25,"margin_vs_category":52.70000076293945,"velocity_rank":17},"category_breakdown":[{"category_clean":"INFUSED PRE ROLL","units":2268,"revenue":63781.4013671875,"cost":28.350000381469727,"profit":63753.0517578125,"discounts":15598.599853515625,"margin":100.0,"category_avg_margin":47.29999923706055,"vs_category":52.7,"rank":16.0,"total_brands":25.0},{"category_clean":"INFUSED PACK","units":770,"revenue":30223.3740234375,"cost":9.624999761581421,"profit":30213.75,"discounts":5119.125061035156,"margin":100.0,"category_avg_margin":47.70000076293945,"vs_category":52.3,"rank":11.0,"total_brands":12.0},{"category_clean":"TESTER","units":2,"revenue":49.000000953674316,"cost":0.024999999441206455,"profit":48.97500038146973,"discounts":20.999999046325684,"margin":99.9000015258789,"category_avg_margin":57.599998474121094,"vs_category":42.3,"rank":8.0,"total_brands":9.0}],"trend":[{"period":"2025-03","revenue":4575.675048828125,"cost":1.9999998807907104,"margin":100.0,"units":160,"transactions":120,"profit":4573.6749267578125,"revenue_change_pct":null,"units_change_pct":null,"margin_change_pts":null},{"period":"2025-04","revenue":64526.77734375,"cost":26.27500057220459,"margin":100.0,"units":2102,"transactions":1496,"profit":64500.498046875,"revenue_change_pct":1310.2,"units_change_pct":1213.8,"margin_change_pts":0.0},{"period":"2025-05","revenue":23291.32568359375,"cost":9.199999570846558,"margin":100.0,"units":736,"transactions":520,"profit":23282.1240234375,"revenue_change_pct":-63.9,"units_change_pct":-65.0,"margin_change_pts":0.0},{"period":"2025-06","revenue":1660.0,"cost":0.5249999836087227,"margin":100.0,"units":42,"transactions":30,"profit":1659.47509765625,"revenue_change_pct":-92.9,"units_change_pct":-94.3,"margin_change_pts":0.0}],"share_of_category":[{"category":"INFUSED PRE ROLL","brand_revenue":63781.4013671875,"category_revenue":10308101.25,"revenue_share_pct":0.6000000238418579,"brand_units":2268,"category_units":488074,"units_share_pct":0.5},{"category":"INFUSED PACK","brand_revenue":30223.3740234375,"category_revenue":8259010.0,"revenue_share_pct":0.4000000059604645,"brand_units":770,"category_units":240090,"units_share_pct":0.3},{"category":"TESTER","brand_revenue":49.000000953674316,"category_revenue":5668.800048828125,"revenue_share_pct":0.8999999761581421,"brand_units":2,"category_units":186,"units_share_pct":1.1}],"share_of_category_trend":{"INFUSED PRE ROLL":[{"period":"2024-01","brand_revenue":0.0,"category_revenue":410907.8515625,"share_pct":0.0},{"period":"2024-02","brand_revenue":0.0,"category_revenue":458711.484375,"share_pct":0.0},{"period":"2024-03","brand_revenue":0.0,"category_revenue":427464.375,"share_pct":0.0},{"period":"2024-04","brand_revenue":0.0,"category_revenue":428699.9609375,"share_pct":0.0},{"period":"2024-05","brand_revenue":0.0,"category_revenue":501098.3203125,"share_pct":0.0},{"period":"2024-06","brand_revenue":0.0,"category_revenue":477320.78125,"share_pct":0.0},{"period":"2024-07","brand_revenue":0.0,"category_revenue":479382.109375,"share_pct":0.0},{"period":"2024-08","brand_revenue":0.0,"category_revenue":474359.1015625,"share_pct":0.0},{"period":"2024-09","brand_revenue":0.0,"category_revenue":424280.1171875,"share_pct":0.0},{"period":"2024-10","brand_revenue":0.0,"category_revenue":470840.6640625,"share_pct":0.0},{"period":"2024-11","brand_revenue":0.0,"category_revenue":424285.1171875,"share_pct":0.0},{"period":"2024-12","brand_revenue":0.0,"category_revenue":432093.1640625,"share_pct":0.0},{"period":"2025-01","brand_revenue":0.0,"category_revenue":358002.890625,"share_pct":0.0},{"period":"2025-02","brand_revenue":0.0,"category_revenue":325080.17578125,"share_pct":0.0},{"period":"2025-03","brand_revenue":3753.175048828125,"category_revenue":347380.078125,"share_pct":1.100000023841858},{"period":"2025-04","brand_revenue":46116.2744140625,"category_revenue":401341.40625,"share_pct":11.5},{"period":"2025-05","brand_revenue":13694.949951171875,"category_revenue":378076.09375,"share_pct":3.5999999046325684},{"period":"2025-06","brand_revenue":217.00000762939453,"category_revenue":354019.6484375,"share_pct":0.10000000149011612},{"period":"2025-07","brand_revenue":0.0,"category_revenue":416008.203125,"share_pct":0.0},{"period":"2025-08","brand_revenue":0.0,"category_revenue":425283.28125,"share_pct":0.0},{"period":"2025-09","brand_revenue":0.0,"category_revenue":378313.75,"share_pct":0.0},{"period":"2025-10","brand_revenue":0.0,"category_revenue":389168.3203125,"share_pct":0.0},{"period":"2025-11","brand_revenue":0.0,"category_revenue":390541.3671875,"share_pct":0.0},{"period":"2025-12","brand_revenue":0.0,"category_revenue":392812.34375,"share_pct":0.0},{"period":"2026-01","brand_revenue":0.0,"category_revenue":342630.7421875,"share_pct":0.0}],"INFUSED PACK":[{"period":"2024-01","brand_revenue":0.0,"category_revenue":204601.875,"share_pct":0.0},{"period":"2024-02","brand_revenue":0.0,"category_revenue":221156.7578125,"share_pct":0.0},{"period":"2024-03","brand_revenue":0.0,"category_revenue":257436.93359375,"share_pct":0.0},{"period":"2024-04","brand_revenue":0.0,"category_revenue":301537.3046875,"share_pct":0.0},{"period":"2024-05","brand_revenue":0.0,"category_revenue":301873.0078125,"share_pct":0.0},{"period":"2024-06","brand_revenue":0.0,"category_revenue":300488.6328125,"share_pct":0.0},{"period":"2024-07","brand_revenue":0.0,"category_revenue":303570.80078125,"share_pct":0.0},{"period":"2024-08","brand_revenue":0.0,"category_revenue":283995.625,"share_pct":0.0},{"period":"2024-09","brand_revenue":0.0,"category_revenue":331664.1796875,"share_pct":0.0},{"period":"2024-10","brand_revenue":0.0,"category_revenue":311486.1328125,"share_pct":0.0},{"period":"2024-11","brand_revenue":0.0,"category_revenue":306613.92578125,"share_pct":0.0},{"period":"2024-12","brand_revenue":0.0,"category_revenue":298008.41796875,"share_pct":0.0},{"period":"2025-01","brand_revenue":0.0,"category_revenue":269244.765625,"share_pct":0.0},{"period":"2025-02","brand_revenue":0.0,"category_revenue":309579.8046875,"share_pct":0.0},{"period":"2025-03","brand_revenue":773.4999847412109,"category_revenue":312908.80859375,"share_pct":0.20000000298023224},{"period":"2025-04","brand_revenue":18410.499267578125,"category_revenue":389974.3359375,"share_pct":4.699999809265137},{"period":"2025-05","brand_revenue":9596.375122070312,"category_revenue":404824.9609375,"share_pct":2.4000000953674316},{"period":"2025-06","brand_revenue":1443.0000305175781,"category_revenue":383193.4765625,"share_pct":0.4000000059604645},{"period":"2025-07","brand_revenue":0.0,"category_revenue":437456.640625,"share_pct":0.0},{"period":"2025-08","brand_revenue":0.0,"category_revenue":391817.578125,"share_pct":0.0},{"period":"2025-09","brand_revenue":0.0,"category_revenue":367221.40625,"share_pct":0.0},{"period":"2025-10","brand_revenue":0.0,"category_revenue":423332.109375,"share_pct":0.0},{"period":"2025-11","brand_revenue":0.0,"category_revenue":395184.53125,"share_pct":0.0},{"period":"2025-12","brand_revenue":0.0,"category_revenue":387500.234375,"share_pct":0.0},{"period":"2026-01","brand_revenue":0.0,"category_revenue":364337.6171875,"share_pct":0.0}],"TESTER":[{"period":"2024-01","brand_revenue":0.0,"category_revenue":4033.75,"share_pct":0.0},{"period":"2024-04","brand_revenue":0.0,"category_revenue":85.0,"share_pct":0.0},{"period":"2024-05","brand_revenue":0.0,"category_revenue":145.24999618530273,"share_pct":0.0},{"period":"2024-09","brand_revenue":0.0,"category_revenue":462.5,"share_pct":0.0},{"period":"2024-11","brand_revenue":0.0,"category_revenue":61.25,"share_pct":0.0},{"period":"2025-03","brand_revenue":49.000000953674316,"category_revenue":49.000000953674316,"share_pct":100.0},{"period":"2025-05","brand_revenue":0.0,"category_revenue":25.0,"share_pct":0.0},{"period":"2025-06","brand_revenue":0.0,"category_revenue":156.75000190734863,"share_pct":0.0},{"period":"2025-07","brand_revenue":0.0,"category_revenue":399.24999237060547,"share_pct":0.0},{"period":"2025-08","brand_revenue":0.0,"category_revenue":248.50000381469727,"share_pct":0.0},{"period":"2025-09","brand_revenue":0.0,"category_revenue":2.549999952316284,"share_pct":0.0}]},"discount_depth":[{"tier":"0% (Full Price)","transactions":916,"pct_of_transactions":35.0,"revenue":40360.0,"avg_discount":0.0},{"tier":"1-10%","transactions":178,"pct_of_transactions":6.8,"revenue":8746.25,"avg_discount":20.0},{"tier":"11-20%","transactions":154,"pct_of_transactions":5.9,"revenue":7133.9990234375,"avg_discount":38.0},{"tier":"21-30%","transactions":880,"pct_of_transactions":33.7,"revenue":23547.87841796875,"avg_discount":59.0},{"tier":"31%+","transactions":280,"pct_of_transactions":10.7,"revenue":6842.1502685546875,"avg_discount":81.19999694824219}],"velocity":{"units_per_day":38.0,"revenue_per_day":1175.6749725341797,"avg_units_per_txn":2.8,"days_of_data":80,"total_units":3040,"total_transactions":2166},"velocity_by_category":[{"category":"INFUSED PRE ROLL","brand_units_per_day":2.98,"category_avg_units_per_day":25.62,"velocity_index":11.6,"brand_rev_per_unit":22.5,"category_rev_per_unit":16.9,"brands_in_category":25},{"category":"TESTER","brand_units_per_day":0.0,"category_avg_units_per_day":0.02,"velocity_index":9.7,"brand_rev_per_unit":19.6,"category_rev_per_unit":24.38,"brands_in_category":9},{"category":"INFUSED PACK","brand_units_per_day":1.02,"category_avg_units_per_day":26.26,"velocity_index":3.8,"brand_rev_per_unit":31.4,"category_rev_per_unit":27.52,"brands_in_category":12}],"deals":[{"deal_name":"Industry - 30% Off","times_used":500,"units":684.0,"revenue":17718.750171661377,"discounts":7593.749799728394,"cost":8.549999818205833,"profit":17710.199995040894,"pre_discount_revenue":25312.5,"margin":100.0,"avg_discount":60.0},{"deal_name":"Employee 30% - NOT FRIDAYS","times_used":116,"units":138.0,"revenue":3617.2500371932983,"discounts":1550.2499628067017,"cost":1.7249999614432454,"profit":3615.5249977111816,"pre_discount_revenue":5167.5,"margin":100.0,"avg_discount":60.0},{"deal_name":"Veterans - 10% Off","times_used":56,"units":82.0,"revenue":2785.500020980835,"discounts":309.499996304512,"cost":1.0249999770894647,"profit":2784.4750547409058,"pre_discount_revenue":3095.0,"margin":100.0,"avg_discount":20.0},{"deal_name":"Senior / Veterans - 20% Off","times_used":52,"units":104.0,"revenue":2965.9999465942383,"discounts":741.4999866485596,"cost":1.2999999709427357,"profit":2964.699926376343,"pre_discount_revenue":3707.5,"margin":100.0,"avg_discount":40.0},{"deal_name":"Senior - 10% Off","times_used":42,"units":62.0,"revenue":2357.9999923706055,"discounts":262.00000166893005,"cost":0.7749999826774001,"profit":2357.2250604629517,"pre_discount_revenue":2620.0,"margin":100.0,"avg_discount":20.0},{"deal_name":"Employee - 40% OFF","times_used":40,"units":48.0,"revenue":1034.9999618530273,"discounts":689.9999904632568,"cost":0.5999999865889549,"profit":1034.400053024292,"pre_discount_revenue":1725.0,"margin":99.9,"avg_discount":80.0},{"deal_name":"Industry 30% Off","times_used":40,"units":48.0,"revenue":1333.5000038146973,"discounts":571.4999961853027,"cost":0.5999999865889549,"profit":1332.899990081787,"pre_discount_revenue":1905.0,"margin":100.0,"avg_discount":60.0},{"deal_name":"Jackpot - Locals 30% Off","times_used":26,"units":30.0,"revenue":773.5000085830688,"discounts":343.99999141693115,"cost":0.37499999161809683,"profit":773.125,"pre_discount_revenue":1117.5,"margin":100.0,"avg_discount":61.6},{"deal_name":"LVAC - 25% Off","times_used":18,"units":26.0,"revenue":766.875,"discounts":255.625,"cost":0.3249999927356839,"profit":766.5499925613403,"pre_discount_revenue":1022.5,"margin":100.0,"avg_discount":50.0}],"top_products":[{"product":"APPLE DRIP INFUSED CAVI CONE - CAVIAR GOLD","units":284,"revenue":8331.124877929688,"cost":3.5499998927116394,"profit":8327.575073242188,"transactions":262,"margin":100.0},{"product":"KING CAVI OG INFUSED CAVI CONE - CAVIAR GOLD","units":284,"revenue":8161.5753173828125,"cost":3.5499998927116394,"profit":8158.02490234375,"transactions":228,"margin":100.0},{"product":"ICE WATA INFUSED CAVI CONE - CAVIAR GOLD","units":268,"revenue":7362.225341796875,"cost":3.349999785423279,"profit":7358.8751220703125,"transactions":228,"margin":100.0},{"product":"LIGHTNING OG INFUSED CAVI CONE - CAVIAR GOLD","units":250,"revenue":7255.4998779296875,"cost":3.125,"profit":7252.3748779296875,"transactions":214,"margin":100.0},{"product":"BLUE DREAM INFUSED CAVI CONE - CAVIAR GOLD","units":230,"revenue":6713.175048828125,"cost":2.8749999403953552,"profit":6710.2996826171875,"transactions":198,"margin":100.0},{"product":"BLUE GLUE INFUSED CAVI CONE - CAVIAR GOLD","units":242,"revenue":6513.8751220703125,"cost":3.0249997973442078,"profit":6510.8502197265625,"transactions":212,"margin":100.0},{"product":"LOST LOUIE INFUSED CAVI CONE - CAVIAR GOLD","units":236,"revenue":6426.3751220703125,"cost":2.9499998688697815,"profit":6423.4246826171875,"transactions":192,"margin":100.0},{"product":"STRONG BERRY INFUSED CAVI CONE - CAVIAR GOLD","units":226,"revenue":6368.6749267578125,"cost":2.824999988079071,"profit":6365.8502197265625,"transactions":194,"margin":100.0},{"product":"ORIGINAL GANGSTA 3 PK INFUSED BABY CAVI - CAVIAR GOLD","units":142,"revenue":5716.25,"cost":1.7749999463558197,"profit":5714.47509765625,"transactions":124,"margin":100.0},{"product":"KING CAVI OG 3 PK INFUSED BABY CAVI - CAVIAR GOLD","units":140,"revenue":5457.874755859375,"cost":1.7499999701976776,"profit":5456.1248779296875,"transactions":116,"margin":100.0},{"product":"ORIGINAL GANGSTA INFUSED CAVI CONE - CAVIAR GOLD","units":192,"revenue":5198.8751220703125,"cost":2.3999999463558197,"profit":5196.4752197265625,"transactions":160,"margin":100.0},{"product":"LIGHTNING OG 3 PK INFUSED BABY CAVI - CAVIAR GOLD","units":116,"revenue":4726.7498779296875,"cost":1.4499999582767487,"profit":4725.299987792969,"transactions":106,"margin":100.0},{"product":"CAVI LAND 3 PK INFUSED BABY CAVI - CAVIAR GOLD","units":112,"revenue":4503.2501220703125,"cost":1.4000000059604645,"profit":4501.8499755859375,"transactions":100,"margin":100.0},{"product":"STRONG BERRY 3 PK INFUSED BABY CAVI - CAVIAR GOLD","units":96,"revenue":3750.0,"cost":1.1999999731779099,"profit":3748.800048828125,"transactions":74,"margin":100.0},{"product":"APPLE DRIP 3 PK INFUSED BABY CAVI - CAVIAR GOLD","units":72,"revenue":2731.25,"cost":0.8999999612569809,"profit":2730.3500366210938,"transactions":66,"margin":100.0},{"product":"BLUE GLUE 3 PK INFUSED BABY CAVI - CAVIAR GOLD","units":68,"revenue":2693.9999389648438,"cost":0.8500000089406967,"profit":2693.1500244140625,"transactions":58,"margin":100.0},{"product":"MONSTER COOKIES INFUSED CAVI CONE - CAVIAR GOLD","units":82,"revenue":2143.000030517578,"cost":1.0249999910593033,"profit":2141.9749450683594,"transactions":82,"margin":100.0}],"products_by_store":{"Elevation Springs":[{"product":"LIGHTNING OG INFUSED CAVI CONE - CAVIAR GOLD","units":50,"revenue":1448.9999389648438,"cost":0.625,"profit":1448.3749389648438,"transactions":44,"margin":100.0},{"product":"LOST LOUIE INFUSED CAVI CONE - CAVIAR GOLD","units":50,"revenue":1428.0000305175781,"cost":0.625,"profit":1427.3750305175781,"transactions":40,"margin":100.0},{"product":"BLUE DREAM INFUSED CAVI CONE - CAVIAR GOLD","units":46,"revenue":1386.0000610351562,"cost":0.5749999731779099,"profit":1385.4249572753906,"transactions":46,"margin":100.0},{"product":"APPLE DRIP INFUSED CAVI CONE - CAVIAR GOLD","units":46,"revenue":1351.0000610351562,"cost":0.5749999731779099,"profit":1350.4249572753906,"transactions":46,"margin":100.0},{"product":"STRONG BERRY INFUSED CAVI CONE - CAVIAR GOLD","units":50,"revenue":1343.9999389648438,"cost":0.625,"profit":1343.3749389648438,"transactions":34,"margin":100.0},{"product":"ORIGINAL GANGSTA INFUSED CAVI CONE - CAVIAR GOLD","units":50,"revenue":1309.2500305175781,"cost":0.625,"profit":1308.6250305175781,"transactions":44,"margin":100.0},{"product":"KING CAVI OG INFUSED CAVI CONE - CAVIAR GOLD","units":40,"revenue":1274.000015258789,"cost":0.4999999701976776,"profit":1273.499984741211,"transactions":40,"margin":100.0},{"product":"ICE WATA INFUSED CAVI CONE - CAVIAR GOLD","units":42,"revenue":1232.0000457763672,"cost":0.5249999836087227,"profit":1231.4749908447266,"transactions":36,"margin":100.0},{"product":"CAVI LAND 3 PK INFUSED BABY CAVI - CAVIAR GOLD","units":24,"revenue":948.125,"cost":0.29999999329447746,"profit":947.8250122070312,"transactions":24,"margin":100.0},{"product":"STRONG BERRY 3 PK INFUSED BABY CAVI - CAVIAR GOLD","units":24,"revenue":906.4999389648438,"cost":0.29999999329447746,"profit":906.199951171875,"transactions":18,"margin":100.0},{"product":"ORIGINAL GANGSTA 3 PK INFUSED BABY CAVI - CAVIAR GOLD","units":24,"revenue":878.4999847412109,"cost":0.29999999329447746,"profit":878.1999969482422,"transactions":18,"margin":100.0},{"product":"APPLE DRIP 3 PK INFUSED BABY CAVI - CAVIAR GOLD","units":24,"revenue":822.9999542236328,"cost":0.29999999329447746,"profit":822.7000427246094,"transactions":22,"margin":100.0},{"product":"BLUE GLUE 3 PK INFUSED BABY CAVI - CAVIAR GOLD","units":24,"revenue":797.7500152587891,"cost":0.29999999329447746,"profit":797.449951171875,"transactions":20,"margin":100.0},{"product":"KING CAVI OG 3 PK INFUSED BABY CAVI - CAVIAR GOLD","units":24,"revenue":668.2499694824219,"cost":0.29999999329447746,"profit":667.9499816894531,"transactions":20,"margin":100.0}],"Elevation Mesa":[{"product":"KING CAVI OG INFUSED CAVI CONE - CAVIAR GOLD","units":48,"revenue":1488.5000610351562,"cost":0.5999999865889549,"profit":1487.8999328613281,"transactions":28,"margin":100.0},{"product":"LIGHTNING OG INFUSED CAVI CONE - CAVIAR GOLD","units":50,"revenue":1435.0,"cost":0.625,"profit":1434.375,"transactions":38,"margin":100.0},{"product":"LOST LOUIE INFUSED CAVI CONE - CAVIAR GOLD","units":42,"revenue":1228.5000610351562,"cost":0.5249999836087227,"profit":1227.9750061035156,"transactions":30,"margin":100.0},{"product":"ORIGINAL GANGSTA INFUSED CAVI CONE - CAVIAR GOLD","units":42,"revenue":1177.125015258789,"cost":0.5249999836087227,"profit":1176.6000366210938,"transactions":36,"margin":100.0},{"product":"APPLE DRIP INFUSED CAVI CONE - CAVIAR GOLD","units":42,"revenue":1124.625015258789,"cost":0.5249999836087227,"profit":1124.1000366210938,"transactions":36,"margin":100.0},{"product":"BLUE GLUE INFUSED CAVI CONE - CAVIAR GOLD","units":42,"revenue":1105.999984741211,"cost":0.5249999836087227,"profit":1105.4750061035156,"transactions":40,"margin":100.0},{"product":"ICE WATA INFUSED CAVI CONE - CAVIAR GOLD","units":36,"revenue":959.0000152587891,"cost":0.44999998062849045,"profit":958.5500335693359,"transactions":36,"margin":100.0},{"product":"MONSTER COOKIES INFUSED CAVI CONE - CAVIAR GOLD","units":36,"revenue":945.0,"cost":0.44999998062849045,"profit":944.5500183105469,"transactions":36,"margin":100.0},{"product":"STRONG BERRY INFUSED CAVI CONE - CAVIAR GOLD","units":36,"revenue":938.0000305175781,"cost":0.44999998062849045,"profit":937.5499725341797,"transactions":34,"margin":100.0},{"product":"BLUE GLUE 3 PK INFUSED BABY CAVI - CAVIAR GOLD","units":22,"revenue":934.2499542236328,"cost":0.2749999985098839,"profit":933.9749908447266,"transactions":18,"margin":100.0},{"product":"APPLE DRIP 3 PK INFUSED BABY CAVI - CAVIAR GOLD","units":24,"revenue":918.4999847412109,"cost":0.29999999329447746,"profit":918.1999969482422,"transactions":24,"margin":100.0},{"product":"ORIGINAL GANGSTA 3 PK INFUSED BABY CAVI - CAVIAR GOLD","units":24,"revenue":855.625,"cost":0.29999999329447746,"profit":855.3250122070312,"transactions":24,"margin":100.0},{"product":"LIGHTNING OG 3 PK INFUSED BABY CAVI - CAVIAR GOLD","units":20,"revenue":795.5000305175781,"cost":0.2499999850988388,"profit":795.2500152587891,"transactions":20,"margin":100.0},{"product":"KING CAVI OG 3 PK INFUSED BABY CAVI - CAVIAR GOLD","units":22,"revenue":779.7499847412109,"cost":0.2749999985098839,"profit":779.4750213623047,"transactions":22,"margin":100.0},{"product":"CAVI LAND 3 PK INFUSED BABY CAVI - CAVIAR GOLD","units":16,"revenue":622.5,"cost":0.19999999552965164,"profit":622.2999954223633,"transactions":16,"margin":100.0}],"Elevation Oasis":[{"product":"APPLE DRIP INFUSED CAVI CONE - CAVIAR GOLD","units":50,"revenue":1498.0000305175781,"cost":0.625,"profit":1497.3750305175781,"transactions":44,"margin":100.0},{"product":"BLUE DREAM INFUSED CAVI CONE - CAVIAR GOLD","units":48,"revenue":1395.675048828125,"cost":0.5999999865889549,"profit":1395.0750732421875,"transactions":38,"margin":100.0},{"product":"BLUE GLUE INFUSED CAVI CONE - CAVIAR GOLD","units":50,"revenue":1278.375015258789,"cost":0.625,"profit":1277.750015258789,"transactions":48,"margin":100.0},{"product":"MONSTER COOKIES INFUSED CAVI CONE - CAVIAR GOLD","units":46,"revenue":1198.0000305175781,"cost":0.5749999731779099,"profit":1197.4250030517578,"transactions":46,"margin":100.0},{"product":"LOST LOUIE INFUSED CAVI CONE - CAVIAR GOLD","units":46,"revenue":1179.4999694824219,"cost":0.5749999731779099,"profit":1178.9249420166016,"transactions":36,"margin":100.0},{"product":"STRONG BERRY INFUSED CAVI CONE - CAVIAR GOLD","units":46,"revenue":1150.1750183105469,"cost":0.5749999731779099,"profit":1149.5999908447266,"transactions":40,"margin":100.0},{"product":"ICE WATA INFUSED CAVI CONE - CAVIAR GOLD","units":50,"revenue":1111.2249755859375,"cost":0.625,"profit":1110.5999755859375,"transactions":44,"margin":99.9000015258789},{"product":"KING CAVI OG INFUSED CAVI CONE - CAVIAR GOLD","units":48,"revenue":1105.0,"cost":0.5999999865889549,"profit":1104.4000244140625,"transactions":44,"margin":99.9000015258789},{"product":"ORIGINAL GANGSTA 3 PK INFUSED BABY CAVI - CAVIAR GOLD","units":24,"revenue":1082.249984741211,"cost":0.29999999329447746,"profit":1081.9500732421875,"transactions":24,"margin":100.0},{"product":"LIGHTNING OG 3 PK INFUSED BABY CAVI - CAVIAR GOLD","units":24,"revenue":1054.4999694824219,"cost":0.29999999329447746,"profit":1054.2000579833984,"transactions":18,"margin":100.0},{"product":"KING CAVI OG 3 PK INFUSED BABY CAVI - CAVIAR GOLD","units":24,"revenue":1045.250015258789,"cost":0.29999999329447746,"profit":1044.9500274658203,"transactions":18,"margin":100.0},{"product":"CAVI LAND 3 PK INFUSED BABY CAVI - CAVIAR GOLD","units":24,"revenue":1032.6249694824219,"cost":0.29999999329447746,"profit":1032.3249816894531,"transactions":14,"margin":100.0},{"product":"APPLE DRIP 3 PK INFUSED BABY CAVI - CAVIAR GOLD","units":24,"revenue":989.7499847412109,"cost":0.29999999329447746,"profit":989.4500732421875,"transactions":20,"margin":100.0}],"Elevation Midtown":[{"product":"KING CAVI OG INFUSED CAVI CONE - CAVIAR GOLD","units":50,"revenue":1540.0,"cost":0.625,"profit":1539.375,"transactions":34,"margin":100.0},{"product":"BLUE GLUE INFUSED CAVI CONE - CAVIAR GOLD","units":48,"revenue":1505.0,"cost":0.5999999865889549,"profit":1504.4000244140625,"transactions":32,"margin":100.0},{"product":"LIGHTNING OG INFUSED CAVI CONE - CAVIAR GOLD","units":50,"revenue":1498.0000305175781,"cost":0.625,"profit":1497.3750305175781,"transactions":34,"margin":100.0},{"product":"ORIGINAL GANGSTA INFUSED CAVI CONE - CAVIAR GOLD","units":50,"revenue":1441.9999694824219,"cost":0.625,"profit":1441.3749694824219,"transactions":40,"margin":100.0},{"product":"STRONG BERRY INFUSED CAVI CONE - CAVIAR GOLD","units":46,"revenue":1438.5000610351562,"cost":0.5749999731779099,"profit":1437.9249572753906,"transactions":42,"margin":100.0},{"product":"APPLE DRIP INFUSED CAVI CONE - CAVIAR GOLD","units":46,"revenue":1351.0000610351562,"cost":0.5749999731779099,"profit":1350.4249572753906,"transactions":36,"margin":100.0},{"product":"ICE WATA INFUSED CAVI CONE - CAVIAR GOLD","units":40,"revenue":1204.000015258789,"cost":0.4999999701976776,"profit":1203.499984741211,"transactions":30,"margin":100.0},{"product":"BLUE DREAM INFUSED CAVI CONE - CAVIAR GOLD","units":42,"revenue":1166.500015258789,"cost":0.5249999836087227,"profit":1165.9749603271484,"transactions":24,"margin":100.0},{"product":"KING CAVI OG 3 PK INFUSED BABY CAVI - CAVIAR GOLD","units":24,"revenue":1026.7500305175781,"cost":0.29999999329447746,"profit":1026.4500427246094,"transactions":16,"margin":100.0},{"product":"BLUE GLUE 3 PK INFUSED BABY CAVI - CAVIAR GOLD","units":22,"revenue":961.9999694824219,"cost":0.2749999985098839,"profit":961.7250061035156,"transactions":20,"margin":100.0},{"product":"LIGHTNING OG 3 PK INFUSED BABY CAVI - CAVIAR GOLD","units":24,"revenue":915.7499694824219,"cost":0.29999999329447746,"profit":915.4499816894531,"transactions":22,"margin":100.0},{"product":"STRONG BERRY 3 PK INFUSED BABY CAVI - CAVIAR GOLD","units":24,"revenue":906.5000152587891,"cost":0.29999999329447746,"profit":906.2000274658203,"transactions":18,"margin":100.0},{"product":"ORIGINAL GANGSTA 3 PK INFUSED BABY CAVI - CAVIAR GOLD","units":22,"revenue":897.2499847412109,"cost":0.2749999985098839,"profit":896.9750213623047,"transactions":18,"margin":100.0}],"Elevation Boulevard":[{"product":"LIGHTNING OG INFUSED CAVI CONE - CAVIAR GOLD","units":50,"revenue":1414.0000915527344,"cost":0.625,"profit":1413.3749389648438,"transactions":48,"margin":100.0},{"product":"APPLE DRIP INFUSED CAVI CONE - CAVIAR GOLD","units":48,"revenue":1386.0000610351562,"cost":0.5999999865889549,"profit":1385.3999328613281,"transactions":48,"margin":100.0},{"product":"BLUE DREAM INFUSED CAVI CONE - CAVIAR GOLD","units":50,"revenue":1361.4999389648438,"cost":0.625,"profit":1360.8749389648438,"transactions":48,"margin":100.0},{"product":"KING CAVI OG INFUSED CAVI CONE - CAVIAR GOLD","units":50,"revenue":1345.675048828125,"cost":0.625,"profit":1345.050048828125,"transactions":38,"margin":100.0},{"product":"ICE WATA INFUSED CAVI CONE - CAVIAR GOLD","units":50,"revenue":1323.0000305175781,"cost":0.625,"profit":1322.3750305175781,"transactions":40,"margin":100.0},{"product":"ORIGINAL GANGSTA INFUSED CAVI CONE - CAVIAR GOLD","units":50,"revenue":1270.5000305175781,"cost":0.625,"profit":1269.8750305175781,"transactions":40,"margin":100.0},{"product":"LOST LOUIE INFUSED CAVI CONE - CAVIAR GOLD","units":50,"revenue":1211.3749694824219,"cost":0.625,"profit":1210.7499694824219,"transactions":42,"margin":99.9000015258789},{"product":"BLUE GLUE INFUSED CAVI CONE - CAVIAR GOLD","units":50,"revenue":1190.0,"cost":0.625,"profit":1189.375,"transactions":40,"margin":99.9000015258789},{"product":"ORIGINAL GANGSTA 3 PK INFUSED BABY CAVI - CAVIAR GOLD","units":24,"revenue":929.6250152587891,"cost":0.29999999329447746,"profit":929.3250274658203,"transactions":22,"margin":100.0},{"product":"LIGHTNING OG 3 PK INFUSED BABY CAVI - CAVIAR GOLD","units":24,"revenue":915.7499694824219,"cost":0.29999999329447746,"profit":915.4499816894531,"transactions":24,"margin":100.0},{"product":"STRONG BERRY 3 PK INFUSED BABY CAVI - CAVIAR GOLD","units":24,"revenue":914.8750305175781,"cost":0.29999999329447746,"profit":914.5750427246094,"transactions":18,"margin":100.0},{"product":"CAVI LAND 3 PK INFUSED BABY CAVI - CAVIAR GOLD","units":24,"revenue":854.7499847412109,"cost":0.29999999329447746,"profit":854.4499969482422,"transactions":22,"margin":100.0},{"product":"KING CAVI OG 3 PK INFUSED BABY CAVI - CAVIAR GOLD","units":22,"revenue":827.8749847412109,"cost":0.2749999985098839,"profit":827.6000213623047,"transactions":22,"margin":100.0}],"Elevation Parkway":[{"product":"APPLE DRIP INFUSED CAVI CONE - CAVIAR GOLD","units":52,"revenue":1620.5000305175781,"cost":0.6499999761581421,"profit":1619.8500061035156,"transactions":52,"margin":100.0},{"product":"ICE WATA INFUSED CAVI CONE - CAVIAR GOLD","units":50,"revenue":1533.0000305175781,"cost":0.625,"profit":1532.3750305175781,"transactions":42,"margin":100.0},{"product":"STRONG BERRY INFUSED CAVI CONE - CAVIAR GOLD","units":48,"revenue":1498.0000305175781,"cost":0.5999999865889549,"profit":1497.4000549316406,"transactions":44,"margin":100.0},{"product":"LIGHTNING OG INFUSED CAVI CONE - CAVIAR GOLD","units":50,"revenue":1459.4999694824219,"cost":0.625,"profit":1458.8749694824219,"transactions":50,"margin":100.0},{"product":"BLUE GLUE INFUSED CAVI CONE - CAVIAR GOLD","units":52,"revenue":1434.4999694824219,"cost":0.6499999761581421,"profit":1433.8499450683594,"transactions":52,"margin":100.0},{"product":"KING CAVI OG INFUSED CAVI CONE - CAVIAR GOLD","units":48,"revenue":1408.3999633789062,"cost":0.5999999865889549,"profit":1407.7999877929688,"transactions":44,"margin":100.0},{"product":"BLUE DREAM INFUSED CAVI CONE - CAVIAR GOLD","units":44,"revenue":1403.5000610351562,"cost":0.5499999970197678,"profit":1402.9499816894531,"transactions":42,"margin":100.0},{"product":"LOST LOUIE INFUSED CAVI CONE - CAVIAR GOLD","units":48,"revenue":1378.9999389648438,"cost":0.5999999865889549,"profit":1378.3999633789062,"transactions":44,"margin":100.0},{"product":"KING CAVI OG 3 PK INFUSED BABY CAVI - CAVIAR GOLD","units":24,"revenue":1110.0,"cost":0.29999999329447746,"profit":1109.7000885009766,"transactions":18,"margin":100.0},{"product":"ORIGINAL GANGSTA 3 PK INFUSED BABY CAVI - CAVIAR GOLD","units":24,"revenue":1073.0000305175781,"cost":0.29999999329447746,"profit":1072.7000427246094,"transactions":18,"margin":100.0},{"product":"CAVI LAND 3 PK INFUSED BABY CAVI - CAVIAR GOLD","units":24,"revenue":1045.250015258789,"cost":0.29999999329447746,"profit":1044.9500274658203,"transactions":24,"margin":100.0},{"product":"LIGHTNING OG 3 PK INFUSED BABY CAVI - CAVIAR GOLD","units":24,"revenue":1045.250015258789,"cost":0.29999999329447746,"profit":1044.9500274658203,"transactions":22,"margin":100.0},{"product":"STRONG BERRY 3 PK INFUSED BABY CAVI - CAVIAR GOLD","units":24,"revenue":1022.1250152587891,"cost":0.29999999329447746,"profit":1021.8250274658203,"transactions":20,"margin":100.0}]},"store_summary":[{"store_clean":"Elevation Parkway","units":512,"revenue":17032.025146484375,"cost":6.3999998569488525,"profit":17025.625,"discounts":2237.974853515625,"margin":100.0,"discount_rate":11.600000381469727},{"store_clean":"Elevation Midtown","units":488,"revenue":15853.24951171875,"cost":6.1000001430511475,"profit":15847.149658203125,"discounts":2531.750030517578,"margin":100.0,"discount_rate":13.800000190734863},{"store_clean":"Elevation Springs","units":518,"revenue":15795.374755859375,"cost":6.474999785423279,"profit":15788.900146484375,"discounts":3954.6249389648438,"margin":100.0,"discount_rate":20.0},{"store_clean":"Elevation Mesa","units":502,"revenue":15307.874755859375,"cost":6.274999976158142,"profit":15301.600341796875,"discounts":3702.1249389648438,"margin":100.0,"discount_rate":19.5},{"store_clean":"Elevation Oasis","units":504,"revenue":15120.32470703125,"cost":6.299999952316284,"profit":15114.024658203125,"discounts":3869.6749877929688,"margin":100.0,"discount_rate":20.399999618530273},{"store_clean":"Elevation Boulevard","units":516,"revenue":14944.925537109375,"cost":6.449999809265137,"profit":14938.475341796875,"discounts":4442.574768066406,"margin":100.0,"discount_rate":22.899999618530273}],"recommendations":[{"severity":"info","title":"VOLUME LEVERAGE","detail":"$37,622 revenue provides negotiating leverage.","action":"Use volume as leverage in next vendor meeting."}],"comparison":null}