{"brand":"TWISTED","date_range":"2024-01-01 00:00:00 to 2026-01-31 00:00:00","period_label":"All Time","summary":{"total_units":480,"total_revenue":1281.25,"total_cost":358.9249801635742,"total_discounts":128.75,"total_profit":922.3250579833984,"overall_margin":72.0,"fp_margin":73.9000015258789,"disc_margin":66.30000305175781,"pct_full_price":74.9000015258789,"avg_discount_rate":9.100000381469727,"fp_revenue":960.0,"disc_revenue":321.25,"brand":"TWISTED","date_range":"2024-01-01 00:00:00 to 2026-01-31 00:00:00","primary_category":"ACCESSORY","store_coverage":"3/7","stores_present":["Elevation Mesa","Elevation Oasis","Elevation Boulevard"],"stores_missing":["Elevation Springs","Elevation Downtown","Elevation Midtown","Elevation Parkway"],"velocity_rank":19,"velocity_total":136},"distribution":[{"store":"Elevation Springs","carries_brand":false,"sku_count":0,"revenue":0.0,"units":0,"store_total_revenue":51138750.0,"brand_share_pct":0},{"store":"Elevation Mesa","carries_brand":true,"sku_count":2,"revenue":346.62498474121094,"units":106,"store_total_revenue":47532240.0,"brand_share_pct":0.0},{"store":"Elevation Oasis","carries_brand":true,"sku_count":2,"revenue":120.74999809265137,"units":36,"store_total_revenue":56050145.0,"brand_share_pct":0.0},{"store":"Elevation Downtown","carries_brand":false,"sku_count":0,"revenue":0.0,"units":0,"store_total_revenue":1945237.1875,"brand_share_pct":0},{"store":"Elevation Midtown","carries_brand":false,"sku_count":0,"revenue":0.0,"units":0,"store_total_revenue":30850185.0,"brand_share_pct":0},{"store":"Elevation Boulevard","carries_brand":true,"sku_count":2,"revenue":813.8749694824219,"units":338,"store_total_revenue":28757865.0,"brand_share_pct":0.0},{"store":"Elevation Parkway","carries_brand":false,"sku_count":0,"revenue":0.0,"units":0,"store_total_revenue":21987007.5,"brand_share_pct":0}],"share_of_category":[{"category":"ACCESSORY","brand_revenue":1281.25,"category_revenue":4128754.0625,"revenue_share_pct":0.0,"brand_units":480,"category_units":2130096,"units_share_pct":0.0}],"share_of_category_trend":{"ACCESSORY":[{"period":"2024-01","brand_revenue":0.0,"category_revenue":153543.9453125,"share_pct":0.0},{"period":"2024-02","brand_revenue":0.0,"category_revenue":152399.47265625,"share_pct":0.0},{"period":"2024-03","brand_revenue":0.0,"category_revenue":154678.876953125,"share_pct":0.0},{"period":"2024-04","brand_revenue":0.0,"category_revenue":163353.65234375,"share_pct":0.0},{"period":"2024-05","brand_revenue":0.0,"category_revenue":179676.4453125,"share_pct":0.0},{"period":"2024-06","brand_revenue":0.0,"category_revenue":185008.828125,"share_pct":0.0},{"period":"2024-07","brand_revenue":0.0,"category_revenue":186675.46875,"share_pct":0.0},{"period":"2024-08","brand_revenue":0.0,"category_revenue":180226.328125,"share_pct":0.0},{"period":"2024-09","brand_revenue":0.0,"category_revenue":162386.298828125,"share_pct":0.0},{"period":"2024-10","brand_revenue":0.0,"category_revenue":166088.73046875,"share_pct":0.0},{"period":"2024-11","brand_revenue":0.0,"category_revenue":171706.09375,"share_pct":0.0},{"period":"2024-12","brand_revenue":0.0,"category_revenue":176502.03125,"share_pct":0.0},{"period":"2025-01","brand_revenue":0.0,"category_revenue":167261.34765625,"share_pct":0.0},{"period":"2025-02","brand_revenue":0.0,"category_revenue":155260.927734375,"share_pct":0.0},{"period":"2025-03","brand_revenue":0.0,"category_revenue":176420.390625,"share_pct":0.0},{"period":"2025-04","brand_revenue":0.0,"category_revenue":182694.82421875,"share_pct":0.0},{"period":"2025-05","brand_revenue":0.0,"category_revenue":179904.4921875,"share_pct":0.0},{"period":"2025-06","brand_revenue":0.0,"category_revenue":161148.75,"share_pct":0.0},{"period":"2025-07","brand_revenue":24.249999523162842,"category_revenue":165549.8046875,"share_pct":0.0},{"period":"2025-08","brand_revenue":117.25000381469727,"category_revenue":171752.05078125,"share_pct":0.10000000149011612},{"period":"2025-09","brand_revenue":146.37499809265137,"category_revenue":168198.9453125,"share_pct":0.10000000149011612},{"period":"2025-10","brand_revenue":165.0,"category_revenue":171844.55078125,"share_pct":0.10000000149011612},{"period":"2025-11","brand_revenue":202.87500381469727,"category_revenue":172839.74609375,"share_pct":0.10000000149011612},{"period":"2025-12","brand_revenue":292.99999237060547,"category_revenue":141954.873046875,"share_pct":0.20000000298023224},{"period":"2026-01","brand_revenue":332.5,"category_revenue":81677.1484375,"share_pct":0.4000000059604645}]},"velocity_by_category":[{"category":"ACCESSORY","brand_units_per_day":0.62,"category_avg_units_per_day":20.56,"velocity_index":3.1,"brand_rev_per_unit":2.14,"category_rev_per_unit":1.55,"brands_in_category":136}],"store_gaps":[{"store":"Elevation Springs","category":"ACCESSORY","category_revenue_at_store":898382.421875,"opportunity":"Brand not carried"},{"store":"Elevation Midtown","category":"ACCESSORY","category_revenue_at_store":796566.25,"opportunity":"Brand not carried"},{"store":"Elevation Parkway","category":"ACCESSORY","category_revenue_at_store":435759.453125,"opportunity":"Brand not carried"},{"store":"Elevation Downtown","category":"ACCESSORY","category_revenue_at_store":61539.7021484375,"opportunity":"Brand not carried"}],"product_mix":{"top":[{"product":"HEMP WRAPS (4PK) - TWISTED HEMP","units":480,"revenue":1281.25,"cost":358.9250183105469,"profit":922.3249816894531,"stores":3,"transactions":438,"margin":72.0}],"bottom":[],"expansion":[]},"pricing_consistency":[{"product":"HEMP WRAPS (4PK) - TWISTED HEMP","min_price":4.815828221789479,"max_price":6.70833322736952,"avg_price":6.021418500293319,"std_dev":0.41898201293572584,"store_count":6,"price_range":1.8925050055800419,"range_pct":31.4}],"promotional_effectiveness":{"lift":{"fp_units_per_day":3.14,"disc_units_per_day":2.64,"lift_pct":-15.6,"fp_avg_revenue_per_unit":5.775,"disc_avg_revenue_per_unit":4.35},"by_deal":[{"deal_name":"Industry 30% Off","uses":32,"revenue":157.49999523162842,"discounts":67.50000059604645,"units":76.0,"cost":55.625000866129994,"margin":64.7,"discount_depth":60.0},{"deal_name":"Senior - 10% Off","uses":6,"revenue":40.49999952316284,"discounts":4.500000104308128,"units":16.0,"cost":12.175000160932541,"margin":69.9,"discount_depth":20.0},{"deal_name":"LVAC - 25% Off","uses":5,"revenue":20.625,"discounts":6.875,"units":10.0,"cost":8.250000327825546,"margin":60.0,"discount_depth":50.0},{"deal_name":"Employee 30% - NOT FRIDAYS","uses":4,"revenue":15.749999582767487,"discounts":6.7500001192092896,"units":8.0,"cost":6.200000196695328,"margin":60.6,"discount_depth":60.0},{"deal_name":"Employee - 40% OFF","uses":2,"revenue":6.000000238418579,"discounts":4.000000059604645,"units":4.0,"cost":3.2250000536441803,"margin":46.3,"discount_depth":80.0},{"deal_name":"Jackpot - Locals 30% Off","uses":1,"revenue":5.249999761581421,"discounts":2.2499999403953552,"units":2.0,"cost":1.25,"margin":76.2,"discount_depth":60.0},{"deal_name":"Senior / Veterans - 20% Off","uses":1,"revenue":4.000000059604645,"discounts":1.0000000149011612,"units":2.0,"cost":1.574999988079071,"margin":60.6,"discount_depth":40.0},{"deal_name":"Veterans - 10% Off","uses":1,"revenue":6.7500001192092896,"discounts":0.7500000298023224,"units":2.0,"cost":1.25,"margin":81.5,"discount_depth":20.0}]},"growth_opportunities":[{"type":"distribution","title":"Expand to Elevation Springs","detail":"Store has $359,353 in ACCESSORY \u2014 categories where TWISTED competes.","priority":"high"},{"type":"distribution","title":"Expand to Elevation Downtown","detail":"Store has $24,616 in ACCESSORY \u2014 categories where TWISTED competes.","priority":"high"},{"type":"distribution","title":"Expand to Elevation Midtown","detail":"Store has $318,626 in ACCESSORY \u2014 categories where TWISTED competes.","priority":"high"},{"type":"distribution","title":"Expand to Elevation Parkway","detail":"Store has $174,304 in ACCESSORY \u2014 categories where TWISTED competes.","priority":"high"},{"type":"velocity","title":"Improve velocity in ACCESSORY","detail":"Velocity index 3 (below category average). 0.3 units/day vs 10.3 avg.","priority":"medium"}],"trend":[{"period":"2025-07","revenue":24.249999523162842,"cost":7.050000429153442,"margin":70.9,"units":10,"transactions":8,"profit":17.200000286102295,"revenue_change_pct":null,"units_change_pct":null,"margin_change_pts":null},{"period":"2025-08","revenue":117.25000381469727,"cost":31.92500114440918,"margin":72.8,"units":42,"transactions":42,"profit":85.32500267028809,"revenue_change_pct":383.5,"units_change_pct":320.0,"margin_change_pts":1.8},{"period":"2025-09","revenue":146.37499809265137,"cost":39.000000953674316,"margin":73.4,"units":52,"transactions":40,"profit":107.37500190734863,"revenue_change_pct":24.8,"units_change_pct":23.8,"margin_change_pts":0.6},{"period":"2025-10","revenue":165.0,"cost":57.125000953674316,"margin":65.4,"units":72,"transactions":66,"profit":107.87500381469727,"revenue_change_pct":12.7,"units_change_pct":38.5,"margin_change_pts":-8.0},{"period":"2025-11","revenue":202.87500381469727,"cost":62.750000953674316,"margin":69.1,"units":82,"transactions":74,"profit":140.12499809265137,"revenue_change_pct":23.0,"units_change_pct":13.9,"margin_change_pts":3.7},{"period":"2025-12","revenue":292.99999237060547,"cost":76.05000019073486,"margin":74.0,"units":104,"transactions":98,"profit":216.9499969482422,"revenue_change_pct":44.4,"units_change_pct":26.8,"margin_change_pts":5.0},{"period":"2026-01","revenue":332.5,"cost":85.02500534057617,"margin":74.4,"units":118,"transactions":110,"profit":247.47499465942383,"revenue_change_pct":13.5,"units_change_pct":13.5,"margin_change_pts":0.4}]}