{"brand":"METRIX","date_range":"2024-01-01 00:00:00 to 2026-01-31 00:00:00","period_label":"All Time","summary":{"total_units":269,"total_revenue":3702.5,"total_cost":1611.69970703125,"total_discounts":137.5,"total_profit":2090.80029296875,"overall_margin":56.5,"fp_margin":58.0,"disc_margin":49.29999923706055,"pct_full_price":82.80000305175781,"avg_discount_rate":3.5999999046325684,"fp_revenue":3065.0,"disc_revenue":637.5,"unique_customers":241,"brand":"METRIX","date_range":"2024-01-01 00:00:00 to 2026-01-31 00:00:00","months_count":7,"avg_monthly_cost":230.24,"cost_per_unit":5.99,"primary_category":"BATTERY","primary_cat_margin":62.29999923706055,"category_rank":10,"category_total":19,"margin_vs_category":-5.800000190734863,"velocity_rank":9},"category_breakdown":[{"category_clean":"BATTERY","units":269,"revenue":3702.5,"cost":1611.699951171875,"profit":2090.800048828125,"discounts":137.5,"margin":56.5,"category_avg_margin":62.29999923706055,"vs_category":-5.8,"rank":10.0,"total_brands":19.0}],"trend":[{"period":"2025-07","revenue":286.5,"cost":119.79999542236328,"margin":58.2,"units":20,"transactions":19,"profit":166.70001220703125,"revenue_change_pct":null,"units_change_pct":null,"margin_change_pts":null},{"period":"2025-08","revenue":716.5,"cost":299.5,"margin":58.2,"units":50,"transactions":45,"profit":417.0,"revenue_change_pct":150.1,"units_change_pct":150.0,"margin_change_pts":0.0},{"period":"2025-09","revenue":463.5,"cost":185.6899871826172,"margin":59.9,"units":31,"transactions":31,"profit":277.80999755859375,"revenue_change_pct":-35.3,"units_change_pct":-38.0,"margin_change_pts":1.7},{"period":"2025-10","revenue":565.5,"cost":233.6099853515625,"margin":58.7,"units":39,"transactions":36,"profit":331.8900146484375,"revenue_change_pct":22.0,"units_change_pct":25.8,"margin_change_pts":-1.2},{"period":"2025-11","revenue":637.5,"cost":269.54998779296875,"margin":57.7,"units":45,"transactions":42,"profit":367.95001220703125,"revenue_change_pct":12.7,"units_change_pct":15.4,"margin_change_pts":-1.0},{"period":"2025-12","revenue":523.0,"cost":293.8999938964844,"margin":43.8,"units":49,"transactions":47,"profit":229.10000610351562,"revenue_change_pct":-18.0,"units_change_pct":8.9,"margin_change_pts":-13.9},{"period":"2026-01","revenue":510.0,"cost":209.64999389648438,"margin":58.9,"units":35,"transactions":31,"profit":300.3500061035156,"revenue_change_pct":-2.5,"units_change_pct":-28.6,"margin_change_pts":15.1}],"share_of_category":[{"category":"BATTERY","brand_revenue":3702.5,"category_revenue":416746.875,"revenue_share_pct":0.8999999761581421,"brand_units":269,"category_units":20559,"units_share_pct":1.3}],"share_of_category_trend":{"BATTERY":[{"period":"2024-01","brand_revenue":0.0,"category_revenue":31409.5,"share_pct":0.0},{"period":"2024-02","brand_revenue":0.0,"category_revenue":31804.390625,"share_pct":0.0},{"period":"2024-03","brand_revenue":0.0,"category_revenue":32026.779296875,"share_pct":0.0},{"period":"2024-04","brand_revenue":0.0,"category_revenue":26275.509765625,"share_pct":0.0},{"period":"2024-05","brand_revenue":0.0,"category_revenue":24597.4296875,"share_pct":0.0},{"period":"2024-06","brand_revenue":0.0,"category_revenue":26936.30078125,"share_pct":0.0},{"period":"2024-07","brand_revenue":0.0,"category_revenue":28236.470703125,"share_pct":0.0},{"period":"2024-08","brand_revenue":0.0,"category_revenue":25863.150390625,"share_pct":0.0},{"period":"2024-09","brand_revenue":0.0,"category_revenue":21015.349609375,"share_pct":0.0},{"period":"2024-10","brand_revenue":0.0,"category_revenue":19711.5703125,"share_pct":0.0},{"period":"2024-11","brand_revenue":0.0,"category_revenue":15955.8798828125,"share_pct":0.0},{"period":"2024-12","brand_revenue":0.0,"category_revenue":15309.5498046875,"share_pct":0.0},{"period":"2025-01","brand_revenue":0.0,"category_revenue":9720.419921875,"share_pct":0.0},{"period":"2025-02","brand_revenue":0.0,"category_revenue":6292.25,"share_pct":0.0},{"period":"2025-03","brand_revenue":0.0,"category_revenue":7161.64990234375,"share_pct":0.0},{"period":"2025-04","brand_revenue":0.0,"category_revenue":6807.2099609375,"share_pct":0.0},{"period":"2025-05","brand_revenue":0.0,"category_revenue":8635.349609375,"share_pct":0.0},{"period":"2025-06","brand_revenue":0.0,"category_revenue":8114.10986328125,"share_pct":0.0},{"period":"2025-07","brand_revenue":286.5,"category_revenue":10585.099609375,"share_pct":2.700000047683716},{"period":"2025-08","brand_revenue":716.5,"category_revenue":10976.41015625,"share_pct":6.5},{"period":"2025-09","brand_revenue":463.5,"category_revenue":9812.5400390625,"share_pct":4.699999809265137},{"period":"2025-10","brand_revenue":565.5,"category_revenue":11114.91015625,"share_pct":5.099999904632568},{"period":"2025-11","brand_revenue":637.5,"category_revenue":9476.330078125,"share_pct":6.699999809265137},{"period":"2025-12","brand_revenue":523.0,"category_revenue":9969.51953125,"share_pct":5.199999809265137},{"period":"2026-01","brand_revenue":510.0,"category_revenue":8939.169921875,"share_pct":5.699999809265137}]},"discount_depth":[{"tier":"0% (Full Price)","transactions":204,"pct_of_transactions":81.3,"revenue":3065.0,"avg_discount":0.0},{"tier":"1-10%","transactions":25,"pct_of_transactions":10.0,"revenue":355.5,"avg_discount":10.0},{"tier":"11-20%","transactions":8,"pct_of_transactions":3.2,"revenue":121.5,"avg_discount":19.600000381469727},{"tier":"21-30%","transactions":0,"pct_of_transactions":0.0,"revenue":0.0,"avg_discount":0},{"tier":"31%+","transactions":1,"pct_of_transactions":0.4,"revenue":10.0,"avg_discount":33.29999923706055}],"velocity":{"units_per_day":1.35,"revenue_per_day":18.610000610351562,"avg_units_per_txn":1.07,"days_of_data":199,"total_units":269,"total_transactions":251},"velocity_by_category":[{"category":"BATTERY","brand_units_per_day":0.35,"category_avg_units_per_day":1.42,"velocity_index":24.9,"brand_rev_per_unit":13.76,"category_rev_per_unit":20.27,"brands_in_category":19}],"deals":[{"deal_name":"Senior - 10% Off","times_used":10,"units":12.0,"revenue":157.5,"discounts":17.5,"cost":71.8899974822998,"profit":85.6100025177002,"pre_discount_revenue":175.0,"margin":54.4,"avg_discount":10.0},{"deal_name":"Industry 30% Off","times_used":5,"units":5.0,"revenue":52.5,"discounts":22.5,"cost":29.94999885559082,"profit":22.55000114440918,"pre_discount_revenue":75.0,"margin":43.0,"avg_discount":30.0},{"deal_name":"Veterans - 10% Off","times_used":4,"units":4.0,"revenue":49.5,"discounts":5.5,"cost":23.969999313354492,"profit":25.530000686645508,"pre_discount_revenue":55.0,"margin":51.6,"avg_discount":10.0},{"deal_name":"Senior / Veterans - 20% Off","times_used":2,"units":2.0,"revenue":24.0,"discounts":6.0,"cost":11.979999542236328,"profit":12.020000457763672,"pre_discount_revenue":30.0,"margin":50.1,"avg_discount":20.0},{"deal_name":"Senior Sunday - RENO ONLY - 20% Off","times_used":1,"units":1.0,"revenue":12.0,"discounts":3.0,"cost":5.989999771118164,"profit":6.010000228881836,"pre_discount_revenue":15.0,"margin":50.1,"avg_discount":20.0}],"top_products":[{"product":"METRIX BATTERY - ALL COLORS","units":157,"revenue":2086.0,"cost":940.8199462890625,"profit":1145.1800537109375,"transactions":149,"margin":54.900001525878906},{"product":"Metrix Battery- all colors","units":77,"revenue":1106.5,"cost":461.22998046875,"profit":645.27001953125,"transactions":71,"margin":58.29999923706055},{"product":"METRIX BATTERY","units":35,"revenue":510.0,"cost":209.64999389648438,"profit":300.3500061035156,"transactions":31,"margin":58.900001525878906}],"products_by_store":{"Thrive Reno":[{"product":"METRIX BATTERY - ALL COLORS","units":157,"revenue":2086.0,"cost":940.8199462890625,"profit":1145.1800537109375,"transactions":149,"margin":54.900001525878906},{"product":"Metrix Battery- all colors","units":77,"revenue":1106.5,"cost":461.22998046875,"profit":645.27001953125,"transactions":71,"margin":58.29999923706055},{"product":"METRIX BATTERY","units":35,"revenue":510.0,"cost":209.64999389648438,"profit":300.3500061035156,"transactions":31,"margin":58.900001525878906}]},"store_summary":[{"store_clean":"Thrive Reno","units":269,"revenue":3702.5,"cost":1611.699951171875,"profit":2090.800048828125,"discounts":137.5,"margin":56.5,"discount_rate":3.5999999046325684}],"recommendations":[{"severity":"yellow","title":"CATEGORY BENCHMARK GAP","detail":"Overall margin (56.5%) trails BATTERY average (62.3%) by 5.8 pts.","action":"Negotiate cost reduction or increase retail price."}],"comparison":null}