{"brand":"JENNY KUSH","date_range":"2024-01-01 00:00:00 to 2026-01-31 00:00:00","period_label":"All Time","summary":{"total_units":62572,"total_revenue":2447472.5,"total_cost":1116438.28125,"total_discounts":695916.171875,"total_profit":1331034.375,"overall_margin":54.400001525878906,"fp_margin":64.5999984741211,"disc_margin":49.5,"pct_full_price":32.599998474121094,"avg_discount_rate":22.100000381469727,"fp_revenue":797795.0,"disc_revenue":1649677.5,"unique_customers":24626,"brand":"JENNY KUSH","date_range":"2024-01-01 00:00:00 to 2026-01-31 00:00:00","months_count":50,"avg_monthly_cost":44657.524999999994,"cost_per_unit":35.675,"primary_category":"FLOWER","primary_cat_margin":54.099998474121094,"category_rank":10,"category_total":64,"margin_vs_category":0.30000001192092896,"velocity_rank":17},"category_breakdown":[{"category_clean":"FLOWER","units":43438,"revenue":2202965.78125,"cost":1021352.03125,"profit":1181613.671875,"discounts":657805.546875,"margin":53.599998474121094,"category_avg_margin":54.099998474121094,"vs_category":-0.5,"rank":10.0,"total_brands":64.0},{"category_clean":"PRE ROLL","units":19134,"revenue":244506.875,"cost":95086.25,"profit":149420.625,"discounts":38110.625,"margin":61.099998474121094,"category_avg_margin":48.29999923706055,"vs_category":12.8,"rank":15.0,"total_brands":46.0}],"trend":[{"period":"2024-01","revenue":1278.75,"cost":550.0,"margin":57.0,"units":22,"transactions":20,"profit":728.75,"revenue_change_pct":null,"units_change_pct":null,"margin_change_pts":null},{"period":"2024-02","revenue":124192.001953125,"cost":53650.0,"margin":56.8,"units":2146,"transactions":1540,"profit":70542.001953125,"revenue_change_pct":9612.0,"units_change_pct":9654.5,"margin_change_pts":-0.2},{"period":"2024-03","revenue":124378.75,"cost":52039.6240234375,"margin":58.2,"units":2978,"transactions":2234,"profit":72339.1259765625,"revenue_change_pct":0.2,"units_change_pct":38.8,"margin_change_pts":1.4},{"period":"2024-04","revenue":119426.97265625,"cost":56352.67578125,"margin":52.8,"units":2944,"transactions":2150,"profit":63074.3017578125,"revenue_change_pct":-4.0,"units_change_pct":-1.1,"margin_change_pts":-5.3},{"period":"2024-05","revenue":95120.849609375,"cost":39340.34912109375,"margin":58.6,"units":2216,"transactions":1756,"profit":55780.498046875,"revenue_change_pct":-20.4,"units_change_pct":-24.7,"margin_change_pts":5.8},{"period":"2024-06","revenue":145099.5703125,"cost":57331.875,"margin":60.5,"units":3064,"transactions":2218,"profit":87767.705078125,"revenue_change_pct":52.5,"units_change_pct":38.3,"margin_change_pts":1.8},{"period":"2024-07","revenue":104887.5,"cost":41202.5,"margin":60.7,"units":2168,"transactions":1488,"profit":63685.0,"revenue_change_pct":-27.7,"units_change_pct":-29.2,"margin_change_pts":0.2},{"period":"2024-08","revenue":66157.2509765625,"cost":29110.0,"margin":56.0,"units":1478,"transactions":1082,"profit":37047.2509765625,"revenue_change_pct":-36.9,"units_change_pct":-31.8,"margin_change_pts":-4.7},{"period":"2024-09","revenue":126875.9765625,"cost":58140.0,"margin":54.2,"units":3268,"transactions":2130,"profit":68735.9765625,"revenue_change_pct":91.8,"units_change_pct":121.1,"margin_change_pts":-1.8},{"period":"2024-10","revenue":152489.6484375,"cost":69340.0,"margin":54.5,"units":3708,"transactions":2420,"profit":83149.6484375,"revenue_change_pct":20.2,"units_change_pct":13.5,"margin_change_pts":0.4},{"period":"2024-11","revenue":47920.0,"cost":28120.0,"margin":41.3,"units":1656,"transactions":1116,"profit":19800.0,"revenue_change_pct":-68.6,"units_change_pct":-55.3,"margin_change_pts":-13.2},{"period":"2024-12","revenue":134365.80078125,"cost":64220.0,"margin":52.2,"units":3388,"transactions":2148,"profit":70145.80078125,"revenue_change_pct":180.4,"units_change_pct":104.6,"margin_change_pts":10.9},{"period":"2025-01","revenue":110498.49609375,"cost":52460.0,"margin":52.5,"units":3580,"transactions":2498,"profit":58038.5009765625,"revenue_change_pct":-17.8,"units_change_pct":5.7,"margin_change_pts":0.3},{"period":"2025-02","revenue":113382.94921875,"cost":55297.5,"margin":51.2,"units":3034,"transactions":1748,"profit":58085.44921875,"revenue_change_pct":2.6,"units_change_pct":-15.3,"margin_change_pts":-1.3},{"period":"2025-03","revenue":71007.05078125,"cost":30100.0,"margin":57.6,"units":1754,"transactions":1138,"profit":40907.05078125,"revenue_change_pct":-37.4,"units_change_pct":-42.2,"margin_change_pts":6.4},{"period":"2025-04","revenue":99145.478515625,"cost":53277.5,"margin":46.3,"units":2742,"transactions":1888,"profit":45867.9736328125,"revenue_change_pct":39.6,"units_change_pct":56.3,"margin_change_pts":-11.3},{"period":"2025-05","revenue":94496.572265625,"cost":46097.5,"margin":51.2,"units":2258,"transactions":1376,"profit":48399.0771484375,"revenue_change_pct":-4.7,"units_change_pct":-17.7,"margin_change_pts":5.0},{"period":"2025-06","revenue":94389.326171875,"cost":43977.5,"margin":53.4,"units":2356,"transactions":1564,"profit":50411.826171875,"revenue_change_pct":-0.1,"units_change_pct":4.3,"margin_change_pts":2.2},{"period":"2025-07","revenue":98344.375,"cost":44955.0,"margin":54.3,"units":2710,"transactions":1812,"profit":53389.375,"revenue_change_pct":4.2,"units_change_pct":15.0,"margin_change_pts":0.9},{"period":"2025-08","revenue":101823.798828125,"cost":44905.0,"margin":55.9,"units":2962,"transactions":1970,"profit":56918.798828125,"revenue_change_pct":3.5,"units_change_pct":9.3,"margin_change_pts":1.6},{"period":"2025-09","revenue":86812.646484375,"cost":37925.0,"margin":56.3,"units":2632,"transactions":1836,"profit":48887.6513671875,"revenue_change_pct":-14.7,"units_change_pct":-11.1,"margin_change_pts":0.4},{"period":"2025-10","revenue":78721.4013671875,"cost":35047.5,"margin":55.5,"units":2296,"transactions":1514,"profit":43673.9013671875,"revenue_change_pct":-9.3,"units_change_pct":-12.8,"margin_change_pts":-0.8},{"period":"2025-11","revenue":105032.12890625,"cost":55525.0,"margin":47.1,"units":3186,"transactions":2014,"profit":49507.1240234375,"revenue_change_pct":33.4,"units_change_pct":38.8,"margin_change_pts":-8.3},{"period":"2025-12","revenue":77007.05078125,"cost":33456.25,"margin":56.6,"units":2390,"transactions":1652,"profit":43550.80078125,"revenue_change_pct":-26.7,"units_change_pct":-25.0,"margin_change_pts":9.4},{"period":"2026-01","revenue":74618.2275390625,"cost":34017.5,"margin":54.4,"units":1636,"transactions":1006,"profit":40600.72509765625,"revenue_change_pct":-3.1,"units_change_pct":-31.5,"margin_change_pts":-2.1}],"share_of_category":[{"category":"FLOWER","brand_revenue":2202965.625,"category_revenue":77755450.0,"revenue_share_pct":2.799999952316284,"brand_units":43438,"category_units":2708446,"units_share_pct":1.6},{"category":"PRE ROLL","brand_revenue":244506.875,"category_revenue":14009791.25,"revenue_share_pct":1.7000000476837158,"brand_units":19134,"category_units":1485736,"units_share_pct":1.3}],"share_of_category_trend":{"FLOWER":[{"period":"2024-01","brand_revenue":1278.75,"category_revenue":3552357.8125,"share_pct":0.0},{"period":"2024-02","brand_revenue":124192.001953125,"category_revenue":3535245.625,"share_pct":3.5},{"period":"2024-03","brand_revenue":110665.498046875,"category_revenue":3693805.625,"share_pct":3.0},{"period":"2024-04","brand_revenue":110174.7265625,"category_revenue":3541899.6875,"share_pct":3.0999999046325684},{"period":"2024-05","brand_revenue":85213.75,"category_revenue":3537479.375,"share_pct":2.4000000953674316},{"period":"2024-06","brand_revenue":135001.572265625,"category_revenue":3403269.6875,"share_pct":4.0},{"period":"2024-07","brand_revenue":99727.5,"category_revenue":3457705.9375,"share_pct":2.9000000953674316},{"period":"2024-08","brand_revenue":61069.248046875,"category_revenue":3453819.375,"share_pct":1.7999999523162842},{"period":"2024-09","brand_revenue":111203.974609375,"category_revenue":3316441.5625,"share_pct":3.4000000953674316},{"period":"2024-10","brand_revenue":137502.5,"category_revenue":3585775.0,"share_pct":3.799999952316284},{"period":"2024-11","brand_revenue":39160.0,"category_revenue":3454855.3125,"share_pct":1.100000023841858},{"period":"2024-12","brand_revenue":121098.75,"category_revenue":3226567.8125,"share_pct":3.799999952316284},{"period":"2025-01","brand_revenue":86459.00390625,"category_revenue":2984938.125,"share_pct":2.9000000953674316},{"period":"2025-02","brand_revenue":102977.451171875,"category_revenue":2816220.0,"share_pct":3.700000047683716},{"period":"2025-03","brand_revenue":64022.2998046875,"category_revenue":2911379.6875,"share_pct":2.200000047683716},{"period":"2025-04","brand_revenue":90866.220703125,"category_revenue":3118895.3125,"share_pct":2.9000000953674316},{"period":"2025-05","brand_revenue":87736.07421875,"category_revenue":2887345.0,"share_pct":3.0},{"period":"2025-06","brand_revenue":85699.82421875,"category_revenue":2773698.125,"share_pct":3.0999999046325684},{"period":"2025-07","brand_revenue":88566.123046875,"category_revenue":2782763.125,"share_pct":3.200000047683716},{"period":"2025-08","brand_revenue":88479.423828125,"category_revenue":2733122.8125,"share_pct":3.200000047683716},{"period":"2025-09","brand_revenue":72185.8984375,"category_revenue":2603501.5625,"share_pct":2.799999952316284},{"period":"2025-10","brand_revenue":67482.3486328125,"category_revenue":2663705.0,"share_pct":2.5},{"period":"2025-11","brand_revenue":95531.97265625,"category_revenue":2700189.0625,"share_pct":3.5},{"period":"2025-12","brand_revenue":62654.052734375,"category_revenue":2515209.53125,"share_pct":2.5},{"period":"2026-01","brand_revenue":74016.7236328125,"category_revenue":2505261.875,"share_pct":3.0}],"PRE ROLL":[{"period":"2024-01","brand_revenue":0.0,"category_revenue":508338.515625,"share_pct":0.0},{"period":"2024-02","brand_revenue":0.0,"category_revenue":489393.671875,"share_pct":0.0},{"period":"2024-03","brand_revenue":13713.24951171875,"category_revenue":520052.3828125,"share_pct":2.5999999046325684},{"period":"2024-04","brand_revenue":9252.249755859375,"category_revenue":491300.6640625,"share_pct":1.899999976158142},{"period":"2024-05","brand_revenue":9907.100219726562,"category_revenue":542202.890625,"share_pct":1.7999999523162842},{"period":"2024-06","brand_revenue":10097.999877929688,"category_revenue":507288.8671875,"share_pct":2.0},{"period":"2024-07","brand_revenue":5160.0,"category_revenue":524250.9765625,"share_pct":1.0},{"period":"2024-08","brand_revenue":5087.9998779296875,"category_revenue":612518.7109375,"share_pct":0.800000011920929},{"period":"2024-09","brand_revenue":15671.99951171875,"category_revenue":586543.0078125,"share_pct":2.700000047683716},{"period":"2024-10","brand_revenue":14987.149658203125,"category_revenue":641449.1796875,"share_pct":2.299999952316284},{"period":"2024-11","brand_revenue":8760.0,"category_revenue":579866.71875,"share_pct":1.5},{"period":"2024-12","brand_revenue":13267.049560546875,"category_revenue":582999.5703125,"share_pct":2.299999952316284},{"period":"2025-01","brand_revenue":24039.49951171875,"category_revenue":544095.3125,"share_pct":4.400000095367432},{"period":"2025-02","brand_revenue":10405.499267578125,"category_revenue":500875.5859375,"share_pct":2.0999999046325684},{"period":"2025-03","brand_revenue":6984.749755859375,"category_revenue":551422.0703125,"share_pct":1.2999999523162842},{"period":"2025-04","brand_revenue":8279.249877929688,"category_revenue":568189.375,"share_pct":1.5},{"period":"2025-05","brand_revenue":6760.4998779296875,"category_revenue":565516.875,"share_pct":1.2000000476837158},{"period":"2025-06","brand_revenue":8689.500122070312,"category_revenue":560506.71875,"share_pct":1.600000023841858},{"period":"2025-07","brand_revenue":9778.250122070312,"category_revenue":600916.09375,"share_pct":1.600000023841858},{"period":"2025-08","brand_revenue":13344.375,"category_revenue":620247.5,"share_pct":2.200000047683716},{"period":"2025-09","brand_revenue":14626.75048828125,"category_revenue":608971.09375,"share_pct":2.4000000953674316},{"period":"2025-10","brand_revenue":11239.05029296875,"category_revenue":645293.1640625,"share_pct":1.7000000476837158},{"period":"2025-11","brand_revenue":9500.150146484375,"category_revenue":581113.4765625,"share_pct":1.600000023841858},{"period":"2025-12","brand_revenue":14353.00048828125,"category_revenue":553088.5546875,"share_pct":2.5999999046325684},{"period":"2026-01","brand_revenue":601.5000152587891,"category_revenue":523350.9375,"share_pct":0.10000000149011612}]},"discount_depth":[{"tier":"0% (Full Price)","transactions":15890,"pct_of_transactions":37.5,"revenue":797795.0,"avg_discount":0.0},{"tier":"1-10%","transactions":3946,"pct_of_transactions":9.3,"revenue":285918.59375,"avg_discount":20.0},{"tier":"11-20%","transactions":1922,"pct_of_transactions":4.5,"revenue":138331.328125,"avg_discount":39.400001525878906},{"tier":"21-30%","transactions":6948,"pct_of_transactions":16.4,"revenue":310820.546875,"avg_discount":53.599998474121094},{"tier":"31%+","transactions":6538,"pct_of_transactions":15.4,"revenue":473801.328125,"avg_discount":87.0}],"velocity":{"units_per_day":85.48,"revenue_per_day":3343.5501098632812,"avg_units_per_txn":2.96,"days_of_data":732,"total_units":62572,"total_transactions":42318},"velocity_by_category":[{"category":"FLOWER","brand_units_per_day":57.0,"category_avg_units_per_day":55.54,"velocity_index":102.6,"brand_rev_per_unit":40.57,"category_rev_per_unit":22.97,"brands_in_category":64},{"category":"PRE ROLL","brand_units_per_day":25.12,"category_avg_units_per_day":42.38,"velocity_index":59.2,"brand_rev_per_unit":10.22,"category_rev_per_unit":7.54,"brands_in_category":46}],"deals":[{"deal_name":"Industry - 30% Off","times_used":5444,"units":7258.0,"revenue":228668.64870786667,"discounts":98163.849670887,"cost":114611.9500021683,"profit":114056.70051515102,"pre_discount_revenue":326832.5,"margin":49.9,"avg_discount":60.0},{"deal_name":"Jenny Kush 1/4 for $70","times_used":2908,"units":6872.0,"revenue":300326.25,"discounts":162863.75,"cost":163928.79999997094,"profit":136397.4501991272,"pre_discount_revenue":463190.0,"margin":45.4,"avg_discount":70.4},{"deal_name":"Industry 30% Off","times_used":2342,"units":3519.0,"revenue":121704.1035580635,"discounts":52577.15089917183,"cost":62852.5,"profit":58851.59910544753,"pre_discount_revenue":174281.25,"margin":48.4,"avg_discount":60.4},{"deal_name":"Senior - 10% Off","times_used":2154,"units":3882.0,"revenue":184300.54980158806,"discounts":20763.199929594994,"cost":72457.89999999106,"profit":111842.64977879822,"pre_discount_revenue":205063.75,"margin":60.7,"avg_discount":20.2},{"deal_name":"Lit4Less - 1/4 for $75","times_used":1786,"units":3750.0,"revenue":174944.31250333786,"discounts":45368.18750023842,"cost":79860.0,"profit":95084.31249856949,"pre_discount_revenue":220312.5,"margin":54.4,"avg_discount":41.2},{"deal_name":"Senior / Veterans - 20% Off","times_used":1200,"units":1941.0,"revenue":86122.87480413914,"discounts":21770.874949097633,"cost":37970.7250000909,"profit":48152.15007007122,"pre_discount_revenue":107893.75,"margin":55.9,"avg_discount":40.4},{"deal_name":"4/20 2025 - Flower / Infused","times_used":836,"units":1334.0,"revenue":42964.47500228882,"discounts":43148.02499771118,"cost":30640.0,"profit":12324.47499781847,"pre_discount_revenue":86112.5,"margin":28.7,"avg_discount":100.2},{"deal_name":"Veterans - 10% Off","times_used":736,"units":912.6666666666666,"revenue":36350.66667318344,"discounts":4063.499995668729,"cost":14269.241666664991,"profit":22081.424996058144,"pre_discount_revenue":40414.166666666664,"margin":60.7,"avg_discount":20.2},{"deal_name":"50% Off - G2B","times_used":662,"units":1043.6666666666667,"revenue":29096.770829757057,"discounts":29331.145838101707,"cost":21105.416666666664,"profit":7991.354167113701,"pre_discount_revenue":58427.91666666667,"margin":27.5,"avg_discount":100.4},{"deal_name":"30% Off Special","times_used":616,"units":880.0,"revenue":8705.99975347519,"discounts":3743.9999508857727,"cost":4400.0,"profit":4306.0000593960285,"pre_discount_revenue":12450.0,"margin":49.5,"avg_discount":60.2},{"deal_name":"Jackpot - Locals 30% Off","times_used":440,"units":738.0,"revenue":26195.750262737274,"discounts":11226.750065684319,"cost":13407.5,"profit":12788.249934315681,"pre_discount_revenue":37422.5,"margin":48.8,"avg_discount":60.0},{"deal_name":"Spark the Summer Sale","times_used":428,"units":700.0,"revenue":26944.499986171722,"discounts":18063.000013828278,"cost":16340.0,"profit":10604.50000345707,"pre_discount_revenue":45007.5,"margin":39.4,"avg_discount":80.2},{"deal_name":"GW - 50% Off Flower","times_used":422,"units":660.0,"revenue":22687.5,"discounts":22687.5,"cost":16500.0,"profit":6187.5,"pre_discount_revenue":45375.0,"margin":27.3,"avg_discount":100.0},{"deal_name":"4/20 50% Off!!!!","times_used":420,"units":696.0,"revenue":18213.75,"discounts":18213.75,"cost":13280.0,"profit":4933.75,"pre_discount_revenue":36427.5,"margin":27.1,"avg_discount":100.0},{"deal_name":"Jenny Kush BOGO","times_used":370,"units":912.0,"revenue":31336.949062347412,"discounts":31363.050937652588,"cost":21660.0,"profit":9676.950120925903,"pre_discount_revenue":62700.0,"margin":30.9,"avg_discount":100.0},{"deal_name":"LVAC - 25% Off","times_used":216,"units":269.0,"revenue":10951.762499809265,"discounts":3664.487500190735,"cost":5165.074999998324,"profit":5786.687512397766,"pre_discount_revenue":14616.25,"margin":52.8,"avg_discount":50.2},{"deal_name":"Employee 30% - NOT FRIDAYS","times_used":136,"units":168.0,"revenue":3431.499991416931,"discounts":1518.4999990463257,"cost":1738.75,"profit":1692.7500021457672,"pre_discount_revenue":4950.0,"margin":49.3,"avg_discount":61.4},{"deal_name":"Employee - 40% OFF","times_used":84,"units":88.0,"revenue":2004.050001502037,"discounts":1520.9499979019165,"cost":1245.0,"profit":759.0499997138977,"pre_discount_revenue":3525.0,"margin":37.9,"avg_discount":86.2},{"deal_name":"Lit4Less - Premium PR - 5 for $50","times_used":56,"units":242.0,"revenue":2987.5,"discounts":642.5,"cost":1161.25,"profit":1826.25,"pre_discount_revenue":3630.0,"margin":61.1,"avg_discount":35.4},{"deal_name":"Store Credit - $15","times_used":48,"units":55.666666666666664,"revenue":1960.216658115387,"discounts":960.2000053723652,"cost":1052.9166666666667,"profit":907.2999946276348,"pre_discount_revenue":2920.416666666667,"margin":46.3,"avg_discount":65.8},{"deal_name":"Store Credit - $25","times_used":46,"units":52.666666666666664,"revenue":1616.3666659593582,"discounts":1084.0500076611836,"cost":972.9166666666667,"profit":643.449992487828,"pre_discount_revenue":2700.416666666667,"margin":39.8,"avg_discount":80.2},{"deal_name":"Store Credit - $50","times_used":22,"units":25.666666666666664,"revenue":879.5458336671193,"discounts":628.3708282311758,"cost":545.4166666666667,"profit":334.12916819254565,"pre_discount_revenue":1507.9166666666665,"margin":38.0,"avg_discount":83.4},{"deal_name":"Medical - 10%","times_used":20,"units":24.0,"revenue":1196.4999890327454,"discounts":145.99999725818634,"cost":485.0,"profit":711.499993801117,"pre_discount_revenue":1342.5,"margin":59.5,"avg_discount":21.8},{"deal_name":"Sammy Davis Early Bird - 15% Off","times_used":12,"units":12.0,"revenue":227.37499952316284,"discounts":40.12499988079071,"cost":92.5,"profit":134.87499952316284,"pre_discount_revenue":267.5,"margin":59.3,"avg_discount":30.0},{"deal_name":"Store Credit - $75","times_used":12,"units":13.0,"revenue":364.56249713897705,"discounts":399.18750286102295,"cost":276.25,"profit":88.31249833106995,"pre_discount_revenue":763.75,"margin":24.2,"avg_discount":104.6},{"deal_name":"Senior Sunday - RENO ONLY - 20% Off","times_used":6,"units":8.0,"revenue":440.0,"discounts":110.0,"cost":185.0,"profit":255.0,"pre_discount_revenue":550.0,"margin":58.0,"avg_discount":40.0},{"deal_name":"Store Credit - $100","times_used":6,"units":3.6666666666666665,"revenue":88.19583376248679,"discounts":127.2208340962728,"cost":77.91666666666667,"profit":10.279166499773662,"pre_discount_revenue":215.41666666666663,"margin":11.7,"avg_discount":118.2},{"deal_name":"Main St Happy Hour - 25% Off","times_used":4,"units":6.0,"revenue":67.5,"discounts":22.5,"cost":30.0,"profit":37.5,"pre_discount_revenue":90.0,"margin":55.6,"avg_discount":50.0},{"deal_name":"Voucher - 35% Off One Item","times_used":2,"units":2.0,"revenue":89.375,"discounts":48.125,"cost":50.0,"profit":39.375,"pre_discount_revenue":137.5,"margin":44.1,"avg_discount":70.0}],"top_products":[{"product":"JENNY KUSH EIGHTH - JENNY KUSH","units":43334,"revenue":2201409.53125,"cost":1020609.6875,"profit":1180799.6875,"transactions":27748,"margin":53.599998474121094},{"product":"JENNY KUSH PRE ROLL - JENNY KUSH","units":19134,"revenue":244506.875,"cost":95086.25,"profit":149420.625,"transactions":14580,"margin":61.099998474121094},{"product":"JENNY KUSH GRAM - JENNY KUSH","units":104,"revenue":1556.25,"cost":742.3000335693359,"profit":813.9499664306641,"transactions":96,"margin":52.29999923706055}],"products_by_store":{"Elevation Springs":[{"product":"JENNY KUSH EIGHTH - JENNY KUSH","units":8296,"revenue":418284.8046875,"cost":199795.0,"profit":218489.8046875,"transactions":5702,"margin":52.20000076293945},{"product":"JENNY KUSH PRE ROLL - JENNY KUSH","units":5972,"revenue":72936.7724609375,"cost":29860.0,"profit":43076.77734375,"transactions":4234,"margin":59.099998474121094}],"Elevation Mesa":[{"product":"JENNY KUSH EIGHTH - JENNY KUSH","units":10986,"revenue":539005.0390625,"cost":256008.14453125,"profit":282996.89453125,"transactions":7052,"margin":52.5},{"product":"JENNY KUSH PRE ROLL - JENNY KUSH","units":3786,"revenue":47617.0751953125,"cost":18742.5,"profit":28874.5751953125,"transactions":2954,"margin":60.599998474121094}],"Elevation Oasis":[{"product":"JENNY KUSH EIGHTH - JENNY KUSH","units":10980,"revenue":579930.5078125,"cost":257767.5,"profit":322163.0078125,"transactions":5786,"margin":55.599998474121094},{"product":"JENNY KUSH PRE ROLL - JENNY KUSH","units":2250,"revenue":30893.24951171875,"cost":11250.0,"profit":19643.24951171875,"transactions":1546,"margin":63.599998474121094}],"Elevation Downtown":[{"product":"JENNY KUSH EIGHTH - JENNY KUSH","units":110,"revenue":5055.375061035156,"cost":2337.5,"profit":2717.8750610351562,"transactions":100,"margin":53.79999923706055},{"product":"JENNY KUSH PRE ROLL - JENNY KUSH","units":150,"revenue":2088.000030517578,"cost":750.0,"profit":1338.0000305175781,"transactions":136,"margin":64.0999984741211}],"Elevation Midtown":[{"product":"JENNY KUSH EIGHTH - JENNY KUSH","units":6302,"revenue":329126.6796875,"cost":147995.0,"profit":181131.6796875,"transactions":4260,"margin":55.0},{"product":"JENNY KUSH PRE ROLL - JENNY KUSH","units":2206,"revenue":29683.24951171875,"cost":10883.75,"profit":18799.49951171875,"transactions":1810,"margin":63.29999923706055}],"Elevation Boulevard":[{"product":"JENNY KUSH EIGHTH - JENNY KUSH","units":4018,"revenue":190576.42578125,"cost":92224.072265625,"profit":98352.353515625,"transactions":2782,"margin":51.599998474121094},{"product":"JENNY KUSH PRE ROLL - JENNY KUSH","units":2030,"revenue":24419.52392578125,"cost":10150.0,"profit":14269.525146484375,"transactions":1594,"margin":58.400001525878906}],"Elevation Parkway":[{"product":"JENNY KUSH EIGHTH - JENNY KUSH","units":2642,"revenue":139430.625,"cost":64482.5,"profit":74948.125,"transactions":2066,"margin":53.79999923706055},{"product":"JENNY KUSH PRE ROLL - JENNY KUSH","units":2740,"revenue":36868.9990234375,"cost":13450.0,"profit":23418.9990234375,"transactions":2306,"margin":63.5},{"product":"JENNY KUSH GRAM - JENNY KUSH","units":104,"revenue":1556.25,"cost":742.3000335693359,"profit":813.9499664306641,"transactions":96,"margin":52.29999923706055}]},"store_summary":[{"store_clean":"Elevation Oasis","units":13230,"revenue":610823.75,"cost":269017.5,"profit":341806.25,"discounts":144313.75,"margin":56.0,"discount_rate":19.100000381469727},{"store_clean":"Elevation Mesa","units":14772,"revenue":586622.109375,"cost":274750.64453125,"profit":311871.484375,"discounts":196365.37109375,"margin":53.20000076293945,"discount_rate":25.100000381469727},{"store_clean":"Elevation Springs","units":14268,"revenue":491221.5625,"cost":229655.0,"profit":261566.58203125,"discounts":147112.177734375,"margin":53.20000076293945,"discount_rate":23.0},{"store_clean":"Elevation Midtown","units":8508,"revenue":358809.921875,"cost":158878.75,"profit":199931.171875,"discounts":86107.578125,"margin":55.70000076293945,"discount_rate":19.399999618530273},{"store_clean":"Elevation Boulevard","units":6048,"revenue":214995.95703125,"cost":102374.072265625,"profit":112621.875,"discounts":79451.552734375,"margin":52.400001525878906,"discount_rate":27.0},{"store_clean":"Elevation Parkway","units":5486,"revenue":177855.87890625,"cost":78674.7998046875,"profit":99181.07421875,"discounts":40996.6259765625,"margin":55.79999923706055,"discount_rate":18.700000762939453},{"store_clean":"Elevation Downtown","units":260,"revenue":7143.375244140625,"cost":3087.5,"profit":4055.8749389648438,"discounts":1569.1250610351562,"margin":56.79999923706055,"discount_rate":18.0}],"recommendations":[{"severity":"info","title":"VOLUME LEVERAGE","detail":"$978,989 revenue provides negotiating leverage.","action":"Use volume as leverage in next vendor meeting."}],"comparison":null}