{"brand":"KRAVE","date_range":"2024-01-01 00:00:00 to 2026-01-31 00:00:00","period_label":"All Time","summary":{"total_units":58,"total_revenue":4984.3499755859375,"total_cost":2603.75,"total_discounts":1458.1500244140625,"total_profit":2380.5999755859375,"overall_margin":47.79999923706055,"fp_margin":59.79999923706055,"disc_margin":35.5,"pct_full_price":50.70000076293945,"avg_discount_rate":22.600000381469727,"fp_revenue":2525.0,"disc_revenue":2459.3499755859375,"unique_customers":54,"brand":"KRAVE","date_range":"2024-01-01 00:00:00 to 2026-01-31 00:00:00","months_count":14,"avg_monthly_cost":371.97499999999997,"cost_per_unit":89.77499999999999,"primary_category":"ACCESSORY","primary_cat_margin":61.099998474121094,"category_rank":26,"category_total":136,"margin_vs_category":-13.300000190734863,"velocity_rank":59},"category_breakdown":[{"category_clean":"ACCESSORY","units":40,"revenue":3317.5,"cost":1628.75,"profit":1688.75,"discounts":950.0,"margin":50.900001525878906,"category_avg_margin":61.099998474121094,"vs_category":-10.2,"rank":26.0,"total_brands":136.0}],"trend":[{"period":"2025-03","revenue":1618.0999755859375,"cost":728.75,"margin":55.0,"units":18,"transactions":18,"profit":889.3499755859375,"revenue_change_pct":null,"units_change_pct":null,"margin_change_pts":null},{"period":"2025-04","revenue":621.25,"cost":437.5,"margin":29.6,"units":10,"transactions":10,"profit":183.75,"revenue_change_pct":-61.6,"units_change_pct":-44.4,"margin_change_pts":-25.4},{"period":"2025-05","revenue":907.5,"cost":537.5,"margin":40.8,"units":10,"transactions":8,"profit":370.0,"revenue_change_pct":46.1,"units_change_pct":0,"margin_change_pts":11.2},{"period":"2025-06","revenue":698.75,"cost":375.0,"margin":46.3,"units":10,"transactions":10,"profit":323.75,"revenue_change_pct":-23.0,"units_change_pct":0,"margin_change_pts":5.6},{"period":"2025-07","revenue":162.5,"cost":75.0,"margin":53.8,"units":2,"transactions":2,"profit":87.5,"revenue_change_pct":-76.7,"units_change_pct":-80.0,"margin_change_pts":7.5},{"period":"2025-11","revenue":351.25,"cost":225.0,"margin":35.9,"units":4,"transactions":4,"profit":126.25,"revenue_change_pct":116.2,"units_change_pct":100.0,"margin_change_pts":-17.9},{"period":"2025-12","revenue":625.0,"cost":225.0,"margin":64.0,"units":4,"transactions":4,"profit":400.0,"revenue_change_pct":77.9,"units_change_pct":0,"margin_change_pts":28.1}],"share_of_category":[{"category":"ACCESSORY","brand_revenue":3317.5,"category_revenue":4128754.0625,"revenue_share_pct":0.10000000149011612,"brand_units":40,"category_units":2130096,"units_share_pct":0.0},{"category":0.0,"brand_revenue":0.0,"category_revenue":0.0,"revenue_share_pct":0.0,"brand_units":0,"category_units":0,"units_share_pct":0.0}],"share_of_category_trend":{"ACCESSORY":[{"period":"2024-01","brand_revenue":0.0,"category_revenue":153543.9453125,"share_pct":0.0},{"period":"2024-02","brand_revenue":0.0,"category_revenue":152399.47265625,"share_pct":0.0},{"period":"2024-03","brand_revenue":0.0,"category_revenue":154678.876953125,"share_pct":0.0},{"period":"2024-04","brand_revenue":0.0,"category_revenue":163353.65234375,"share_pct":0.0},{"period":"2024-05","brand_revenue":0.0,"category_revenue":179676.4453125,"share_pct":0.0},{"period":"2024-06","brand_revenue":0.0,"category_revenue":185008.828125,"share_pct":0.0},{"period":"2024-07","brand_revenue":0.0,"category_revenue":186675.46875,"share_pct":0.0},{"period":"2024-08","brand_revenue":0.0,"category_revenue":180226.328125,"share_pct":0.0},{"period":"2024-09","brand_revenue":0.0,"category_revenue":162386.298828125,"share_pct":0.0},{"period":"2024-10","brand_revenue":0.0,"category_revenue":166088.73046875,"share_pct":0.0},{"period":"2024-11","brand_revenue":0.0,"category_revenue":171706.09375,"share_pct":0.0},{"period":"2024-12","brand_revenue":0.0,"category_revenue":176502.03125,"share_pct":0.0},{"period":"2025-01","brand_revenue":0.0,"category_revenue":167261.34765625,"share_pct":0.0},{"period":"2025-02","brand_revenue":0.0,"category_revenue":155260.927734375,"share_pct":0.0},{"period":"2025-03","brand_revenue":633.75,"category_revenue":176420.390625,"share_pct":0.4000000059604645},{"period":"2025-04","brand_revenue":490.0,"category_revenue":182694.82421875,"share_pct":0.30000001192092896},{"period":"2025-05","brand_revenue":356.25,"category_revenue":179904.4921875,"share_pct":0.20000000298023224},{"period":"2025-06","brand_revenue":698.75,"category_revenue":161148.75,"share_pct":0.4000000059604645},{"period":"2025-07","brand_revenue":162.5,"category_revenue":165549.8046875,"share_pct":0.10000000149011612},{"period":"2025-08","brand_revenue":0.0,"category_revenue":171752.05078125,"share_pct":0.0},{"period":"2025-09","brand_revenue":0.0,"category_revenue":168198.9453125,"share_pct":0.0},{"period":"2025-10","brand_revenue":0.0,"category_revenue":171844.55078125,"share_pct":0.0},{"period":"2025-11","brand_revenue":351.25,"category_revenue":172839.74609375,"share_pct":0.20000000298023224},{"period":"2025-12","brand_revenue":625.0,"category_revenue":141954.873046875,"share_pct":0.4000000059604645},{"period":"2026-01","brand_revenue":0.0,"category_revenue":81677.1484375,"share_pct":0.0}]},"discount_depth":[{"tier":"0% (Full Price)","transactions":26,"pct_of_transactions":44.8,"revenue":2525.0,"avg_discount":0.0},{"tier":"1-10%","transactions":2,"pct_of_transactions":3.4,"revenue":146.25,"avg_discount":20.0},{"tier":"11-20%","transactions":2,"pct_of_transactions":3.4,"revenue":130.0,"avg_discount":40.0},{"tier":"21-30%","transactions":4,"pct_of_transactions":6.9,"revenue":446.8499755859375,"avg_discount":47.79999923706055},{"tier":"31%+","transactions":14,"pct_of_transactions":24.1,"revenue":835.0,"avg_discount":102.19999694824219}],"velocity":{"units_per_day":0.2,"revenue_per_day":17.25000023841858,"avg_units_per_txn":2.08,"days_of_data":289,"total_units":58,"total_transactions":56},"velocity_by_category":[{"category":"ACCESSORY","brand_units_per_day":0.06,"category_avg_units_per_day":20.56,"velocity_index":0.3,"brand_rev_per_unit":66.35,"category_rev_per_unit":1.55,"brands_in_category":136},{"category":0.0,"brand_units_per_day":0.0,"category_avg_units_per_day":0,"velocity_index":0,"brand_rev_per_unit":0.0,"category_rev_per_unit":0.0,"brands_in_category":0}],"deals":[{"deal_name":"Jackpot - Locals 30% Off","times_used":6,"units":8.0,"revenue":682.5,"discounts":292.5,"cost":450.0,"profit":232.5,"pre_discount_revenue":975.0,"margin":34.1,"avg_discount":60.0},{"deal_name":"Senior - 10% Off","times_used":2,"units":2.0,"revenue":146.25,"discounts":16.25,"cost":75.0,"profit":71.25,"pre_discount_revenue":162.5,"margin":48.7,"avg_discount":20.0},{"deal_name":"Senior / Veterans - 20% Off","times_used":2,"units":2.0,"revenue":130.0,"discounts":32.5,"cost":75.0,"profit":55.0,"pre_discount_revenue":162.5,"margin":42.3,"avg_discount":40.0}],"top_products":[{"product":"GLYCERIN FREEZE PIPE - KRAVE","units":32,"revenue":2341.25,"cost":1178.75,"profit":1162.5,"transactions":32,"margin":49.70000076293945},{"product":"SQUARE FREEZE BONG","units":8,"revenue":976.25,"cost":450.0,"profit":526.25,"transactions":8,"margin":53.900001525878906},{"product":"GLYCERIN PIPE / NECTAR COLLECTOR","units":6,"revenue":759.3499755859375,"cost":375.0,"profit":384.35001373291016,"transactions":6,"margin":50.599998474121094},{"product":"GLYCERIN BONG - KRAVE","units":8,"revenue":682.5,"cost":500.0,"profit":182.5,"transactions":8,"margin":26.700000762939453},{"product":"GLYCERIN CHILLUM - KRAVE","units":4,"revenue":225.0,"cost":100.0,"profit":125.0,"transactions":4,"margin":55.599998474121094}],"products_by_store":{"Elevation Oasis":[{"product":"GLYCERIN FREEZE PIPE - KRAVE","units":32,"revenue":2341.25,"cost":1178.75,"profit":1162.5,"transactions":32,"margin":49.70000076293945},{"product":"SQUARE FREEZE BONG","units":8,"revenue":976.25,"cost":450.0,"profit":526.25,"transactions":8,"margin":53.900001525878906},{"product":"GLYCERIN PIPE / NECTAR COLLECTOR","units":6,"revenue":759.3499755859375,"cost":375.0,"profit":384.35001373291016,"transactions":6,"margin":50.599998474121094},{"product":"GLYCERIN BONG - KRAVE","units":8,"revenue":682.5,"cost":500.0,"profit":182.5,"transactions":8,"margin":26.700000762939453},{"product":"GLYCERIN CHILLUM - KRAVE","units":4,"revenue":225.0,"cost":100.0,"profit":125.0,"transactions":4,"margin":55.599998474121094}]},"store_summary":[{"store_clean":"Elevation Oasis","units":58,"revenue":4984.3499755859375,"cost":2603.75,"profit":2380.5999755859375,"discounts":1458.1500244140625,"margin":47.79999923706055,"discount_rate":22.600000381469727}],"recommendations":[{"severity":"red","title":"ACCESSORY: BELOW CATEGORY AVERAGE","detail":"Margin (50.9%) is 10 pts below ACCESSORY average. Ranked #26 of 136. Strong case for cost negotiation.","action":"Request 5% cost reduction or evaluate alternative ACCESSORY brands."},{"severity":"yellow","title":"CATEGORY BENCHMARK GAP","detail":"Overall margin (47.8%) trails ACCESSORY average (61.1%) by 13.3 pts.","action":"Negotiate cost reduction or increase retail price."}],"comparison":null}