{"brand":"Wulf","date_range":"2024-01-01 00:00:00 to 2026-01-31 00:00:00","period_label":"All Time","summary":{"total_units":452,"total_revenue":13113.04931640625,"total_cost":4102.149658203125,"total_discounts":929.4500732421875,"total_profit":9010.90087890625,"overall_margin":68.69999694824219,"fp_margin":70.9000015258789,"disc_margin":59.599998474121094,"pct_full_price":81.0,"avg_discount_rate":6.599999904632568,"fp_revenue":10620.0,"disc_revenue":2493.050079345703,"unique_customers":400,"brand":"Wulf","date_range":"2024-01-01 00:00:00 to 2026-01-31 00:00:00","months_count":18,"avg_monthly_cost":455.79999999999995,"cost_per_unit":18.15,"primary_category":"BATTERY","primary_cat_margin":62.29999923706055,"category_rank":14,"category_total":19,"margin_vs_category":6.400000095367432,"velocity_rank":14},"category_breakdown":[{"category_clean":"BATTERY","units":418,"revenue":12076.25,"cost":3612.3251342773438,"profit":8463.925170898438,"discounts":841.25,"margin":70.0999984741211,"category_avg_margin":62.29999923706055,"vs_category":7.8,"rank":14.0,"total_brands":19.0},{"category_clean":"ACCESSORY","units":34,"revenue":1036.8000030517578,"cost":489.8249816894531,"profit":546.9750213623047,"discounts":88.19999694824219,"margin":52.79999923706055,"category_avg_margin":61.099998474121094,"vs_category":-8.3,"rank":90.0,"total_brands":136.0}],"trend":[{"period":"2025-05","revenue":2861.7498779296875,"cost":900.4250335693359,"margin":68.5,"units":94,"transactions":90,"profit":1961.3249206542969,"revenue_change_pct":null,"units_change_pct":null,"margin_change_pts":null},{"period":"2025-06","revenue":2810.0,"cost":755.9249877929688,"margin":73.1,"units":86,"transactions":86,"profit":2054.0750122070312,"revenue_change_pct":-1.8,"units_change_pct":-8.5,"margin_change_pts":4.6},{"period":"2025-07","revenue":1461.25,"cost":366.85001373291016,"margin":74.9,"units":44,"transactions":44,"profit":1094.4000244140625,"revenue_change_pct":-48.0,"units_change_pct":-48.8,"margin_change_pts":1.8},{"period":"2025-08","revenue":3716.4999389648438,"cost":1139.175033569336,"margin":69.3,"units":132,"transactions":126,"profit":2577.3251342773438,"revenue_change_pct":154.3,"units_change_pct":200.0,"margin_change_pts":-5.5},{"period":"2025-09","revenue":1411.7500305175781,"cost":531.3750076293945,"margin":62.4,"units":66,"transactions":62,"profit":880.3750610351562,"revenue_change_pct":-62.0,"units_change_pct":-50.0,"margin_change_pts":-7.0},{"period":"2025-10","revenue":152.5,"cost":63.474998474121094,"margin":58.4,"units":6,"transactions":6,"profit":89.0250015258789,"revenue_change_pct":-89.2,"units_change_pct":-90.9,"margin_change_pts":-4.0},{"period":"2025-11","revenue":486.8000030517578,"cost":252.47499465942383,"margin":48.1,"units":18,"transactions":16,"profit":234.32498931884766,"revenue_change_pct":219.2,"units_change_pct":200.0,"margin_change_pts":-10.2},{"period":"2025-12","revenue":62.5,"cost":27.5,"margin":56.0,"units":2,"transactions":2,"profit":35.0,"revenue_change_pct":-87.2,"units_change_pct":-88.9,"margin_change_pts":7.9},{"period":"2026-01","revenue":150.0,"cost":64.94999885559082,"margin":56.7,"units":4,"transactions":4,"profit":85.05000114440918,"revenue_change_pct":140.0,"units_change_pct":100.0,"margin_change_pts":0.7}],"share_of_category":[{"category":"BATTERY","brand_revenue":12076.25,"category_revenue":1041867.1875,"revenue_share_pct":1.2000000476837158,"brand_units":418,"category_units":41118,"units_share_pct":1.0},{"category":"ACCESSORY","brand_revenue":1036.8000030517578,"category_revenue":4128754.0625,"revenue_share_pct":0.0,"brand_units":34,"category_units":2130096,"units_share_pct":0.0}],"share_of_category_trend":{"BATTERY":[{"period":"2024-01","brand_revenue":0.0,"category_revenue":78523.75,"share_pct":0.0},{"period":"2024-02","brand_revenue":0.0,"category_revenue":79510.9765625,"share_pct":0.0},{"period":"2024-03","brand_revenue":0.0,"category_revenue":80066.9482421875,"share_pct":0.0},{"period":"2024-04","brand_revenue":0.0,"category_revenue":65688.7744140625,"share_pct":0.0},{"period":"2024-05","brand_revenue":0.0,"category_revenue":61493.57421875,"share_pct":0.0},{"period":"2024-06","brand_revenue":0.0,"category_revenue":67340.751953125,"share_pct":0.0},{"period":"2024-07","brand_revenue":0.0,"category_revenue":70591.1767578125,"share_pct":0.0},{"period":"2024-08","brand_revenue":0.0,"category_revenue":64657.8759765625,"share_pct":0.0},{"period":"2024-09","brand_revenue":0.0,"category_revenue":52538.3740234375,"share_pct":0.0},{"period":"2024-10","brand_revenue":0.0,"category_revenue":49278.92578125,"share_pct":0.0},{"period":"2024-11","brand_revenue":0.0,"category_revenue":39889.69970703125,"share_pct":0.0},{"period":"2024-12","brand_revenue":0.0,"category_revenue":38273.87451171875,"share_pct":0.0},{"period":"2025-01","brand_revenue":0.0,"category_revenue":24301.0498046875,"share_pct":0.0},{"period":"2025-02","brand_revenue":0.0,"category_revenue":15730.625,"share_pct":0.0},{"period":"2025-03","brand_revenue":0.0,"category_revenue":17904.124755859375,"share_pct":0.0},{"period":"2025-04","brand_revenue":0.0,"category_revenue":17018.02490234375,"share_pct":0.0},{"period":"2025-05","brand_revenue":2861.7498779296875,"category_revenue":21588.3740234375,"share_pct":13.300000190734863},{"period":"2025-06","brand_revenue":2810.0,"category_revenue":20285.274658203125,"share_pct":13.899999618530273},{"period":"2025-07","brand_revenue":1461.25,"category_revenue":26462.7490234375,"share_pct":5.5},{"period":"2025-08","brand_revenue":3491.4999389648438,"category_revenue":27441.025390625,"share_pct":12.699999809265137},{"period":"2025-09","brand_revenue":1411.7500305175781,"category_revenue":24531.35009765625,"share_pct":5.800000190734863},{"period":"2025-10","brand_revenue":40.0,"category_revenue":27787.275390625,"share_pct":0.10000000149011612},{"period":"2025-11","brand_revenue":0.0,"category_revenue":23690.8251953125,"share_pct":0.0},{"period":"2025-12","brand_revenue":0.0,"category_revenue":24923.798828125,"share_pct":0.0},{"period":"2026-01","brand_revenue":0.0,"category_revenue":22347.9248046875,"share_pct":0.0}],"ACCESSORY":[{"period":"2024-01","brand_revenue":0.0,"category_revenue":153543.9453125,"share_pct":0.0},{"period":"2024-02","brand_revenue":0.0,"category_revenue":152399.47265625,"share_pct":0.0},{"period":"2024-03","brand_revenue":0.0,"category_revenue":154678.876953125,"share_pct":0.0},{"period":"2024-04","brand_revenue":0.0,"category_revenue":163353.65234375,"share_pct":0.0},{"period":"2024-05","brand_revenue":0.0,"category_revenue":179676.4453125,"share_pct":0.0},{"period":"2024-06","brand_revenue":0.0,"category_revenue":185008.828125,"share_pct":0.0},{"period":"2024-07","brand_revenue":0.0,"category_revenue":186675.46875,"share_pct":0.0},{"period":"2024-08","brand_revenue":0.0,"category_revenue":180226.328125,"share_pct":0.0},{"period":"2024-09","brand_revenue":0.0,"category_revenue":162386.298828125,"share_pct":0.0},{"period":"2024-10","brand_revenue":0.0,"category_revenue":166088.73046875,"share_pct":0.0},{"period":"2024-11","brand_revenue":0.0,"category_revenue":171706.09375,"share_pct":0.0},{"period":"2024-12","brand_revenue":0.0,"category_revenue":176502.03125,"share_pct":0.0},{"period":"2025-01","brand_revenue":0.0,"category_revenue":167261.34765625,"share_pct":0.0},{"period":"2025-02","brand_revenue":0.0,"category_revenue":155260.927734375,"share_pct":0.0},{"period":"2025-03","brand_revenue":0.0,"category_revenue":176420.390625,"share_pct":0.0},{"period":"2025-04","brand_revenue":0.0,"category_revenue":182694.82421875,"share_pct":0.0},{"period":"2025-05","brand_revenue":0.0,"category_revenue":179904.4921875,"share_pct":0.0},{"period":"2025-06","brand_revenue":0.0,"category_revenue":161148.75,"share_pct":0.0},{"period":"2025-07","brand_revenue":0.0,"category_revenue":165549.8046875,"share_pct":0.0},{"period":"2025-08","brand_revenue":225.0,"category_revenue":171752.05078125,"share_pct":0.10000000149011612},{"period":"2025-09","brand_revenue":0.0,"category_revenue":168198.9453125,"share_pct":0.0},{"period":"2025-10","brand_revenue":112.5,"category_revenue":171844.55078125,"share_pct":0.10000000149011612},{"period":"2025-11","brand_revenue":486.8000030517578,"category_revenue":172839.74609375,"share_pct":0.30000001192092896},{"period":"2025-12","brand_revenue":62.5,"category_revenue":141954.873046875,"share_pct":0.0},{"period":"2026-01","brand_revenue":150.0,"category_revenue":81677.1484375,"share_pct":0.20000000298023224}]},"discount_depth":[{"tier":"0% (Full Price)","transactions":332,"pct_of_transactions":76.1,"revenue":10620.0,"avg_discount":0.0},{"tier":"1-10%","transactions":28,"pct_of_transactions":6.4,"revenue":791.9999694824219,"avg_discount":20.0},{"tier":"11-20%","transactions":24,"pct_of_transactions":5.5,"revenue":710.0,"avg_discount":40.0},{"tier":"21-30%","transactions":2,"pct_of_transactions":0.5,"revenue":56.25,"avg_discount":50.0},{"tier":"31%+","transactions":24,"pct_of_transactions":5.5,"revenue":427.2999954223633,"avg_discount":100.0}],"velocity":{"units_per_day":1.78,"revenue_per_day":51.624999046325684,"avg_units_per_txn":2.08,"days_of_data":254,"total_units":452,"total_transactions":436},"velocity_by_category":[{"category":"BATTERY","brand_units_per_day":0.54,"category_avg_units_per_day":2.84,"velocity_index":19.3,"brand_rev_per_unit":23.11,"category_rev_per_unit":20.27,"brands_in_category":19},{"category":"ACCESSORY","brand_units_per_day":0.04,"category_avg_units_per_day":20.56,"velocity_index":0.2,"brand_rev_per_unit":24.4,"category_rev_per_unit":1.55,"brands_in_category":136}],"deals":[{"deal_name":"Industry 30% Off","times_used":12,"units":11.0,"revenue":189.89999890327454,"discounts":86.35000109672546,"cost":95.10000109672546,"profit":94.80000108480453,"pre_discount_revenue":276.25,"margin":49.9,"avg_discount":62.6},{"deal_name":"Veterans - 10% Off","times_used":8,"units":8.0,"revenue":227.24999904632568,"discounts":25.250000059604645,"cost":66.02500081062317,"profit":161.2249994277954,"pre_discount_revenue":252.5,"margin":70.9,"avg_discount":20.0},{"deal_name":"Senior - 10% Off","times_used":4,"units":4.0,"revenue":123.75,"discounts":13.75,"cost":44.17500019073486,"profit":79.57499980926514,"pre_discount_revenue":137.5,"margin":64.3,"avg_discount":20.0},{"deal_name":"Senior / Veterans - 20% Off","times_used":4,"units":6.0,"revenue":160.0,"discounts":115.0,"cost":88.92499923706055,"profit":71.07500076293945,"pre_discount_revenue":275.0,"margin":44.4,"avg_discount":83.6},{"deal_name":"Employee 30% - NOT FRIDAYS","times_used":2,"units":2.0,"revenue":27.999999523162842,"discounts":12.000000476837158,"cost":16.00000023841858,"profit":12.000000476837158,"pre_discount_revenue":40.0,"margin":42.9,"avg_discount":60.0},{"deal_name":"Store Credit - $25","times_used":2,"units":1.0,"revenue":18.40000033378601,"discounts":12.84999966621399,"cost":13.75,"profit":4.650000035762787,"pre_discount_revenue":31.25,"margin":25.3,"avg_discount":82.2}],"top_products":[{"product":"WULF PRO","units":238,"revenue":7000.4998779296875,"cost":1984.324951171875,"profit":5016.1749267578125,"transactions":234,"margin":71.69999694824219},{"product":"WULF PRO DIGITAL","units":80,"revenue":2823.75,"cost":666.9999694824219,"profit":2156.750030517578,"transactions":76,"margin":76.4000015258789},{"product":"Wulf Flat Mini Battery","units":84,"revenue":1571.9999694824219,"cost":672.0000457763672,"profit":900.0,"transactions":80,"margin":57.29999923706055},{"product":"WULF RECON PRO BATTERY","units":16,"revenue":680.0,"cost":288.99999618530273,"profit":390.99998474121094,"transactions":14,"margin":57.5},{"product":"WULF RAZR NECTAR TIP","units":20,"revenue":511.8000030517578,"cost":262.5,"profit":249.3000030517578,"transactions":18,"margin":48.70000076293945},{"product":"Wulf Vector Torch- All colors","units":8,"revenue":300.0,"cost":129.89999771118164,"profit":170.10000228881836,"transactions":8,"margin":56.70000076293945},{"product":"WULF VECTOR TORCH - ALL COLORS","units":6,"revenue":225.0,"cost":97.42500305175781,"profit":127.57499694824219,"transactions":6,"margin":56.70000076293945}],"products_by_store":{"Elevation Midtown":[{"product":"WULF PRO","units":238,"revenue":7000.4998779296875,"cost":1984.324951171875,"profit":5016.1749267578125,"transactions":234,"margin":71.69999694824219},{"product":"WULF PRO DIGITAL","units":80,"revenue":2823.75,"cost":666.9999694824219,"profit":2156.750030517578,"transactions":76,"margin":76.4000015258789},{"product":"Wulf Flat Mini Battery","units":84,"revenue":1571.9999694824219,"cost":672.0000457763672,"profit":900.0,"transactions":80,"margin":57.29999923706055},{"product":"WULF RECON PRO BATTERY","units":16,"revenue":680.0,"cost":288.99999618530273,"profit":390.99998474121094,"transactions":14,"margin":57.5},{"product":"WULF RAZR NECTAR TIP","units":20,"revenue":511.8000030517578,"cost":262.5,"profit":249.3000030517578,"transactions":18,"margin":48.70000076293945},{"product":"Wulf Vector Torch- All colors","units":8,"revenue":300.0,"cost":129.89999771118164,"profit":170.10000228881836,"transactions":8,"margin":56.70000076293945},{"product":"WULF VECTOR TORCH - ALL COLORS","units":6,"revenue":225.0,"cost":97.42500305175781,"profit":127.57499694824219,"transactions":6,"margin":56.70000076293945}]},"store_summary":[{"store_clean":"Elevation Midtown","units":452,"revenue":13113.050537109375,"cost":4102.149963378906,"profit":9010.900268554688,"discounts":929.4499969482422,"margin":68.69999694824219,"discount_rate":6.599999904632568}],"recommendations":[{"severity":"info","title":"VOLUME LEVERAGE","detail":"$5,245 revenue provides negotiating leverage.","action":"Use volume as leverage in next vendor meeting."}],"comparison":null}