{"brand":"RNBW","date_range":"2024-01-01 00:00:00 to 2026-01-31 00:00:00","period_label":"All Time","summary":{"total_units":44438,"total_revenue":1009953.828125,"total_cost":514677.5,"total_discounts":262991.2109375,"total_profit":495276.2890625,"overall_margin":49.0,"fp_margin":60.400001525878906,"disc_margin":42.900001525878906,"pct_full_price":35.20000076293945,"avg_discount_rate":20.700000762939453,"fp_revenue":355577.5,"disc_revenue":654376.2890625,"brand":"RNBW","date_range":"2024-01-01 00:00:00 to 2026-01-31 00:00:00","primary_category":"FLOWER","store_coverage":"6/7","stores_present":["Elevation Springs","Elevation Mesa","Elevation Oasis","Elevation Midtown","Elevation Boulevard","Elevation Parkway"],"stores_missing":["Elevation Downtown"],"velocity_rank":25,"velocity_total":64},"distribution":[{"store":"Elevation Springs","carries_brand":true,"sku_count":66,"revenue":281531.875,"units":12794,"store_total_revenue":51138750.0,"brand_share_pct":0.6000000238418579},{"store":"Elevation Mesa","carries_brand":true,"sku_count":60,"revenue":279422.6953125,"units":11816,"store_total_revenue":47532240.0,"brand_share_pct":0.6000000238418579},{"store":"Elevation Oasis","carries_brand":true,"sku_count":2,"revenue":4332.6751708984375,"units":168,"store_total_revenue":56050145.0,"brand_share_pct":0.0},{"store":"Elevation Downtown","carries_brand":false,"sku_count":0,"revenue":0.0,"units":0,"store_total_revenue":1945237.1875,"brand_share_pct":0},{"store":"Elevation Midtown","carries_brand":true,"sku_count":2,"revenue":370.75000762939453,"units":18,"store_total_revenue":30850185.0,"brand_share_pct":0.0},{"store":"Elevation Boulevard","carries_brand":true,"sku_count":52,"revenue":194298.046875,"units":8678,"store_total_revenue":28757865.0,"brand_share_pct":0.699999988079071},{"store":"Elevation Parkway","carries_brand":true,"sku_count":50,"revenue":249997.734375,"units":10964,"store_total_revenue":21987007.5,"brand_share_pct":1.100000023841858}],"share_of_category":[{"category":"FLOWER","brand_revenue":677671.40625,"category_revenue":77755450.0,"revenue_share_pct":0.8999999761581421,"brand_units":20164,"category_units":2708446,"units_share_pct":0.7},{"category":"PRE ROLL","brand_revenue":223984.296875,"category_revenue":14009791.25,"revenue_share_pct":1.600000023841858,"brand_units":20286,"category_units":1485736,"units_share_pct":1.4},{"category":"PRE ROLL PACK","brand_revenue":77820.2490234375,"category_revenue":3903863.75,"revenue_share_pct":2.0,"brand_units":2912,"category_units":123714,"units_share_pct":2.4},{"category":"EDIBLE","brand_revenue":18350.374755859375,"category_revenue":29378492.5,"revenue_share_pct":0.10000000149011612,"brand_units":742,"category_units":1706530,"units_share_pct":0.0},{"category":0.0,"brand_revenue":0.0,"category_revenue":0.0,"revenue_share_pct":0.0,"brand_units":0,"category_units":0,"units_share_pct":0.0}],"share_of_category_trend":{"FLOWER":[{"period":"2024-01","brand_revenue":0.0,"category_revenue":3552357.8125,"share_pct":0.0},{"period":"2024-02","brand_revenue":0.0,"category_revenue":3535245.625,"share_pct":0.0},{"period":"2024-03","brand_revenue":0.0,"category_revenue":3693805.625,"share_pct":0.0},{"period":"2024-04","brand_revenue":0.0,"category_revenue":3541899.6875,"share_pct":0.0},{"period":"2024-05","brand_revenue":84393.84765625,"category_revenue":3537479.375,"share_pct":2.4000000953674316},{"period":"2024-06","brand_revenue":53772.2998046875,"category_revenue":3403269.6875,"share_pct":1.600000023841858},{"period":"2024-07","brand_revenue":33392.5,"category_revenue":3457705.9375,"share_pct":1.0},{"period":"2024-08","brand_revenue":47335.126953125,"category_revenue":3453819.375,"share_pct":1.399999976158142},{"period":"2024-09","brand_revenue":40179.82421875,"category_revenue":3316441.5625,"share_pct":1.2000000476837158},{"period":"2024-10","brand_revenue":36293.9501953125,"category_revenue":3585775.0,"share_pct":1.0},{"period":"2024-11","brand_revenue":26080.17578125,"category_revenue":3454855.3125,"share_pct":0.800000011920929},{"period":"2024-12","brand_revenue":17254.375,"category_revenue":3226567.8125,"share_pct":0.5},{"period":"2025-01","brand_revenue":13103.75,"category_revenue":2984938.125,"share_pct":0.4000000059604645},{"period":"2025-02","brand_revenue":22393.75,"category_revenue":2816220.0,"share_pct":0.800000011920929},{"period":"2025-03","brand_revenue":31393.125,"category_revenue":2911379.6875,"share_pct":1.100000023841858},{"period":"2025-04","brand_revenue":39449.65087890625,"category_revenue":3118895.3125,"share_pct":1.2999999523162842},{"period":"2025-05","brand_revenue":17542.5,"category_revenue":2887345.0,"share_pct":0.6000000238418579},{"period":"2025-06","brand_revenue":15584.375,"category_revenue":2773698.125,"share_pct":0.6000000238418579},{"period":"2025-07","brand_revenue":12134.3994140625,"category_revenue":2782763.125,"share_pct":0.4000000059604645},{"period":"2025-08","brand_revenue":18635.224609375,"category_revenue":2733122.8125,"share_pct":0.699999988079071},{"period":"2025-09","brand_revenue":26750.3759765625,"category_revenue":2603501.5625,"share_pct":1.0},{"period":"2025-10","brand_revenue":41741.25,"category_revenue":2663705.0,"share_pct":1.600000023841858},{"period":"2025-11","brand_revenue":43360.0,"category_revenue":2700189.0625,"share_pct":1.600000023841858},{"period":"2025-12","brand_revenue":32465.90087890625,"category_revenue":2515209.53125,"share_pct":1.2999999523162842},{"period":"2026-01","brand_revenue":24415.0,"category_revenue":2505261.875,"share_pct":1.0}],"PRE ROLL":[{"period":"2024-01","brand_revenue":0.0,"category_revenue":508338.515625,"share_pct":0.0},{"period":"2024-02","brand_revenue":0.0,"category_revenue":489393.671875,"share_pct":0.0},{"period":"2024-03","brand_revenue":0.0,"category_revenue":520052.3828125,"share_pct":0.0},{"period":"2024-04","brand_revenue":0.0,"category_revenue":491300.6640625,"share_pct":0.0},{"period":"2024-05","brand_revenue":21154.72412109375,"category_revenue":542202.890625,"share_pct":3.9000000953674316},{"period":"2024-06","brand_revenue":15984.749755859375,"category_revenue":507288.8671875,"share_pct":3.200000047683716},{"period":"2024-07","brand_revenue":24016.55029296875,"category_revenue":524250.9765625,"share_pct":4.599999904632568},{"period":"2024-08","brand_revenue":24574.7509765625,"category_revenue":612518.7109375,"share_pct":4.0},{"period":"2024-09","brand_revenue":26584.07470703125,"category_revenue":586543.0078125,"share_pct":4.5},{"period":"2024-10","brand_revenue":2310.2499389648438,"category_revenue":641449.1796875,"share_pct":0.4000000059604645},{"period":"2024-11","brand_revenue":1968.5000610351562,"category_revenue":579866.71875,"share_pct":0.30000001192092896},{"period":"2024-12","brand_revenue":5010.4998779296875,"category_revenue":582999.5703125,"share_pct":0.8999999761581421},{"period":"2025-01","brand_revenue":10109.249877929688,"category_revenue":544095.3125,"share_pct":1.899999976158142},{"period":"2025-02","brand_revenue":11564.749755859375,"category_revenue":500875.5859375,"share_pct":2.299999952316284},{"period":"2025-03","brand_revenue":7199.9749755859375,"category_revenue":551422.0703125,"share_pct":1.2999999523162842},{"period":"2025-04","brand_revenue":5455.0,"category_revenue":568189.375,"share_pct":1.0},{"period":"2025-05","brand_revenue":4563.2501220703125,"category_revenue":565516.875,"share_pct":0.800000011920929},{"period":"2025-06","brand_revenue":3508.75,"category_revenue":560506.71875,"share_pct":0.6000000238418579},{"period":"2025-07","brand_revenue":0.0,"category_revenue":600916.09375,"share_pct":0.0},{"period":"2025-08","brand_revenue":5676.7498779296875,"category_revenue":620247.5,"share_pct":0.8999999761581421},{"period":"2025-09","brand_revenue":12417.5,"category_revenue":608971.09375,"share_pct":2.0},{"period":"2025-10","brand_revenue":14038.00048828125,"category_revenue":645293.1640625,"share_pct":2.200000047683716},{"period":"2025-11","brand_revenue":16208.62548828125,"category_revenue":581113.4765625,"share_pct":2.799999952316284},{"period":"2025-12","brand_revenue":5480.0,"category_revenue":553088.5546875,"share_pct":1.0},{"period":"2026-01","brand_revenue":6158.3251953125,"category_revenue":523350.9375,"share_pct":1.2000000476837158}],"PRE ROLL PACK":[{"period":"2024-01","brand_revenue":0.0,"category_revenue":169271.89453125,"share_pct":0.0},{"period":"2024-02","brand_revenue":0.0,"category_revenue":174199.375,"share_pct":0.0},{"period":"2024-03","brand_revenue":0.0,"category_revenue":187083.0078125,"share_pct":0.0},{"period":"2024-04","brand_revenue":0.0,"category_revenue":179617.6171875,"share_pct":0.0},{"period":"2024-05","brand_revenue":0.0,"category_revenue":198875.703125,"share_pct":0.0},{"period":"2024-06","brand_revenue":4459.375,"category_revenue":182181.42578125,"share_pct":2.4000000953674316},{"period":"2024-07","brand_revenue":14164.749755859375,"category_revenue":189754.43359375,"share_pct":7.5},{"period":"2024-08","brand_revenue":13087.5,"category_revenue":163466.5234375,"share_pct":8.0},{"period":"2024-09","brand_revenue":10990.274658203125,"category_revenue":145157.197265625,"share_pct":7.599999904632568},{"period":"2024-10","brand_revenue":16235.224609375,"category_revenue":143902.822265625,"share_pct":11.300000190734863},{"period":"2024-11","brand_revenue":8406.25,"category_revenue":169051.3671875,"share_pct":5.0},{"period":"2024-12","brand_revenue":7703.125,"category_revenue":186738.92578125,"share_pct":4.099999904632568},{"period":"2025-01","brand_revenue":1818.75,"category_revenue":222888.57421875,"share_pct":0.800000011920929},{"period":"2025-02","brand_revenue":350.0,"category_revenue":186213.06640625,"share_pct":0.20000000298023224},{"period":"2025-03","brand_revenue":605.0,"category_revenue":195415.56640625,"share_pct":0.30000001192092896},{"period":"2025-04","brand_revenue":0.0,"category_revenue":188683.2421875,"share_pct":0.0},{"period":"2025-05","brand_revenue":0.0,"category_revenue":231505.29296875,"share_pct":0.0},{"period":"2025-06","brand_revenue":0.0,"category_revenue":169830.2734375,"share_pct":0.0},{"period":"2025-07","brand_revenue":0.0,"category_revenue":130345.849609375,"share_pct":0.0},{"period":"2025-08","brand_revenue":0.0,"category_revenue":108797.099609375,"share_pct":0.0},{"period":"2025-09","brand_revenue":0.0,"category_revenue":99689.677734375,"share_pct":0.0},{"period":"2025-10","brand_revenue":0.0,"category_revenue":67141.8505859375,"share_pct":0.0},{"period":"2025-11","brand_revenue":0.0,"category_revenue":80167.7978515625,"share_pct":0.0},{"period":"2025-12","brand_revenue":0.0,"category_revenue":71818.3740234375,"share_pct":0.0},{"period":"2026-01","brand_revenue":0.0,"category_revenue":62066.826171875,"share_pct":0.0}],"EDIBLE":[{"period":"2024-01","brand_revenue":13602.17529296875,"category_revenue":1115754.921875,"share_pct":1.2000000476837158},{"period":"2024-02","brand_revenue":4748.2000732421875,"category_revenue":1235210.0,"share_pct":0.4000000059604645},{"period":"2024-03","brand_revenue":0.0,"category_revenue":1273343.671875,"share_pct":0.0},{"period":"2024-04","brand_revenue":0.0,"category_revenue":1298159.0625,"share_pct":0.0},{"period":"2024-05","brand_revenue":0.0,"category_revenue":1215880.78125,"share_pct":0.0},{"period":"2024-06","brand_revenue":0.0,"category_revenue":1181362.421875,"share_pct":0.0},{"period":"2024-07","brand_revenue":0.0,"category_revenue":1128302.8125,"share_pct":0.0},{"period":"2024-08","brand_revenue":0.0,"category_revenue":1167724.921875,"share_pct":0.0},{"period":"2024-09","brand_revenue":0.0,"category_revenue":1114619.53125,"share_pct":0.0},{"period":"2024-10","brand_revenue":0.0,"category_revenue":1205149.0625,"share_pct":0.0},{"period":"2024-11","brand_revenue":0.0,"category_revenue":1236132.421875,"share_pct":0.0},{"period":"2024-12","brand_revenue":0.0,"category_revenue":1207318.046875,"share_pct":0.0},{"period":"2025-01","brand_revenue":0.0,"category_revenue":1176202.578125,"share_pct":0.0},{"period":"2025-02","brand_revenue":0.0,"category_revenue":1097683.359375,"share_pct":0.0},{"period":"2025-03","brand_revenue":0.0,"category_revenue":1228067.265625,"share_pct":0.0},{"period":"2025-04","brand_revenue":0.0,"category_revenue":1290106.171875,"share_pct":0.0},{"period":"2025-05","brand_revenue":0.0,"category_revenue":1191670.3125,"share_pct":0.0},{"period":"2025-06","brand_revenue":0.0,"category_revenue":1110702.109375,"share_pct":0.0},{"period":"2025-07","brand_revenue":0.0,"category_revenue":1096938.125,"share_pct":0.0},{"period":"2025-08","brand_revenue":0.0,"category_revenue":1145920.859375,"share_pct":0.0},{"period":"2025-09","brand_revenue":0.0,"category_revenue":1070074.53125,"share_pct":0.0},{"period":"2025-10","brand_revenue":0.0,"category_revenue":1168865.78125,"share_pct":0.0},{"period":"2025-11","brand_revenue":0.0,"category_revenue":1192334.453125,"share_pct":0.0},{"period":"2025-12","brand_revenue":0.0,"category_revenue":1138094.375,"share_pct":0.0},{"period":"2026-01","brand_revenue":0.0,"category_revenue":1092874.21875,"share_pct":0.0}]},"velocity_by_category":[{"category":"PRE ROLL","brand_units_per_day":26.62,"category_avg_units_per_day":42.38,"velocity_index":62.8,"brand_rev_per_unit":8.83,"category_rev_per_unit":7.54,"brands_in_category":46},{"category":"FLOWER","brand_units_per_day":26.46,"category_avg_units_per_day":55.54,"velocity_index":47.6,"brand_rev_per_unit":26.89,"category_rev_per_unit":22.97,"brands_in_category":64},{"category":"PRE ROLL PACK","brand_units_per_day":3.82,"category_avg_units_per_day":11.6,"velocity_index":33.0,"brand_rev_per_unit":21.38,"category_rev_per_unit":25.24,"brands_in_category":14},{"category":"EDIBLE","brand_units_per_day":0.98,"category_avg_units_per_day":69.98,"velocity_index":1.4,"brand_rev_per_unit":19.78,"category_rev_per_unit":13.77,"brands_in_category":32},{"category":0.0,"brand_units_per_day":0.0,"category_avg_units_per_day":0,"velocity_index":0,"brand_rev_per_unit":0.0,"category_rev_per_unit":0.0,"brands_in_category":0}],"store_gaps":[{"store":"Elevation Oasis","category":"FLOWER","category_revenue_at_store":18965980.0,"opportunity":"Category not carried at this store"},{"store":"Elevation Midtown","category":"FLOWER","category_revenue_at_store":8812107.5,"opportunity":"Category not carried at this store"},{"store":"Elevation Oasis","category":"PRE ROLL","category_revenue_at_store":1460871.25,"opportunity":"Category not carried at this store"},{"store":"Elevation Midtown","category":"PRE ROLL","category_revenue_at_store":1326764.21875,"opportunity":"Category not carried at this store"},{"store":"Elevation Oasis","category":"PRE ROLL PACK","category_revenue_at_store":726080.3125,"opportunity":"Category not carried at this store"},{"store":"Elevation Midtown","category":"PRE ROLL PACK","category_revenue_at_store":566352.265625,"opportunity":"Category not carried at this store"},{"store":"Elevation Downtown","category":"EDIBLE","category_revenue_at_store":354431.015625,"opportunity":"Brand not carried"},{"store":"Elevation Downtown","category":"FLOWER","category_revenue_at_store":324929.8828125,"opportunity":"Brand not carried"},{"store":"Elevation Downtown","category":"PRE ROLL","category_revenue_at_store":196139.1015625,"opportunity":"Brand not carried"},{"store":"Elevation Downtown","category":"PRE ROLL PACK","category_revenue_at_store":74783.623046875,"opportunity":"Brand not carried"}],"product_mix":{"top":[{"product":"POOL PARTY EIGHTH - RNBW","units":2716,"revenue":94074.74609375,"cost":50925.0,"profit":43149.7509765625,"stores":4,"transactions":2348,"margin":45.900001525878906},{"product":"DESERT WIND EIGHTH - RNBW","units":2706,"revenue":93469.8046875,"cost":50737.5,"profit":42732.2998046875,"stores":4,"transactions":2178,"margin":45.70000076293945},{"product":"HIGH ROLLER EIGHTH - RNBW","units":2618,"revenue":91938.9453125,"cost":49087.5,"profit":42851.4501953125,"stores":4,"transactions":2298,"margin":46.599998474121094},{"product":"MINTY STORM EIGHTH - RNBW","units":2468,"revenue":81639.0234375,"cost":46275.0,"profit":35364.02587890625,"stores":4,"transactions":2108,"margin":43.29999923706055},{"product":"SOUND CHECK EIGHTH - RNBW","units":2358,"revenue":79875.3759765625,"cost":44212.5,"profit":35662.8759765625,"stores":4,"transactions":2116,"margin":44.599998474121094},{"product":"SPREAD LOVE EIGHTH - RNBW","units":2090,"revenue":73137.998046875,"cost":39187.5,"profit":33950.50048828125,"stores":4,"transactions":1764,"margin":46.400001525878906},{"product":"DELICIOUS DULCE EIGHTH - RNBW","units":1746,"revenue":61963.75,"cost":32737.5,"profit":29226.25,"stores":4,"transactions":1388,"margin":47.20000076293945},{"product":"GUAVA BLAST EIGHTH - RNBW","units":1348,"revenue":49455.6005859375,"cost":25275.0,"profit":24180.6005859375,"stores":4,"transactions":1038,"margin":48.900001525878906},{"product":"POOL PARTY PRE ROLL - RNBW","units":4066,"revenue":44482.548828125,"cost":18935.0,"profit":25547.548828125,"stores":4,"transactions":3362,"margin":57.400001525878906},{"product":"SOUND CHECK PRE ROLL - RNBW","units":3394,"revenue":37657.67578125,"cost":15655.0,"profit":22002.67578125,"stores":4,"transactions":2716,"margin":58.400001525878906},{"product":"SPREAD LOVE PRE ROLL - RNBW","units":3230,"revenue":34886.474609375,"cost":15902.5,"profit":18983.974609375,"stores":4,"transactions":2652,"margin":54.400001525878906},{"product":"DESERT WIND PRE ROLL - RNBW","units":2536,"revenue":27463.125,"cost":11635.0,"profit":15828.125,"stores":4,"transactions":2206,"margin":57.599998474121094},{"product":"HIGH ROLLER PRE ROLL - RNBW","units":2226,"revenue":24393.125,"cost":11130.0,"profit":13263.125,"stores":4,"transactions":1844,"margin":54.400001525878906},{"product":"MINTY STORM PRE ROLL - RNBW","units":2104,"revenue":24199.7509765625,"cost":10210.0,"profit":13989.749755859375,"stores":4,"transactions":1718,"margin":57.79999923706055},{"product":"CARD SHARP EIGHTH - RNBW","units":688,"revenue":21506.923828125,"cost":12900.0,"profit":8606.925048828125,"stores":4,"transactions":632,"margin":40.0},{"product":"POOL PARTY 5 PK PRE ROLL - RNBW","units":764,"revenue":19994.87548828125,"cost":9550.0,"profit":10444.87548828125,"stores":4,"transactions":682,"margin":52.20000076293945},{"product":"SPREAD LOVE 5 PK PRE ROLL - RNBW","units":676,"revenue":18665.0,"cost":8450.0,"profit":10215.0,"stores":4,"transactions":608,"margin":54.70000076293945},{"product":"CLOUD 9INE FLIGHT BITES - RNBW","units":742,"revenue":18350.374755859375,"cost":9275.0,"profit":9075.374755859375,"stores":6,"transactions":532,"margin":49.5},{"product":"SOUND CHECK 5 PK PRE ROLL - RNBW","units":662,"revenue":16983.974609375,"cost":8275.0,"profit":8708.975219726562,"stores":3,"transactions":588,"margin":51.29999923706055},{"product":"CARD SHARP PRE ROLL - RNBW","units":1372,"revenue":15242.574462890625,"cost":5617.5,"profit":9625.075073242188,"stores":4,"transactions":1130,"margin":63.099998474121094}],"bottom":[{"product":"GARLIC KUSH CAKE PRE ROLL - RNBW","units":232,"revenue":2729.8748779296875,"cost":992.5,"profit":1737.3750305175781,"stores":2,"transactions":216,"margin":63.599998474121094},{"product":"MINTY STORM 5 PK PRE ROLL - RNBW","units":82,"revenue":1876.3999938964844,"cost":1025.0,"profit":851.3999938964844,"stores":1,"transactions":76,"margin":45.400001525878906},{"product":"JACKED UP PRE ROLL - RNBW","units":134,"revenue":1719.2500305175781,"cost":502.5,"profit":1216.7500305175781,"stores":2,"transactions":126,"margin":70.80000305175781},{"product":"FUTURE EX WIFE PRE ROLL - RNBW","units":100,"revenue":1121.25,"cost":500.0,"profit":621.25,"stores":1,"transactions":88,"margin":55.400001525878906},{"product":"DRIPPIN AINT EASY PRE ROLL - RNBW","units":86,"revenue":1002.5,"cost":322.5,"profit":680.0,"stores":1,"transactions":78,"margin":67.80000305175781},{"product":"ELEPHANT EARS EIGHTH - RNBW","units":8,"revenue":285.0,"cost":150.0,"profit":135.0,"stores":1,"transactions":6,"margin":47.400001525878906},{"product":"DRIPPIN AINT EASY EIGHTH - RNBW","units":6,"revenue":195.0,"cost":112.5,"profit":82.5,"stores":1,"transactions":4,"margin":42.29999923706055},{"product":"JACKED UP EIGHTH - RNBW","units":4,"revenue":144.375,"cost":75.0,"profit":69.375,"stores":1,"transactions":4,"margin":48.099998474121094},{"product":"FUTURE EX EIGHTH - RNBW","units":2,"revenue":100.0,"cost":37.5,"profit":62.5,"stores":1,"transactions":2,"margin":62.5},{"product":"ELEPHANT EARS PRE ROLL - RNBW","units":6,"revenue":65.0,"cost":22.5,"profit":42.5,"stores":1,"transactions":6,"margin":65.4000015258789}],"expansion":[{"product":"POOL PARTY EIGHTH - RNBW","current_stores":4,"total_stores":6,"missing_stores":["Elevation Oasis","Elevation Midtown"],"revenue":94074.74609375},{"product":"DESERT WIND EIGHTH - RNBW","current_stores":4,"total_stores":6,"missing_stores":["Elevation Oasis","Elevation Midtown"],"revenue":93469.8046875},{"product":"HIGH ROLLER EIGHTH - RNBW","current_stores":4,"total_stores":6,"missing_stores":["Elevation Oasis","Elevation Midtown"],"revenue":91938.9453125},{"product":"MINTY STORM EIGHTH - RNBW","current_stores":4,"total_stores":6,"missing_stores":["Elevation Oasis","Elevation Midtown"],"revenue":81639.0234375},{"product":"SOUND CHECK EIGHTH - RNBW","current_stores":4,"total_stores":6,"missing_stores":["Elevation Oasis","Elevation Midtown"],"revenue":79875.3759765625},{"product":"SPREAD LOVE EIGHTH - RNBW","current_stores":4,"total_stores":6,"missing_stores":["Elevation Oasis","Elevation Midtown"],"revenue":73137.998046875},{"product":"DELICIOUS DULCE EIGHTH - RNBW","current_stores":4,"total_stores":6,"missing_stores":["Elevation Oasis","Elevation Midtown"],"revenue":61963.75},{"product":"GUAVA BLAST EIGHTH - RNBW","current_stores":4,"total_stores":6,"missing_stores":["Elevation Oasis","Elevation Midtown"],"revenue":49455.6005859375},{"product":"POOL PARTY PRE ROLL - RNBW","current_stores":4,"total_stores":6,"missing_stores":["Elevation Oasis","Elevation Midtown"],"revenue":44482.548828125},{"product":"SOUND CHECK PRE ROLL - RNBW","current_stores":4,"total_stores":6,"missing_stores":["Elevation Oasis","Elevation Midtown"],"revenue":37657.67578125}]},"pricing_consistency":[{"product":"SPREAD LOVE 5 PK PRE ROLL - RNBW","min_price":38.63636363636364,"max_price":59.84455958549223,"avg_price":50.19293488709663,"std_dev":3.493033675317675,"store_count":8,"price_range":21.20819594912859,"range_pct":42.3},{"product":"CLOUD 9INE FLIGHT BITES - RNBW","min_price":38.31730769230769,"max_price":53.332569927250574,"avg_price":46.58124687961216,"std_dev":2.343479080854861,"store_count":12,"price_range":15.015262234942881,"range_pct":32.2},{"product":"POOL PARTY 5 PK PRE ROLL - RNBW","min_price":45.20833333333333,"max_price":57.96654929577465,"avg_price":51.54870615700682,"std_dev":2.1385029886503997,"store_count":8,"price_range":12.75821596244132,"range_pct":24.7},{"product":"CARD SHARP EIGHTH - RNBW","min_price":54.2,"max_price":67.17301626054068,"avg_price":61.31527042437979,"std_dev":2.2830034114122455,"store_count":8,"price_range":12.973016260540673,"range_pct":21.2},{"product":"JACKED UP PRE ROLL - RNBW","min_price":22.25,"max_price":27.11170277696975,"avg_price":24.680851388484875,"std_dev":1.3750972006835116,"store_count":4,"price_range":4.861702776969747,"range_pct":19.7},{"product":"DELICIOUS DULCE PRE ROLL - RNBW","min_price":20.55,"max_price":24.14,"avg_price":22.086875,"std_dev":0.7048580826426458,"store_count":8,"price_range":3.59,"range_pct":16.3},{"product":"DESERT WIND EIGHTH - RNBW","min_price":64.10033632286995,"max_price":74.46188340807174,"avg_price":68.98187329953024,"std_dev":1.831139741866951,"store_count":8,"price_range":10.361547085201792,"range_pct":15.0},{"product":"CARD SHARP 5 PK PRE ROLL - RNBW","min_price":45.73863636363637,"max_price":52.45192307692307,"avg_price":50.07393648018648,"std_dev":1.5041468962747784,"store_count":6,"price_range":6.713286713286708,"range_pct":13.4},{"product":"SPREAD LOVE PRE ROLL - RNBW","min_price":19.593481520202264,"max_price":22.390296388779007,"avg_price":21.46497833868953,"std_dev":0.5145783250885153,"store_count":8,"price_range":2.7968148685767447,"range_pct":13.0},{"product":"LATE NIGHT EIGHTH - RNBW","min_price":69.23701298701299,"max_price":77.94354838709677,"avg_price":72.06493157422871,"std_dev":1.58679799688194,"store_count":8,"price_range":8.706535400083784,"range_pct":12.1},{"product":"HIGH ROLLER PRE ROLL - RNBW","min_price":20.18716577540107,"max_price":22.7,"avg_price":21.737697658432303,"std_dev":0.4614058191386289,"store_count":8,"price_range":2.512834224598932,"range_pct":11.6},{"product":"SOUND CHECK PRE ROLL - RNBW","min_price":21.069734345351044,"max_price":23.607630575856856,"avg_price":22.2663073267997,"std_dev":0.4654972284750486,"store_count":8,"price_range":2.5378962305058117,"range_pct":11.4},{"product":"SOUND CHECK EIGHTH - RNBW","min_price":64.4375,"max_price":72.11033437958211,"avg_price":67.67324071589103,"std_dev":1.283325692136797,"store_count":8,"price_range":7.672834379582119,"range_pct":11.3},{"product":"SPREAD LOVE EIGHTH - RNBW","min_price":65.9621368185447,"max_price":72.82398897058823,"avg_price":70.01729609267673,"std_dev":1.1918247726742983,"store_count":8,"price_range":6.861852152043522,"range_pct":9.8},{"product":"GUAVA BLAST EIGHTH - RNBW","min_price":70.89722222222223,"max_price":78.125,"avg_price":73.9655000813802,"std_dev":1.229833143718413,"store_count":8,"price_range":7.22777777777778,"range_pct":9.8},{"product":"SOUND CHECK 5 PK PRE ROLL - RNBW","min_price":48.94926864735402,"max_price":53.57142857142857,"avg_price":51.7664963250827,"std_dev":0.9887080152384012,"store_count":6,"price_range":4.622159924074554,"range_pct":8.9},{"product":"GARLIC KUSH CAKE EIGHTH - RNBW","min_price":62.7734375,"max_price":68.39999805797231,"avg_price":65.58671777898616,"std_dev":1.5914316501195924,"store_count":4,"price_range":5.626560557972304,"range_pct":8.6},{"product":"HIGH ROLLER EIGHTH - RNBW","min_price":66.84513651877134,"max_price":72.76748971193416,"avg_price":70.25633262983018,"std_dev":0.9950270511839315,"store_count":8,"price_range":5.922353193162824,"range_pct":8.4},{"product":"POOL PARTY EIGHTH - RNBW","min_price":65.2728013029316,"max_price":70.86253894080997,"avg_price":69.16706261246377,"std_dev":1.052065303950941,"store_count":8,"price_range":5.589737637878374,"range_pct":8.1},{"product":"CARD SHARP PRE ROLL - RNBW","min_price":21.43190298507463,"max_price":23.20945945945946,"avg_price":22.285821985325754,"std_dev":0.34852735576076804,"store_count":8,"price_range":1.7775564743848316,"range_pct":8.0},{"product":"DELICIOUS DULCE EIGHTH - RNBW","min_price":68.70498403758306,"max_price":74.02093596059113,"avg_price":71.31500206570045,"std_dev":0.8714041536451043,"store_count":8,"price_range":5.315951923008075,"range_pct":7.5},{"product":"DESERT WIND PRE ROLL - RNBW","min_price":20.78791469194313,"max_price":22.3193703004566,"avg_price":21.547313351994607,"std_dev":0.2855368960342063,"store_count":8,"price_range":1.53145560851347,"range_pct":7.1},{"product":"POOL PARTY PRE ROLL - RNBW","min_price":21.11948574290556,"max_price":22.646520146520146,"avg_price":21.797797427190666,"std_dev":0.2528457677008396,"store_count":8,"price_range":1.5270344036145866,"range_pct":7.0},{"product":"LATE NIGHT PRE ROLL - RNBW","min_price":21.62162162162162,"max_price":23.03030303030303,"avg_price":22.260495360512877,"std_dev":0.2320386706593435,"store_count":8,"price_range":1.4086814086814092,"range_pct":6.3},{"product":"SIDE PIECE EIGHTH - RNBW","min_price":63.840276930067276,"max_price":66.875,"avg_price":65.35763846503363,"std_dev":0.8583493047090757,"store_count":4,"price_range":3.0347230699327277,"range_pct":4.6},{"product":"MINTY STORM PRE ROLL - RNBW","min_price":22.545001220703128,"max_price":23.269686961737204,"avg_price":22.951537437660747,"std_dev":0.12687246187422127,"store_count":8,"price_range":0.7246857410340768,"range_pct":3.2},{"product":"MINTY STORM EIGHTH - RNBW","min_price":64.9213087702372,"max_price":66.99091131036931,"avg_price":66.10573907609151,"std_dev":0.3449862513452716,"store_count":8,"price_range":2.0696025401321183,"range_pct":3.1},{"product":"GARLIC KUSH CAKE PRE ROLL - RNBW","min_price":23.38662790697674,"max_price":23.61986134150257,"avg_price":23.503244624239656,"std_dev":0.06596837726105602,"store_count":4,"price_range":0.233233434525828,"range_pct":1.0}],"promotional_effectiveness":{"lift":{"fp_units_per_day":24.86,"disc_units_per_day":42.4,"lift_pct":70.6,"fp_avg_revenue_per_unit":44.974999999999994,"disc_avg_revenue_per_unit":45.724999999999994},"by_deal":[{"deal_name":"Industry - 30% Off","uses":4269,"revenue":207563.99947166443,"discounts":89033.49987983704,"units":10786.0,"cost":122930.0,"margin":40.8,"discount_depth":60.0},{"deal_name":"Industry 30% Off","uses":1000,"revenue":64343.96665255229,"discounts":28042.699992656708,"units":2702.3333333333335,"cost":35476.25,"margin":44.9,"discount_depth":60.8},{"deal_name":"30% Off Special","uses":443,"revenue":28157.5,"discounts":12067.5,"units":980.0,"cost":17270.0,"margin":38.7,"discount_depth":60.0},{"deal_name":"Lit4Less - 1/4 for $60","uses":399,"revenue":54995.86249947548,"discounts":17541.637499332428,"units":1470.0,"cost":27562.5,"margin":49.9,"discount_depth":48.4},{"deal_name":"Senior - 10% Off","uses":368,"revenue":24929.37504053116,"discounts":2826.8750032782555,"units":1071.0,"cost":11188.75,"margin":55.1,"discount_depth":20.4},{"deal_name":"RNBW 1/4 for $60","uses":278,"revenue":46339.375,"discounts":8516.875,"units":1233.0,"cost":23118.75,"margin":50.1,"discount_depth":31.0},{"deal_name":"4/20 2025 - Flower / Infused","uses":277,"revenue":16499.14999961853,"discounts":16563.35000038147,"units":860.0,"cost":14062.5,"margin":14.8,"discount_depth":100.2},{"deal_name":"Veterans - 10% Off","uses":260,"revenue":13207.250022888184,"discounts":1482.7500051259995,"units":632.0,"cost":5800.0,"margin":56.1,"discount_depth":20.2},{"deal_name":"Senior / Veterans - 20% Off","uses":216,"revenue":14770.50006389618,"discounts":3709.500015974045,"units":736.0,"cost":7327.5,"margin":50.4,"discount_depth":40.2},{"deal_name":"50% Off - G2B","uses":198,"revenue":11800.0,"discounts":11800.0,"units":670.0,"cost":8602.5,"margin":27.1,"discount_depth":100.0},{"deal_name":"Stock & Save - 1/4 for $50","uses":99,"revenue":7875.0,"discounts":3150.0,"units":252.0,"cost":4725.0,"margin":40.0,"discount_depth":57.2},{"deal_name":"Employee 30% - NOT FRIDAYS","uses":99,"revenue":4395.74999332428,"discounts":2026.74999833107,"units":244.0,"cost":2542.5,"margin":42.2,"discount_depth":63.2},{"deal_name":"LVAC - 25% Off","uses":88,"revenue":3898.125,"discounts":1299.375,"units":224.0,"cost":2125.0,"margin":45.5,"discount_depth":50.0},{"deal_name":"RNBW 1/4 for $55","uses":70,"revenue":10312.5,"discounts":2862.5,"units":300.0,"cost":5625.0,"margin":45.5,"discount_depth":43.4},{"deal_name":"GW - 50% Off Flower","uses":62,"revenue":4506.25,"discounts":4506.25,"units":206.0,"cost":3862.5,"margin":14.3,"discount_depth":100.0},{"deal_name":"50% Off IPR  / PR Packs","uses":55,"revenue":2375.0,"discounts":2375.0,"units":152.0,"cost":1900.0,"margin":20.0,"discount_depth":100.0},{"deal_name":"Employee - 40% OFF","uses":48,"revenue":2471.974997520447,"discounts":1648.0250012874603,"units":120.0,"cost":1642.5,"margin":33.6,"discount_depth":80.0},{"deal_name":"40% Off Flower Blowout","uses":22,"revenue":1182.5,"discounts":805.0,"units":44.0,"cost":825.0,"margin":30.2,"discount_depth":81.0},{"deal_name":"RNBW Pre Rolls 5 for $40","uses":15,"revenue":1700.0,"discounts":685.0,"units":170.0,"cost":850.0,"margin":50.0,"discount_depth":57.4},{"deal_name":"Store Credit - $15","uses":12,"revenue":732.9166678587594,"discounts":533.7499964237213,"units":34.33333333333333,"cost":463.75,"margin":36.7,"discount_depth":84.2}]},"growth_opportunities":[{"type":"distribution","title":"Expand to Elevation Downtown","detail":"Store has $380,113 in EDIBLE, FLOWER, PRE ROLL, PRE ROLL PACK \u2014 categories where RNBW competes.","priority":"high"},{"type":"sku_expansion","title":"Add 'CARD SHARP 5 PK PRE ROLL - RNBW' to 3 more store(s)","detail":"Carried in 3 stores. Missing from: Elevation Mesa, Elevation Oasis, Elevation Midtown","priority":"medium"},{"type":"sku_expansion","title":"Add 'CARD SHARP EIGHTH - RNBW' to 2 more store(s)","detail":"Carried in 4 stores. Missing from: Elevation Oasis, Elevation Midtown","priority":"medium"},{"type":"sku_expansion","title":"Add 'CARD SHARP PRE ROLL - RNBW' to 2 more store(s)","detail":"Carried in 4 stores. Missing from: Elevation Oasis, Elevation Midtown","priority":"medium"},{"type":"sku_expansion","title":"Add 'DELICIOUS DULCE EIGHTH - RNBW' to 2 more store(s)","detail":"Carried in 4 stores. Missing from: Elevation Oasis, Elevation Midtown","priority":"medium"},{"type":"sku_expansion","title":"Add 'DELICIOUS DULCE PRE ROLL - RNBW' to 2 more store(s)","detail":"Carried in 4 stores. Missing from: Elevation Oasis, Elevation Midtown","priority":"medium"},{"type":"velocity","title":"Improve velocity in PRE ROLL","detail":"Velocity index 63 (below category average). 13.3 units/day vs 21.2 avg.","priority":"medium"},{"type":"velocity","title":"Improve velocity in FLOWER","detail":"Velocity index 48 (below category average). 13.2 units/day vs 27.8 avg.","priority":"medium"},{"type":"velocity","title":"Improve velocity in PRE ROLL PACK","detail":"Velocity index 33 (below category average). 1.9 units/day vs 5.8 avg.","priority":"medium"},{"type":"velocity","title":"Improve velocity in EDIBLE","detail":"Velocity index 1 (below category average). 0.5 units/day vs 35.0 avg.","priority":"medium"},{"type":"velocity","title":"Improve velocity in nan","detail":"Velocity index 0 (below category average). 0.0 units/day vs 0.0 avg.","priority":"medium"}],"trend":[{"period":"2024-01","revenue":13602.17529296875,"cost":6825.0,"margin":49.8,"units":546,"transactions":416,"profit":6777.17529296875,"revenue_change_pct":null,"units_change_pct":null,"margin_change_pts":null},{"period":"2024-02","revenue":4748.2000732421875,"cost":2450.0,"margin":48.4,"units":196,"transactions":116,"profit":2298.2000732421875,"revenue_change_pct":-65.1,"units_change_pct":-64.1,"margin_change_pts":-1.4},{"period":"2024-05","revenue":117097.94921875,"cost":59895.0,"margin":48.9,"units":4642,"transactions":3150,"profit":57202.94921875,"revenue_change_pct":2366.2,"units_change_pct":2268.4,"margin_change_pts":0.4},{"period":"2024-06","revenue":74216.42578125,"cost":38355.0,"margin":48.3,"units":3182,"transactions":2430,"profit":35861.42578125,"revenue_change_pct":-36.6,"units_change_pct":-31.5,"margin_change_pts":-0.5},{"period":"2024-07","revenue":71573.798828125,"cost":35242.5,"margin":50.8,"units":3680,"transactions":2772,"profit":36331.298828125,"revenue_change_pct":-3.6,"units_change_pct":15.7,"margin_change_pts":2.4},{"period":"2024-08","revenue":84997.373046875,"cost":42092.5,"margin":50.5,"units":4242,"transactions":3288,"profit":42904.873046875,"revenue_change_pct":18.8,"units_change_pct":15.3,"margin_change_pts":-0.3},{"period":"2024-09","revenue":77754.1748046875,"cost":39555.0,"margin":49.1,"units":4068,"transactions":3164,"profit":38199.1748046875,"revenue_change_pct":-8.5,"units_change_pct":-4.1,"margin_change_pts":-1.3},{"period":"2024-10","revenue":54839.423828125,"cost":28315.0,"margin":48.4,"units":1856,"transactions":1460,"profit":26524.423828125,"revenue_change_pct":-29.5,"units_change_pct":-54.4,"margin_change_pts":-0.8},{"period":"2024-11","revenue":36879.92431640625,"cost":21160.0,"margin":42.6,"units":1422,"transactions":1052,"profit":15719.925537109375,"revenue_change_pct":-32.7,"units_change_pct":-23.4,"margin_change_pts":-5.7},{"period":"2024-12","revenue":29968.00048828125,"cost":14457.5,"margin":51.8,"units":1214,"transactions":974,"profit":15510.50048828125,"revenue_change_pct":-18.7,"units_change_pct":-14.6,"margin_change_pts":9.1},{"period":"2025-01","revenue":25031.75048828125,"cost":11762.5,"margin":53.0,"units":1410,"transactions":1036,"profit":13269.25048828125,"revenue_change_pct":-16.5,"units_change_pct":16.1,"margin_change_pts":1.3},{"period":"2025-02","revenue":34308.5009765625,"cost":17270.0,"margin":49.7,"units":1730,"transactions":1362,"profit":17038.499755859375,"revenue_change_pct":37.1,"units_change_pct":22.7,"margin_change_pts":-3.3},{"period":"2025-03","revenue":39198.1005859375,"cost":20015.0,"margin":48.9,"units":1570,"transactions":1248,"profit":19183.1005859375,"revenue_change_pct":14.3,"units_change_pct":-9.2,"margin_change_pts":-0.7},{"period":"2025-04","revenue":44904.6484375,"cost":28945.0,"margin":35.5,"units":1950,"transactions":1358,"profit":15959.649658203125,"revenue_change_pct":14.6,"units_change_pct":24.2,"margin_change_pts":-13.4},{"period":"2025-05","revenue":22258.87451171875,"cost":11587.5,"margin":47.9,"units":904,"transactions":688,"profit":10671.37451171875,"revenue_change_pct":-50.4,"units_change_pct":-53.6,"margin_change_pts":12.4},{"period":"2025-06","revenue":19093.125,"cost":10532.5,"margin":44.8,"units":792,"transactions":676,"profit":8560.625,"revenue_change_pct":-14.2,"units_change_pct":-12.4,"margin_change_pts":-3.1},{"period":"2025-07","revenue":12134.3994140625,"cost":7012.5,"margin":42.2,"units":374,"transactions":298,"profit":5121.9000244140625,"revenue_change_pct":-36.4,"units_change_pct":-52.8,"margin_change_pts":-2.6},{"period":"2025-08","revenue":24311.97509765625,"cost":12450.0,"margin":48.8,"units":1040,"transactions":840,"profit":11861.97509765625,"revenue_change_pct":100.4,"units_change_pct":178.1,"margin_change_pts":6.6},{"period":"2025-09","revenue":39167.8759765625,"cost":18547.5,"margin":52.6,"units":1842,"transactions":1478,"profit":20620.3759765625,"revenue_change_pct":61.1,"units_change_pct":77.1,"margin_change_pts":3.9},{"period":"2025-10","revenue":55779.248046875,"cost":25440.0,"margin":54.4,"units":2344,"transactions":1804,"profit":30339.25048828125,"revenue_change_pct":42.4,"units_change_pct":27.3,"margin_change_pts":1.7},{"period":"2025-11","revenue":59568.623046875,"cost":30345.0,"margin":49.1,"units":2868,"transactions":2046,"profit":29223.62548828125,"revenue_change_pct":6.8,"units_change_pct":22.4,"margin_change_pts":-5.3},{"period":"2025-12","revenue":37945.90087890625,"cost":18127.5,"margin":52.2,"units":1370,"transactions":980,"profit":19818.399658203125,"revenue_change_pct":-36.3,"units_change_pct":-52.2,"margin_change_pts":3.2},{"period":"2026-01","revenue":30573.3251953125,"cost":14295.0,"margin":53.2,"units":1196,"transactions":884,"profit":16278.3251953125,"revenue_change_pct":-19.4,"units_change_pct":-12.7,"margin_change_pts":1.0}]}