{"brand":"RNBW","date_range":"2024-01-01 00:00:00 to 2026-01-31 00:00:00","period_label":"All Time","summary":{"total_units":44438,"total_revenue":1009953.828125,"total_cost":514677.5,"total_discounts":262991.2109375,"total_profit":495276.2890625,"overall_margin":49.0,"fp_margin":60.400001525878906,"disc_margin":42.900001525878906,"pct_full_price":35.20000076293945,"avg_discount_rate":20.700000762939453,"fp_revenue":355577.5,"disc_revenue":654376.2890625,"unique_customers":19696,"brand":"RNBW","date_range":"2024-01-01 00:00:00 to 2026-01-31 00:00:00","months_count":46,"avg_monthly_cost":22377.275,"cost_per_unit":23.174999999999997,"primary_category":"FLOWER","primary_cat_margin":54.099998474121094,"category_rank":27,"category_total":64,"margin_vs_category":-5.099999904632568,"velocity_rank":25},"category_breakdown":[{"category_clean":"FLOWER","units":20164,"revenue":677671.40625,"cost":368120.0,"profit":309551.40625,"discounts":206791.09375,"margin":45.70000076293945,"category_avg_margin":54.099998474121094,"vs_category":-8.4,"rank":27.0,"total_brands":64.0},{"category_clean":"PRE ROLL","units":20286,"revenue":223984.27734375,"cost":94707.5,"profit":129276.77734375,"discounts":37760.72509765625,"margin":57.70000076293945,"category_avg_margin":48.29999923706055,"vs_category":9.4,"rank":16.0,"total_brands":46.0},{"category_clean":"PRE ROLL PACK","units":2912,"revenue":77820.2490234375,"cost":36400.0,"profit":41420.2490234375,"discounts":12817.249755859375,"margin":53.20000076293945,"category_avg_margin":54.5,"vs_category":-1.3,"rank":9.0,"total_brands":14.0},{"category_clean":"EDIBLE","units":742,"revenue":18350.374755859375,"cost":9275.0,"profit":9075.374755859375,"discounts":2712.1249389648438,"margin":49.5,"category_avg_margin":50.0,"vs_category":-0.5,"rank":26.0,"total_brands":32.0}],"trend":[{"period":"2024-01","revenue":13602.17529296875,"cost":6825.0,"margin":49.8,"units":546,"transactions":416,"profit":6777.17529296875,"revenue_change_pct":null,"units_change_pct":null,"margin_change_pts":null},{"period":"2024-02","revenue":4748.2000732421875,"cost":2450.0,"margin":48.4,"units":196,"transactions":116,"profit":2298.2000732421875,"revenue_change_pct":-65.1,"units_change_pct":-64.1,"margin_change_pts":-1.4},{"period":"2024-05","revenue":117097.94921875,"cost":59895.0,"margin":48.9,"units":4642,"transactions":3150,"profit":57202.94921875,"revenue_change_pct":2366.2,"units_change_pct":2268.4,"margin_change_pts":0.4},{"period":"2024-06","revenue":74216.42578125,"cost":38355.0,"margin":48.3,"units":3182,"transactions":2430,"profit":35861.42578125,"revenue_change_pct":-36.6,"units_change_pct":-31.5,"margin_change_pts":-0.5},{"period":"2024-07","revenue":71573.798828125,"cost":35242.5,"margin":50.8,"units":3680,"transactions":2772,"profit":36331.298828125,"revenue_change_pct":-3.6,"units_change_pct":15.7,"margin_change_pts":2.4},{"period":"2024-08","revenue":84997.373046875,"cost":42092.5,"margin":50.5,"units":4242,"transactions":3288,"profit":42904.873046875,"revenue_change_pct":18.8,"units_change_pct":15.3,"margin_change_pts":-0.3},{"period":"2024-09","revenue":77754.1748046875,"cost":39555.0,"margin":49.1,"units":4068,"transactions":3164,"profit":38199.1748046875,"revenue_change_pct":-8.5,"units_change_pct":-4.1,"margin_change_pts":-1.3},{"period":"2024-10","revenue":54839.423828125,"cost":28315.0,"margin":48.4,"units":1856,"transactions":1460,"profit":26524.423828125,"revenue_change_pct":-29.5,"units_change_pct":-54.4,"margin_change_pts":-0.8},{"period":"2024-11","revenue":36879.92431640625,"cost":21160.0,"margin":42.6,"units":1422,"transactions":1052,"profit":15719.925537109375,"revenue_change_pct":-32.7,"units_change_pct":-23.4,"margin_change_pts":-5.7},{"period":"2024-12","revenue":29968.00048828125,"cost":14457.5,"margin":51.8,"units":1214,"transactions":974,"profit":15510.50048828125,"revenue_change_pct":-18.7,"units_change_pct":-14.6,"margin_change_pts":9.1},{"period":"2025-01","revenue":25031.75048828125,"cost":11762.5,"margin":53.0,"units":1410,"transactions":1036,"profit":13269.25048828125,"revenue_change_pct":-16.5,"units_change_pct":16.1,"margin_change_pts":1.3},{"period":"2025-02","revenue":34308.5009765625,"cost":17270.0,"margin":49.7,"units":1730,"transactions":1362,"profit":17038.499755859375,"revenue_change_pct":37.1,"units_change_pct":22.7,"margin_change_pts":-3.3},{"period":"2025-03","revenue":39198.1005859375,"cost":20015.0,"margin":48.9,"units":1570,"transactions":1248,"profit":19183.1005859375,"revenue_change_pct":14.3,"units_change_pct":-9.2,"margin_change_pts":-0.7},{"period":"2025-04","revenue":44904.6484375,"cost":28945.0,"margin":35.5,"units":1950,"transactions":1358,"profit":15959.649658203125,"revenue_change_pct":14.6,"units_change_pct":24.2,"margin_change_pts":-13.4},{"period":"2025-05","revenue":22258.87451171875,"cost":11587.5,"margin":47.9,"units":904,"transactions":688,"profit":10671.37451171875,"revenue_change_pct":-50.4,"units_change_pct":-53.6,"margin_change_pts":12.4},{"period":"2025-06","revenue":19093.125,"cost":10532.5,"margin":44.8,"units":792,"transactions":676,"profit":8560.625,"revenue_change_pct":-14.2,"units_change_pct":-12.4,"margin_change_pts":-3.1},{"period":"2025-07","revenue":12134.3994140625,"cost":7012.5,"margin":42.2,"units":374,"transactions":298,"profit":5121.9000244140625,"revenue_change_pct":-36.4,"units_change_pct":-52.8,"margin_change_pts":-2.6},{"period":"2025-08","revenue":24311.97509765625,"cost":12450.0,"margin":48.8,"units":1040,"transactions":840,"profit":11861.97509765625,"revenue_change_pct":100.4,"units_change_pct":178.1,"margin_change_pts":6.6},{"period":"2025-09","revenue":39167.8759765625,"cost":18547.5,"margin":52.6,"units":1842,"transactions":1478,"profit":20620.3759765625,"revenue_change_pct":61.1,"units_change_pct":77.1,"margin_change_pts":3.9},{"period":"2025-10","revenue":55779.248046875,"cost":25440.0,"margin":54.4,"units":2344,"transactions":1804,"profit":30339.25048828125,"revenue_change_pct":42.4,"units_change_pct":27.3,"margin_change_pts":1.7},{"period":"2025-11","revenue":59568.623046875,"cost":30345.0,"margin":49.1,"units":2868,"transactions":2046,"profit":29223.62548828125,"revenue_change_pct":6.8,"units_change_pct":22.4,"margin_change_pts":-5.3},{"period":"2025-12","revenue":37945.90087890625,"cost":18127.5,"margin":52.2,"units":1370,"transactions":980,"profit":19818.399658203125,"revenue_change_pct":-36.3,"units_change_pct":-52.2,"margin_change_pts":3.2},{"period":"2026-01","revenue":30573.3251953125,"cost":14295.0,"margin":53.2,"units":1196,"transactions":884,"profit":16278.3251953125,"revenue_change_pct":-19.4,"units_change_pct":-12.7,"margin_change_pts":1.0}],"share_of_category":[{"category":"FLOWER","brand_revenue":677671.40625,"category_revenue":77755450.0,"revenue_share_pct":0.8999999761581421,"brand_units":20164,"category_units":2708446,"units_share_pct":0.7},{"category":"PRE ROLL","brand_revenue":223984.296875,"category_revenue":14009791.25,"revenue_share_pct":1.600000023841858,"brand_units":20286,"category_units":1485736,"units_share_pct":1.4},{"category":"PRE ROLL PACK","brand_revenue":77820.2490234375,"category_revenue":3903863.75,"revenue_share_pct":2.0,"brand_units":2912,"category_units":123714,"units_share_pct":2.4},{"category":"EDIBLE","brand_revenue":18350.374755859375,"category_revenue":29378492.5,"revenue_share_pct":0.10000000149011612,"brand_units":742,"category_units":1706530,"units_share_pct":0.0},{"category":0.0,"brand_revenue":0.0,"category_revenue":0.0,"revenue_share_pct":0.0,"brand_units":0,"category_units":0,"units_share_pct":0.0}],"share_of_category_trend":{"FLOWER":[{"period":"2024-01","brand_revenue":0.0,"category_revenue":3552357.8125,"share_pct":0.0},{"period":"2024-02","brand_revenue":0.0,"category_revenue":3535245.625,"share_pct":0.0},{"period":"2024-03","brand_revenue":0.0,"category_revenue":3693805.625,"share_pct":0.0},{"period":"2024-04","brand_revenue":0.0,"category_revenue":3541899.6875,"share_pct":0.0},{"period":"2024-05","brand_revenue":84393.84765625,"category_revenue":3537479.375,"share_pct":2.4000000953674316},{"period":"2024-06","brand_revenue":53772.2998046875,"category_revenue":3403269.6875,"share_pct":1.600000023841858},{"period":"2024-07","brand_revenue":33392.5,"category_revenue":3457705.9375,"share_pct":1.0},{"period":"2024-08","brand_revenue":47335.126953125,"category_revenue":3453819.375,"share_pct":1.399999976158142},{"period":"2024-09","brand_revenue":40179.82421875,"category_revenue":3316441.5625,"share_pct":1.2000000476837158},{"period":"2024-10","brand_revenue":36293.9501953125,"category_revenue":3585775.0,"share_pct":1.0},{"period":"2024-11","brand_revenue":26080.17578125,"category_revenue":3454855.3125,"share_pct":0.800000011920929},{"period":"2024-12","brand_revenue":17254.375,"category_revenue":3226567.8125,"share_pct":0.5},{"period":"2025-01","brand_revenue":13103.75,"category_revenue":2984938.125,"share_pct":0.4000000059604645},{"period":"2025-02","brand_revenue":22393.75,"category_revenue":2816220.0,"share_pct":0.800000011920929},{"period":"2025-03","brand_revenue":31393.125,"category_revenue":2911379.6875,"share_pct":1.100000023841858},{"period":"2025-04","brand_revenue":39449.65087890625,"category_revenue":3118895.3125,"share_pct":1.2999999523162842},{"period":"2025-05","brand_revenue":17542.5,"category_revenue":2887345.0,"share_pct":0.6000000238418579},{"period":"2025-06","brand_revenue":15584.375,"category_revenue":2773698.125,"share_pct":0.6000000238418579},{"period":"2025-07","brand_revenue":12134.3994140625,"category_revenue":2782763.125,"share_pct":0.4000000059604645},{"period":"2025-08","brand_revenue":18635.224609375,"category_revenue":2733122.8125,"share_pct":0.699999988079071},{"period":"2025-09","brand_revenue":26750.3759765625,"category_revenue":2603501.5625,"share_pct":1.0},{"period":"2025-10","brand_revenue":41741.25,"category_revenue":2663705.0,"share_pct":1.600000023841858},{"period":"2025-11","brand_revenue":43360.0,"category_revenue":2700189.0625,"share_pct":1.600000023841858},{"period":"2025-12","brand_revenue":32465.90087890625,"category_revenue":2515209.53125,"share_pct":1.2999999523162842},{"period":"2026-01","brand_revenue":24415.0,"category_revenue":2505261.875,"share_pct":1.0}],"PRE ROLL":[{"period":"2024-01","brand_revenue":0.0,"category_revenue":508338.515625,"share_pct":0.0},{"period":"2024-02","brand_revenue":0.0,"category_revenue":489393.671875,"share_pct":0.0},{"period":"2024-03","brand_revenue":0.0,"category_revenue":520052.3828125,"share_pct":0.0},{"period":"2024-04","brand_revenue":0.0,"category_revenue":491300.6640625,"share_pct":0.0},{"period":"2024-05","brand_revenue":21154.72412109375,"category_revenue":542202.890625,"share_pct":3.9000000953674316},{"period":"2024-06","brand_revenue":15984.749755859375,"category_revenue":507288.8671875,"share_pct":3.200000047683716},{"period":"2024-07","brand_revenue":24016.55029296875,"category_revenue":524250.9765625,"share_pct":4.599999904632568},{"period":"2024-08","brand_revenue":24574.7509765625,"category_revenue":612518.7109375,"share_pct":4.0},{"period":"2024-09","brand_revenue":26584.07470703125,"category_revenue":586543.0078125,"share_pct":4.5},{"period":"2024-10","brand_revenue":2310.2499389648438,"category_revenue":641449.1796875,"share_pct":0.4000000059604645},{"period":"2024-11","brand_revenue":1968.5000610351562,"category_revenue":579866.71875,"share_pct":0.30000001192092896},{"period":"2024-12","brand_revenue":5010.4998779296875,"category_revenue":582999.5703125,"share_pct":0.8999999761581421},{"period":"2025-01","brand_revenue":10109.249877929688,"category_revenue":544095.3125,"share_pct":1.899999976158142},{"period":"2025-02","brand_revenue":11564.749755859375,"category_revenue":500875.5859375,"share_pct":2.299999952316284},{"period":"2025-03","brand_revenue":7199.9749755859375,"category_revenue":551422.0703125,"share_pct":1.2999999523162842},{"period":"2025-04","brand_revenue":5455.0,"category_revenue":568189.375,"share_pct":1.0},{"period":"2025-05","brand_revenue":4563.2501220703125,"category_revenue":565516.875,"share_pct":0.800000011920929},{"period":"2025-06","brand_revenue":3508.75,"category_revenue":560506.71875,"share_pct":0.6000000238418579},{"period":"2025-07","brand_revenue":0.0,"category_revenue":600916.09375,"share_pct":0.0},{"period":"2025-08","brand_revenue":5676.7498779296875,"category_revenue":620247.5,"share_pct":0.8999999761581421},{"period":"2025-09","brand_revenue":12417.5,"category_revenue":608971.09375,"share_pct":2.0},{"period":"2025-10","brand_revenue":14038.00048828125,"category_revenue":645293.1640625,"share_pct":2.200000047683716},{"period":"2025-11","brand_revenue":16208.62548828125,"category_revenue":581113.4765625,"share_pct":2.799999952316284},{"period":"2025-12","brand_revenue":5480.0,"category_revenue":553088.5546875,"share_pct":1.0},{"period":"2026-01","brand_revenue":6158.3251953125,"category_revenue":523350.9375,"share_pct":1.2000000476837158}],"PRE ROLL PACK":[{"period":"2024-01","brand_revenue":0.0,"category_revenue":169271.89453125,"share_pct":0.0},{"period":"2024-02","brand_revenue":0.0,"category_revenue":174199.375,"share_pct":0.0},{"period":"2024-03","brand_revenue":0.0,"category_revenue":187083.0078125,"share_pct":0.0},{"period":"2024-04","brand_revenue":0.0,"category_revenue":179617.6171875,"share_pct":0.0},{"period":"2024-05","brand_revenue":0.0,"category_revenue":198875.703125,"share_pct":0.0},{"period":"2024-06","brand_revenue":4459.375,"category_revenue":182181.42578125,"share_pct":2.4000000953674316},{"period":"2024-07","brand_revenue":14164.749755859375,"category_revenue":189754.43359375,"share_pct":7.5},{"period":"2024-08","brand_revenue":13087.5,"category_revenue":163466.5234375,"share_pct":8.0},{"period":"2024-09","brand_revenue":10990.274658203125,"category_revenue":145157.197265625,"share_pct":7.599999904632568},{"period":"2024-10","brand_revenue":16235.224609375,"category_revenue":143902.822265625,"share_pct":11.300000190734863},{"period":"2024-11","brand_revenue":8406.25,"category_revenue":169051.3671875,"share_pct":5.0},{"period":"2024-12","brand_revenue":7703.125,"category_revenue":186738.92578125,"share_pct":4.099999904632568},{"period":"2025-01","brand_revenue":1818.75,"category_revenue":222888.57421875,"share_pct":0.800000011920929},{"period":"2025-02","brand_revenue":350.0,"category_revenue":186213.06640625,"share_pct":0.20000000298023224},{"period":"2025-03","brand_revenue":605.0,"category_revenue":195415.56640625,"share_pct":0.30000001192092896},{"period":"2025-04","brand_revenue":0.0,"category_revenue":188683.2421875,"share_pct":0.0},{"period":"2025-05","brand_revenue":0.0,"category_revenue":231505.29296875,"share_pct":0.0},{"period":"2025-06","brand_revenue":0.0,"category_revenue":169830.2734375,"share_pct":0.0},{"period":"2025-07","brand_revenue":0.0,"category_revenue":130345.849609375,"share_pct":0.0},{"period":"2025-08","brand_revenue":0.0,"category_revenue":108797.099609375,"share_pct":0.0},{"period":"2025-09","brand_revenue":0.0,"category_revenue":99689.677734375,"share_pct":0.0},{"period":"2025-10","brand_revenue":0.0,"category_revenue":67141.8505859375,"share_pct":0.0},{"period":"2025-11","brand_revenue":0.0,"category_revenue":80167.7978515625,"share_pct":0.0},{"period":"2025-12","brand_revenue":0.0,"category_revenue":71818.3740234375,"share_pct":0.0},{"period":"2026-01","brand_revenue":0.0,"category_revenue":62066.826171875,"share_pct":0.0}],"EDIBLE":[{"period":"2024-01","brand_revenue":13602.17529296875,"category_revenue":1115754.921875,"share_pct":1.2000000476837158},{"period":"2024-02","brand_revenue":4748.2000732421875,"category_revenue":1235210.0,"share_pct":0.4000000059604645},{"period":"2024-03","brand_revenue":0.0,"category_revenue":1273343.671875,"share_pct":0.0},{"period":"2024-04","brand_revenue":0.0,"category_revenue":1298159.0625,"share_pct":0.0},{"period":"2024-05","brand_revenue":0.0,"category_revenue":1215880.78125,"share_pct":0.0},{"period":"2024-06","brand_revenue":0.0,"category_revenue":1181362.421875,"share_pct":0.0},{"period":"2024-07","brand_revenue":0.0,"category_revenue":1128302.8125,"share_pct":0.0},{"period":"2024-08","brand_revenue":0.0,"category_revenue":1167724.921875,"share_pct":0.0},{"period":"2024-09","brand_revenue":0.0,"category_revenue":1114619.53125,"share_pct":0.0},{"period":"2024-10","brand_revenue":0.0,"category_revenue":1205149.0625,"share_pct":0.0},{"period":"2024-11","brand_revenue":0.0,"category_revenue":1236132.421875,"share_pct":0.0},{"period":"2024-12","brand_revenue":0.0,"category_revenue":1207318.046875,"share_pct":0.0},{"period":"2025-01","brand_revenue":0.0,"category_revenue":1176202.578125,"share_pct":0.0},{"period":"2025-02","brand_revenue":0.0,"category_revenue":1097683.359375,"share_pct":0.0},{"period":"2025-03","brand_revenue":0.0,"category_revenue":1228067.265625,"share_pct":0.0},{"period":"2025-04","brand_revenue":0.0,"category_revenue":1290106.171875,"share_pct":0.0},{"period":"2025-05","brand_revenue":0.0,"category_revenue":1191670.3125,"share_pct":0.0},{"period":"2025-06","brand_revenue":0.0,"category_revenue":1110702.109375,"share_pct":0.0},{"period":"2025-07","brand_revenue":0.0,"category_revenue":1096938.125,"share_pct":0.0},{"period":"2025-08","brand_revenue":0.0,"category_revenue":1145920.859375,"share_pct":0.0},{"period":"2025-09","brand_revenue":0.0,"category_revenue":1070074.53125,"share_pct":0.0},{"period":"2025-10","brand_revenue":0.0,"category_revenue":1168865.78125,"share_pct":0.0},{"period":"2025-11","brand_revenue":0.0,"category_revenue":1192334.453125,"share_pct":0.0},{"period":"2025-12","brand_revenue":0.0,"category_revenue":1138094.375,"share_pct":0.0},{"period":"2026-01","brand_revenue":0.0,"category_revenue":1092874.21875,"share_pct":0.0}]},"discount_depth":[{"tier":"0% (Full Price)","transactions":13982,"pct_of_transactions":37.5,"revenue":355577.5,"avg_discount":0.0},{"tier":"1-10%","transactions":1952,"pct_of_transactions":5.2,"revenue":58284.345703125,"avg_discount":20.0},{"tier":"11-20%","transactions":1870,"pct_of_transactions":5.0,"revenue":79162.666015625,"avg_discount":33.0},{"tier":"21-30%","transactions":3446,"pct_of_transactions":9.2,"revenue":113210.09765625,"avg_discount":54.0},{"tier":"31%+","transactions":2248,"pct_of_transactions":6.0,"revenue":57007.421875,"avg_discount":96.19999694824219}],"velocity":{"units_per_day":58.32,"revenue_per_day":1325.3999328613281,"avg_units_per_txn":2.66,"days_of_data":762,"total_units":44438,"total_transactions":33520},"velocity_by_category":[{"category":"PRE ROLL","brand_units_per_day":26.62,"category_avg_units_per_day":42.38,"velocity_index":62.8,"brand_rev_per_unit":8.83,"category_rev_per_unit":7.54,"brands_in_category":46},{"category":"FLOWER","brand_units_per_day":26.46,"category_avg_units_per_day":55.54,"velocity_index":47.6,"brand_rev_per_unit":26.89,"category_rev_per_unit":22.97,"brands_in_category":64},{"category":"PRE ROLL PACK","brand_units_per_day":3.82,"category_avg_units_per_day":11.6,"velocity_index":33.0,"brand_rev_per_unit":21.38,"category_rev_per_unit":25.24,"brands_in_category":14},{"category":"EDIBLE","brand_units_per_day":0.98,"category_avg_units_per_day":69.98,"velocity_index":1.4,"brand_rev_per_unit":19.78,"category_rev_per_unit":13.77,"brands_in_category":32},{"category":0.0,"brand_units_per_day":0.0,"category_avg_units_per_day":0,"velocity_index":0,"brand_rev_per_unit":0.0,"category_rev_per_unit":0.0,"brands_in_category":0}],"deals":[{"deal_name":"Industry - 30% Off","times_used":8538,"units":10786.0,"revenue":207563.99947166443,"discounts":89033.49987983704,"cost":122930.0,"profit":84634.00012254715,"pre_discount_revenue":296597.5,"margin":40.8,"avg_discount":60.0},{"deal_name":"Industry 30% Off","times_used":2000,"units":2702.3333333333335,"revenue":64343.96665255229,"discounts":28042.699992656708,"cost":35476.25,"profit":28867.716670235,"pre_discount_revenue":92386.66666666666,"margin":44.9,"avg_discount":60.8},{"deal_name":"30% Off Special","times_used":886,"units":980.0,"revenue":28157.5,"discounts":12067.5,"cost":17270.0,"profit":10887.5,"pre_discount_revenue":40225.0,"margin":38.7,"avg_discount":60.0},{"deal_name":"Lit4Less - 1/4 for $60","times_used":798,"units":1470.0,"revenue":54995.86249947548,"discounts":17541.637499332428,"cost":27562.5,"profit":27433.362500071526,"pre_discount_revenue":72537.5,"margin":49.9,"avg_discount":48.4},{"deal_name":"Senior - 10% Off","times_used":736,"units":1071.0,"revenue":24929.37504053116,"discounts":2826.8750032782555,"cost":11188.75,"profit":13740.625013113022,"pre_discount_revenue":27756.25,"margin":55.1,"avg_discount":20.4},{"deal_name":"RNBW 1/4 for $60","times_used":556,"units":1233.0,"revenue":46339.375,"discounts":8516.875,"cost":23118.75,"profit":23220.625,"pre_discount_revenue":54856.25,"margin":50.1,"avg_discount":31.0},{"deal_name":"4/20 2025 - Flower / Infused","times_used":554,"units":860.0,"revenue":16499.14999961853,"discounts":16563.35000038147,"cost":14062.5,"profit":2436.6499996185303,"pre_discount_revenue":33062.5,"margin":14.8,"avg_discount":100.2},{"deal_name":"Veterans - 10% Off","times_used":520,"units":632.0,"revenue":13207.250022888184,"discounts":1482.7500051259995,"cost":5800.0,"profit":7407.250019311905,"pre_discount_revenue":14690.0,"margin":56.1,"avg_discount":20.2},{"deal_name":"Senior / Veterans - 20% Off","times_used":432,"units":736.0,"revenue":14770.50006389618,"discounts":3709.500015974045,"cost":7327.5,"profit":7442.999981641769,"pre_discount_revenue":18480.0,"margin":50.4,"avg_discount":40.2},{"deal_name":"50% Off - G2B","times_used":396,"units":670.0,"revenue":11800.0,"discounts":11800.0,"cost":8602.5,"profit":3197.5,"pre_discount_revenue":23600.0,"margin":27.1,"avg_discount":100.0},{"deal_name":"Stock & Save - 1/4 for $50","times_used":198,"units":252.0,"revenue":7875.0,"discounts":3150.0,"cost":4725.0,"profit":3150.0,"pre_discount_revenue":11025.0,"margin":40.0,"avg_discount":57.2},{"deal_name":"Employee 30% - NOT FRIDAYS","times_used":198,"units":244.0,"revenue":4395.74999332428,"discounts":2026.74999833107,"cost":2542.5,"profit":1853.25000166893,"pre_discount_revenue":6422.5,"margin":42.2,"avg_discount":63.2},{"deal_name":"LVAC - 25% Off","times_used":176,"units":224.0,"revenue":3898.125,"discounts":1299.375,"cost":2125.0,"profit":1773.125,"pre_discount_revenue":5197.5,"margin":45.5,"avg_discount":50.0},{"deal_name":"RNBW 1/4 for $55","times_used":140,"units":300.0,"revenue":10312.5,"discounts":2862.5,"cost":5625.0,"profit":4687.5,"pre_discount_revenue":13175.0,"margin":45.5,"avg_discount":43.4},{"deal_name":"GW - 50% Off Flower","times_used":124,"units":206.0,"revenue":4506.25,"discounts":4506.25,"cost":3862.5,"profit":643.75,"pre_discount_revenue":9012.5,"margin":14.3,"avg_discount":100.0},{"deal_name":"50% Off IPR  / PR Packs","times_used":110,"units":152.0,"revenue":2375.0,"discounts":2375.0,"cost":1900.0,"profit":475.0,"pre_discount_revenue":4750.0,"margin":20.0,"avg_discount":100.0},{"deal_name":"Employee - 40% OFF","times_used":96,"units":120.0,"revenue":2471.974997520447,"discounts":1648.0250012874603,"cost":1642.5,"profit":829.475000500679,"pre_discount_revenue":4120.0,"margin":33.6,"avg_discount":80.0},{"deal_name":"40% Off Flower Blowout","times_used":44,"units":44.0,"revenue":1182.5,"discounts":805.0,"cost":825.0,"profit":357.5,"pre_discount_revenue":1987.5,"margin":30.2,"avg_discount":81.0},{"deal_name":"RNBW Pre Rolls 5 for $40","times_used":30,"units":170.0,"revenue":1700.0,"discounts":685.0,"cost":850.0,"profit":850.0,"pre_discount_revenue":2385.0,"margin":50.0,"avg_discount":57.4},{"deal_name":"Store Credit - $15","times_used":24,"units":34.33333333333333,"revenue":732.9166678587594,"discounts":533.7499964237213,"cost":463.75,"profit":269.1666658719381,"pre_discount_revenue":1266.6666666666667,"margin":36.7,"avg_discount":84.2},{"deal_name":"25% OFF SALE","times_used":22,"units":22.0,"revenue":382.5,"discounts":127.5,"cost":275.0,"profit":107.5,"pre_discount_revenue":510.0,"margin":28.1,"avg_discount":50.0},{"deal_name":"Sammy Davis Early Bird - 15% Off","times_used":22,"units":26.0,"revenue":403.75,"discounts":71.25,"cost":157.5,"profit":246.25,"pre_discount_revenue":475.0,"margin":61.0,"avg_discount":30.0},{"deal_name":"RNBW","times_used":20,"units":10.0,"revenue":312.5,"discounts":125.0,"cost":187.5,"profit":125.0,"pre_discount_revenue":437.5,"margin":40.0,"avg_discount":57.2},{"deal_name":"Reina","times_used":20,"units":10.0,"revenue":312.5,"discounts":125.0,"cost":187.5,"profit":125.0,"pre_discount_revenue":437.5,"margin":40.0,"avg_discount":57.2},{"deal_name":"Flight Bites Buy 2 Get 1","times_used":20,"units":60.0,"revenue":1150.24995803833,"discounts":574.7499942779541,"cost":750.0,"profit":400.2500057220459,"pre_discount_revenue":1725.0,"margin":34.8,"avg_discount":66.6},{"deal_name":"$50 1/4 -","times_used":20,"units":10.0,"revenue":312.5,"discounts":125.0,"cost":187.5,"profit":125.0,"pre_discount_revenue":437.5,"margin":40.0,"avg_discount":57.2},{"deal_name":"Store Credit - $25","times_used":14,"units":14.333333333333332,"revenue":315.34166852633155,"discounts":388.8249969482422,"cost":268.75,"profit":46.59166594346364,"pre_discount_revenue":704.1666666666667,"margin":14.8,"avg_discount":110.4},{"deal_name":"Lit 4 Less - 1/4 for $60","times_used":12,"units":28.0,"revenue":1050.0,"discounts":175.0,"cost":525.0,"profit":525.0,"pre_discount_revenue":1225.0,"margin":50.0,"avg_discount":28.6},{"deal_name":"Store Credit - $50","times_used":8,"units":5.0,"revenue":47.737499475479126,"discounts":127.26249933242798,"cost":63.75,"profit":-16.012499928474426,"pre_discount_revenue":175.0,"margin":-33.5,"avg_discount":145.4},{"deal_name":"Medical - 10%","times_used":6,"units":6.0,"revenue":123.75,"discounts":13.75,"cost":55.0,"profit":68.75,"pre_discount_revenue":137.5,"margin":55.6,"avg_discount":20.0},{"deal_name":"Jackpot - Locals 30% Off","times_used":6,"units":20.0,"revenue":402.4999952316284,"discounts":172.4999988079071,"cost":250.0,"profit":152.5000011920929,"pre_discount_revenue":575.0,"margin":37.9,"avg_discount":60.0},{"deal_name":"RNBW 1oz for $230","times_used":4,"units":32.0,"revenue":1150.0,"discounts":250.0,"cost":600.0,"profit":550.0,"pre_discount_revenue":1400.0,"margin":47.8,"avg_discount":35.8},{"deal_name":"Store Credit - $75","times_used":4,"units":2.0,"revenue":7.5,"discounts":92.5,"cost":37.5,"profit":-30.0,"pre_discount_revenue":100.0,"margin":-400.0,"avg_discount":185.0},{"deal_name":"Veterans Day - 30% Off For Veterans!","times_used":2,"units":2.0,"revenue":61.25,"discounts":26.25,"cost":37.5,"profit":23.75,"pre_discount_revenue":87.5,"margin":38.8,"avg_discount":60.0}],"top_products":[{"product":"POOL PARTY EIGHTH - RNBW","units":2716,"revenue":94074.74609375,"cost":50925.0,"profit":43149.7509765625,"transactions":2348,"margin":45.900001525878906},{"product":"DESERT WIND EIGHTH - RNBW","units":2706,"revenue":93469.8046875,"cost":50737.5,"profit":42732.2998046875,"transactions":2178,"margin":45.70000076293945},{"product":"HIGH ROLLER EIGHTH - RNBW","units":2618,"revenue":91938.9453125,"cost":49087.5,"profit":42851.4501953125,"transactions":2298,"margin":46.599998474121094},{"product":"MINTY STORM EIGHTH - RNBW","units":2468,"revenue":81639.0234375,"cost":46275.0,"profit":35364.02587890625,"transactions":2108,"margin":43.29999923706055},{"product":"SOUND CHECK EIGHTH - RNBW","units":2358,"revenue":79875.3759765625,"cost":44212.5,"profit":35662.8759765625,"transactions":2116,"margin":44.599998474121094},{"product":"SPREAD LOVE EIGHTH - RNBW","units":2090,"revenue":73137.998046875,"cost":39187.5,"profit":33950.50048828125,"transactions":1764,"margin":46.400001525878906},{"product":"DELICIOUS DULCE EIGHTH - RNBW","units":1746,"revenue":61963.75,"cost":32737.5,"profit":29226.25,"transactions":1388,"margin":47.20000076293945},{"product":"GUAVA BLAST EIGHTH - RNBW","units":1348,"revenue":49455.6005859375,"cost":25275.0,"profit":24180.6005859375,"transactions":1038,"margin":48.900001525878906},{"product":"POOL PARTY PRE ROLL - RNBW","units":4066,"revenue":44482.548828125,"cost":18935.0,"profit":25547.548828125,"transactions":3362,"margin":57.400001525878906},{"product":"SOUND CHECK PRE ROLL - RNBW","units":3394,"revenue":37657.67578125,"cost":15655.0,"profit":22002.67578125,"transactions":2716,"margin":58.400001525878906},{"product":"SPREAD LOVE PRE ROLL - RNBW","units":3230,"revenue":34886.474609375,"cost":15902.5,"profit":18983.974609375,"transactions":2652,"margin":54.400001525878906},{"product":"DESERT WIND PRE ROLL - RNBW","units":2536,"revenue":27463.125,"cost":11635.0,"profit":15828.125,"transactions":2206,"margin":57.599998474121094},{"product":"HIGH ROLLER PRE ROLL - RNBW","units":2226,"revenue":24393.125,"cost":11130.0,"profit":13263.125,"transactions":1844,"margin":54.400001525878906},{"product":"MINTY STORM PRE ROLL - RNBW","units":2104,"revenue":24199.7509765625,"cost":10210.0,"profit":13989.749755859375,"transactions":1718,"margin":57.79999923706055},{"product":"CARD SHARP EIGHTH - RNBW","units":688,"revenue":21506.923828125,"cost":12900.0,"profit":8606.925048828125,"transactions":632,"margin":40.0},{"product":"POOL PARTY 5 PK PRE ROLL - RNBW","units":764,"revenue":19994.87548828125,"cost":9550.0,"profit":10444.87548828125,"transactions":682,"margin":52.20000076293945},{"product":"SPREAD LOVE 5 PK PRE ROLL - RNBW","units":676,"revenue":18665.0,"cost":8450.0,"profit":10215.0,"transactions":608,"margin":54.70000076293945},{"product":"CLOUD 9INE FLIGHT BITES - RNBW","units":742,"revenue":18350.374755859375,"cost":9275.0,"profit":9075.374755859375,"transactions":532,"margin":49.5},{"product":"SOUND CHECK 5 PK PRE ROLL - RNBW","units":662,"revenue":16983.974609375,"cost":8275.0,"profit":8708.975219726562,"transactions":588,"margin":51.29999923706055},{"product":"CARD SHARP PRE ROLL - RNBW","units":1372,"revenue":15242.574462890625,"cost":5617.5,"profit":9625.075073242188,"transactions":1130,"margin":63.099998474121094},{"product":"LATE NIGHT EIGHTH - RNBW","units":400,"revenue":14237.425537109375,"cost":7500.0,"profit":6737.4249267578125,"transactions":342,"margin":47.29999923706055},{"product":"DELICIOUS DULCE 5 PK PRE ROLL - RNBW","units":400,"revenue":11925.0,"cost":5000.0,"profit":6925.0,"transactions":376,"margin":58.099998474121094},{"product":"DELICIOUS DULCE PRE ROLL - RNBW","units":950,"revenue":10526.25,"cost":4750.0,"profit":5776.25,"transactions":760,"margin":54.900001525878906},{"product":"FUTURE EX WIFE EIGHTH - RNBW","units":234,"revenue":7736.25,"cost":4387.5,"profit":3348.75,"transactions":200,"margin":43.29999923706055},{"product":"LATE NIGHT PRE ROLL - RNBW","units":574,"revenue":6410.875244140625,"cost":2152.5,"profit":4258.374938964844,"transactions":464,"margin":66.4000015258789}],"products_by_store":{"Elevation Springs":[{"product":"DESERT WIND EIGHTH - RNBW","units":1038,"revenue":36736.875,"cost":19462.5,"profit":17274.375,"transactions":846,"margin":47.0},{"product":"POOL PARTY EIGHTH - RNBW","units":716,"revenue":25293.125,"cost":13425.0,"profit":11868.125,"transactions":602,"margin":46.900001525878906},{"product":"SPREAD LOVE EIGHTH - RNBW","units":544,"revenue":19808.125,"cost":10200.0,"profit":9608.125,"transactions":468,"margin":48.5},{"product":"DELICIOUS DULCE EIGHTH - RNBW","units":550,"revenue":19537.2998046875,"cost":10312.5,"profit":9224.7998046875,"transactions":428,"margin":47.20000076293945},{"product":"HIGH ROLLER EIGHTH - RNBW","units":486,"revenue":17682.5,"cost":9112.5,"profit":8570.0,"transactions":432,"margin":48.5},{"product":"MINTY STORM EIGHTH - RNBW","units":524,"revenue":17355.400390625,"cost":9825.0,"profit":7530.3997802734375,"transactions":464,"margin":43.400001525878906},{"product":"GUAVA BLAST EIGHTH - RNBW","units":450,"revenue":15951.875,"cost":8437.5,"profit":7514.375,"transactions":384,"margin":47.099998474121094},{"product":"POOL PARTY PRE ROLL - RNBW","units":1394,"revenue":15103.499755859375,"cost":6470.0,"profit":8633.499755859375,"transactions":1082,"margin":57.20000076293945},{"product":"SOUND CHECK EIGHTH - RNBW","units":402,"revenue":13478.75,"cost":7537.5,"profit":5941.25,"transactions":360,"margin":44.099998474121094},{"product":"SOUND CHECK PRE ROLL - RNBW","units":1054,"revenue":11103.75,"cost":5077.5,"profit":6026.25,"transactions":764,"margin":54.29999923706055},{"product":"SPREAD LOVE PRE ROLL - RNBW","units":792,"revenue":8575.999755859375,"cost":3897.5,"profit":4678.500061035156,"transactions":622,"margin":54.599998474121094},{"product":"DESERT WIND PRE ROLL - RNBW","units":746,"revenue":8325.125122070312,"cost":3417.5,"profit":4907.6251220703125,"transactions":646,"margin":58.900001525878906},{"product":"MINTY STORM PRE ROLL - RNBW","units":698,"revenue":8069.2498779296875,"cost":3305.0,"profit":4764.2498779296875,"transactions":498,"margin":59.0},{"product":"FUTURE EX WIFE EIGHTH - RNBW","units":234,"revenue":7736.25,"cost":4387.5,"profit":3348.75,"transactions":200,"margin":43.29999923706055},{"product":"SOUND CHECK 5 PK PRE ROLL - RNBW","units":290,"revenue":7652.9248046875,"cost":3625.0,"profit":4027.9251098632812,"transactions":244,"margin":52.599998474121094}],"Elevation Mesa":[{"product":"MINTY STORM EIGHTH - RNBW","units":880,"revenue":29476.0009765625,"cost":16500.0,"profit":12975.999755859375,"transactions":732,"margin":44.0},{"product":"HIGH ROLLER EIGHTH - RNBW","units":818,"revenue":29053.5498046875,"cost":15337.5,"profit":13716.0498046875,"transactions":688,"margin":47.20000076293945},{"product":"POOL PARTY EIGHTH - RNBW","units":744,"revenue":25996.0009765625,"cost":13950.0,"profit":12045.999755859375,"transactions":628,"margin":46.29999923706055},{"product":"DESERT WIND EIGHTH - RNBW","units":776,"revenue":25833.5498046875,"cost":14550.0,"profit":11283.5498046875,"transactions":624,"margin":43.70000076293945},{"product":"SOUND CHECK EIGHTH - RNBW","units":700,"revenue":22553.125,"cost":13125.0,"profit":9428.125,"transactions":618,"margin":41.79999923706055},{"product":"DELICIOUS DULCE EIGHTH - RNBW","units":602,"revenue":20680.2001953125,"cost":11287.5,"profit":9392.7001953125,"transactions":460,"margin":45.400001525878906},{"product":"SPREAD LOVE EIGHTH - RNBW","units":506,"revenue":18093.75,"cost":9487.5,"profit":8606.25,"transactions":402,"margin":47.599998474121094},{"product":"GUAVA BLAST EIGHTH - RNBW","units":450,"revenue":16682.349853515625,"cost":8437.5,"profit":8244.849853515625,"transactions":308,"margin":49.400001525878906},{"product":"POOL PARTY PRE ROLL - RNBW","units":1036,"revenue":11269.549560546875,"cost":4725.0,"profit":6544.5501708984375,"transactions":796,"margin":58.099998474121094},{"product":"SPREAD LOVE PRE ROLL - RNBW","units":948,"revenue":10613.00048828125,"cost":4680.0,"profit":5932.9998779296875,"transactions":740,"margin":55.900001525878906},{"product":"SOUND CHECK PRE ROLL - RNBW","units":806,"revenue":9513.875122070312,"cost":3767.5,"profit":5746.3751220703125,"transactions":678,"margin":60.400001525878906},{"product":"CARD SHARP EIGHTH - RNBW","units":252,"revenue":8463.800048828125,"cost":4725.0,"profit":3738.800048828125,"transactions":224,"margin":44.20000076293945},{"product":"POOL PARTY 5 PK PRE ROLL - RNBW","units":314,"revenue":8318.75,"cost":3925.0,"profit":4393.75,"transactions":288,"margin":52.79999923706055},{"product":"HIGH ROLLER PRE ROLL - RNBW","units":600,"revenue":6757.82470703125,"cost":3000.0,"profit":3757.8250122070312,"transactions":492,"margin":55.599998474121094},{"product":"SOUND CHECK 5 PK PRE ROLL - RNBW","units":274,"revenue":6706.0498046875,"cost":3425.0,"profit":3281.0501098632812,"transactions":250,"margin":48.900001525878906}],"Elevation Oasis":[{"product":"CLOUD 9INE FLIGHT BITES - RNBW","units":168,"revenue":4332.674865722656,"cost":2100.0,"profit":2232.675018310547,"transactions":96,"margin":51.5}],"Elevation Midtown":[{"product":"CLOUD 9INE FLIGHT BITES - RNBW","units":18,"revenue":370.75000762939453,"cost":225.0,"profit":145.74999809265137,"transactions":16,"margin":39.29999923706055}],"Elevation Boulevard":[{"product":"MINTY STORM EIGHTH - RNBW","units":664,"revenue":21553.87451171875,"cost":12450.0,"profit":9103.875122070312,"transactions":580,"margin":42.20000076293945},{"product":"POOL PARTY EIGHTH - RNBW","units":614,"revenue":20038.75,"cost":11512.5,"profit":8526.25,"transactions":532,"margin":42.5},{"product":"HIGH ROLLER EIGHTH - RNBW","units":586,"revenue":19585.625,"cost":10987.5,"profit":8598.125,"transactions":518,"margin":43.900001525878906},{"product":"SOUND CHECK EIGHTH - RNBW","units":574,"revenue":19253.87451171875,"cost":10762.5,"profit":8491.375122070312,"transactions":512,"margin":44.099998474121094},{"product":"SPREAD LOVE EIGHTH - RNBW","units":548,"revenue":18073.62548828125,"cost":10275.0,"profit":7798.6248779296875,"transactions":464,"margin":43.099998474121094},{"product":"DESERT WIND EIGHTH - RNBW","units":446,"revenue":14294.375,"cost":8362.5,"profit":5931.875,"transactions":328,"margin":41.5},{"product":"GUAVA BLAST EIGHTH - RNBW","units":250,"revenue":9087.000122070312,"cost":4687.5,"profit":4399.5001220703125,"transactions":180,"margin":48.400001525878906},{"product":"SOUND CHECK PRE ROLL - RNBW","units":740,"revenue":7974.625244140625,"cost":3212.5,"profit":4762.124938964844,"transactions":586,"margin":59.70000076293945},{"product":"DESERT WIND PRE ROLL - RNBW","units":642,"revenue":6779.2498779296875,"cost":2897.5,"profit":3881.7498779296875,"transactions":556,"margin":57.29999923706055},{"product":"DELICIOUS DULCE EIGHTH - RNBW","units":188,"revenue":6720.0,"cost":3525.0,"profit":3195.0,"transactions":150,"margin":47.5},{"product":"SPREAD LOVE PRE ROLL - RNBW","units":652,"revenue":6387.4749755859375,"cost":3197.5,"profit":3189.9749755859375,"transactions":552,"margin":49.900001525878906},{"product":"POOL PARTY 5 PK PRE ROLL - RNBW","units":248,"revenue":6204.2498779296875,"cost":3100.0,"profit":3104.2498779296875,"transactions":224,"margin":50.0},{"product":"MINTY STORM PRE ROLL - RNBW","units":508,"revenue":5910.4998779296875,"cost":2477.5,"profit":3432.9998779296875,"transactions":460,"margin":58.099998474121094},{"product":"CARD SHARP EIGHTH - RNBW","units":198,"revenue":5890.0,"cost":3712.5,"profit":2177.5,"transactions":192,"margin":37.0},{"product":"POOL PARTY PRE ROLL - RNBW","units":544,"revenue":5744.5001220703125,"cost":2535.0,"profit":3209.5001220703125,"transactions":496,"margin":55.900001525878906}],"Elevation Parkway":[{"product":"HIGH ROLLER EIGHTH - RNBW","units":728,"revenue":25617.275390625,"cost":13650.0,"profit":11967.275390625,"transactions":660,"margin":46.70000076293945},{"product":"SOUND CHECK EIGHTH - RNBW","units":682,"revenue":24589.6240234375,"cost":12787.5,"profit":11802.125244140625,"transactions":626,"margin":48.0},{"product":"POOL PARTY EIGHTH - RNBW","units":642,"revenue":22746.875,"cost":12037.5,"profit":10709.375,"transactions":586,"margin":47.099998474121094},{"product":"SPREAD LOVE EIGHTH - RNBW","units":492,"revenue":17162.5,"cost":9225.0,"profit":7937.5,"transactions":430,"margin":46.20000076293945},{"product":"DESERT WIND EIGHTH - RNBW","units":446,"revenue":16605.0,"cost":8362.5,"profit":8242.5,"transactions":380,"margin":49.599998474121094},{"product":"DELICIOUS DULCE EIGHTH - RNBW","units":406,"revenue":15026.25,"cost":7612.5,"profit":7413.75,"transactions":350,"margin":49.29999923706055},{"product":"MINTY STORM EIGHTH - RNBW","units":400,"revenue":13253.75,"cost":7500.0,"profit":5753.75,"transactions":332,"margin":43.400001525878906},{"product":"POOL PARTY PRE ROLL - RNBW","units":1092,"revenue":12365.0,"cost":5205.0,"profit":7160.0,"transactions":988,"margin":57.900001525878906},{"product":"DELICIOUS DULCE 5 PK PRE ROLL - RNBW","units":400,"revenue":11925.0,"cost":5000.0,"profit":6925.0,"transactions":376,"margin":58.099998474121094},{"product":"SPREAD LOVE 5 PK PRE ROLL - RNBW","units":386,"revenue":11550.0,"cost":4825.0,"profit":6725.0,"transactions":342,"margin":58.20000076293945},{"product":"SPREAD LOVE PRE ROLL - RNBW","units":838,"revenue":9310.0,"cost":4127.5,"profit":5182.5,"transactions":738,"margin":55.70000076293945},{"product":"SOUND CHECK PRE ROLL - RNBW","units":794,"revenue":9065.4248046875,"cost":3597.5,"profit":5467.9248046875,"transactions":688,"margin":60.29999923706055},{"product":"DESERT WIND PRE ROLL - RNBW","units":726,"revenue":7972.5,"cost":3372.5,"profit":4600.0,"transactions":630,"margin":57.70000076293945},{"product":"GUAVA BLAST EIGHTH - RNBW","units":198,"revenue":7734.375,"cost":3712.5,"profit":4021.875,"transactions":166,"margin":52.0},{"product":"MINTY STORM PRE ROLL - RNBW","units":598,"revenue":6838.2501220703125,"cost":2927.5,"profit":3910.7501220703125,"transactions":542,"margin":57.20000076293945}]},"store_summary":[{"store_clean":"Elevation Springs","units":12794,"revenue":281531.875,"cost":142567.5,"profit":138964.375,"discounts":75658.125,"margin":49.400001525878906,"discount_rate":21.200000762939453},{"store_clean":"Elevation Mesa","units":11816,"revenue":279422.6953125,"cost":144160.0,"profit":135262.6953125,"discounts":76912.2998046875,"margin":48.400001525878906,"discount_rate":21.600000381469727},{"store_clean":"Elevation Parkway","units":10964,"revenue":249997.75390625,"cost":121545.0,"profit":128452.75390625,"discounts":49799.7509765625,"margin":51.400001525878906,"discount_rate":16.600000381469727},{"store_clean":"Elevation Boulevard","units":8678,"revenue":194298.046875,"cost":104080.0,"profit":90218.046875,"discounts":60006.9482421875,"margin":46.400001525878906,"discount_rate":23.600000381469727},{"store_clean":"Elevation Oasis","units":168,"revenue":4332.674865722656,"cost":2100.0,"profit":2232.675018310547,"discounts":497.3250198364258,"margin":51.5,"discount_rate":10.300000190734863},{"store_clean":"Elevation Midtown","units":18,"revenue":370.75000762939453,"cost":225.0,"profit":145.74999809265137,"discounts":116.75000190734863,"margin":39.29999923706055,"discount_rate":23.899999618530273}],"recommendations":[{"severity":"yellow","title":"CATEGORY BENCHMARK GAP","detail":"Overall margin (49.0%) trails FLOWER average (54.1%) by 5.1 pts.","action":"Negotiate cost reduction or increase retail price."},{"severity":"info","title":"VOLUME LEVERAGE","detail":"$403,982 revenue provides negotiating leverage.","action":"Use volume as leverage in next vendor meeting."}],"comparison":null}