{"brand":"FEATURED FARMS","date_range":"2024-01-01 00:00:00 to 2026-01-31 00:00:00","period_label":"All Time","summary":{"total_units":2670,"total_revenue":101273.59375,"total_cost":56737.5,"total_discounts":29251.39892578125,"total_profit":44536.103515625,"overall_margin":44.0,"fp_margin":57.20000076293945,"disc_margin":35.5,"pct_full_price":39.0,"avg_discount_rate":22.399999618530273,"fp_revenue":39537.5,"disc_revenue":61736.0986328125,"unique_customers":1746,"brand":"FEATURED FARMS","date_range":"2024-01-01 00:00:00 to 2026-01-31 00:00:00","months_count":32,"avg_monthly_cost":3546.1000000000004,"cost_per_unit":42.5,"primary_category":"CARTRIDGE","primary_cat_margin":50.400001525878906,"category_rank":19,"category_total":27,"margin_vs_category":-6.400000095367432,"velocity_rank":19},"category_breakdown":[{"category_clean":"CARTRIDGE","units":2664,"revenue":101078.603515625,"cost":56610.0,"profit":44468.5986328125,"discounts":29146.39892578125,"margin":44.0,"category_avg_margin":50.400001525878906,"vs_category":-6.4,"rank":19.0,"total_brands":27.0}],"trend":[{"period":"2024-10","revenue":2702.5,"cost":1360.0,"margin":49.7,"units":64,"transactions":52,"profit":1342.5,"revenue_change_pct":null,"units_change_pct":null,"margin_change_pts":null},{"period":"2024-11","revenue":8085.0,"cost":3910.0,"margin":51.6,"units":184,"transactions":156,"profit":4175.0,"revenue_change_pct":199.2,"units_change_pct":187.5,"margin_change_pts":2.0},{"period":"2024-12","revenue":12435.0,"cost":6035.0,"margin":51.5,"units":284,"transactions":230,"profit":6400.0,"revenue_change_pct":53.8,"units_change_pct":54.3,"margin_change_pts":-0.2},{"period":"2025-01","revenue":21524.55078125,"cost":11092.5,"margin":48.5,"units":522,"transactions":414,"profit":10432.049560546875,"revenue_change_pct":73.1,"units_change_pct":83.8,"margin_change_pts":-3.0},{"period":"2025-02","revenue":11115.0,"cost":6587.5,"margin":40.7,"units":310,"transactions":266,"profit":4527.5,"revenue_change_pct":-48.4,"units_change_pct":-40.6,"margin_change_pts":-7.7},{"period":"2025-03","revenue":11291.075439453125,"cost":7565.0,"margin":33.0,"units":356,"transactions":274,"profit":3726.0751342773438,"revenue_change_pct":1.6,"units_change_pct":14.8,"margin_change_pts":-7.7},{"period":"2025-04","revenue":7350.0,"cost":3655.0,"margin":50.3,"units":172,"transactions":148,"profit":3695.0,"revenue_change_pct":-34.9,"units_change_pct":-51.7,"margin_change_pts":17.3},{"period":"2025-05","revenue":5768.75,"cost":3187.5,"margin":44.7,"units":150,"transactions":130,"profit":2581.25,"revenue_change_pct":-21.5,"units_change_pct":-12.8,"margin_change_pts":-5.5},{"period":"2025-06","revenue":3295.474853515625,"cost":1912.5,"margin":42.0,"units":90,"transactions":78,"profit":1382.9750061035156,"revenue_change_pct":-42.9,"units_change_pct":-40.0,"margin_change_pts":-2.8},{"period":"2025-07","revenue":5000.0,"cost":3060.0,"margin":38.8,"units":144,"transactions":110,"profit":1940.0,"revenue_change_pct":51.7,"units_change_pct":60.0,"margin_change_pts":-3.2},{"period":"2025-08","revenue":3990.0,"cost":2592.5,"margin":35.0,"units":122,"transactions":114,"profit":1397.5,"revenue_change_pct":-20.2,"units_change_pct":-15.3,"margin_change_pts":-3.8},{"period":"2025-09","revenue":3048.75,"cost":1997.5,"margin":34.5,"units":94,"transactions":76,"profit":1051.25,"revenue_change_pct":-23.6,"units_change_pct":-23.0,"margin_change_pts":-0.5},{"period":"2025-10","revenue":3815.0,"cost":2550.0,"margin":33.2,"units":120,"transactions":108,"profit":1265.0,"revenue_change_pct":25.1,"units_change_pct":27.7,"margin_change_pts":-1.3},{"period":"2025-11","revenue":1211.875,"cost":807.5,"margin":33.4,"units":38,"transactions":34,"profit":404.375,"revenue_change_pct":-68.2,"units_change_pct":-68.3,"margin_change_pts":0.2},{"period":"2025-12","revenue":284.375,"cost":170.0,"margin":40.2,"units":8,"transactions":8,"profit":114.375,"revenue_change_pct":-76.5,"units_change_pct":-78.9,"margin_change_pts":6.9},{"period":"2026-01","revenue":356.25,"cost":255.0,"margin":28.4,"units":12,"transactions":10,"profit":101.25,"revenue_change_pct":25.3,"units_change_pct":50.0,"margin_change_pts":-11.8}],"share_of_category":[{"category":"CARTRIDGE","brand_revenue":101078.59375,"category_revenue":46155130.0,"revenue_share_pct":0.20000000298023224,"brand_units":2664,"category_units":1532896,"units_share_pct":0.2},{"category":0.0,"brand_revenue":0.0,"category_revenue":0.0,"revenue_share_pct":0.0,"brand_units":0,"category_units":0,"units_share_pct":0.0}],"share_of_category_trend":{"CARTRIDGE":[{"period":"2024-01","brand_revenue":0.0,"category_revenue":2057675.625,"share_pct":0.0},{"period":"2024-02","brand_revenue":0.0,"category_revenue":2141777.8125,"share_pct":0.0},{"period":"2024-03","brand_revenue":0.0,"category_revenue":2288552.1875,"share_pct":0.0},{"period":"2024-04","brand_revenue":0.0,"category_revenue":2096820.46875,"share_pct":0.0},{"period":"2024-05","brand_revenue":0.0,"category_revenue":2138038.59375,"share_pct":0.0},{"period":"2024-06","brand_revenue":0.0,"category_revenue":2017623.90625,"share_pct":0.0},{"period":"2024-07","brand_revenue":0.0,"category_revenue":2031918.28125,"share_pct":0.0},{"period":"2024-08","brand_revenue":0.0,"category_revenue":2132382.65625,"share_pct":0.0},{"period":"2024-09","brand_revenue":0.0,"category_revenue":1955407.03125,"share_pct":0.0},{"period":"2024-10","brand_revenue":2702.5,"category_revenue":2083993.125,"share_pct":0.10000000149011612},{"period":"2024-11","brand_revenue":8085.0,"category_revenue":2038609.375,"share_pct":0.4000000059604645},{"period":"2024-12","brand_revenue":12435.0,"category_revenue":2003932.03125,"share_pct":0.6000000238418579},{"period":"2025-01","brand_revenue":21524.55078125,"category_revenue":1921719.21875,"share_pct":1.100000023841858},{"period":"2025-02","brand_revenue":11115.0,"category_revenue":1668647.5,"share_pct":0.699999988079071},{"period":"2025-03","brand_revenue":11096.075439453125,"category_revenue":1758711.25,"share_pct":0.6000000238418579},{"period":"2025-04","brand_revenue":7350.0,"category_revenue":1735997.5,"share_pct":0.4000000059604645},{"period":"2025-05","brand_revenue":5768.75,"category_revenue":1688800.46875,"share_pct":0.30000001192092896},{"period":"2025-06","brand_revenue":3295.474853515625,"category_revenue":1594515.0,"share_pct":0.20000000298023224},{"period":"2025-07","brand_revenue":5000.0,"category_revenue":1595739.53125,"share_pct":0.30000001192092896},{"period":"2025-08","brand_revenue":3990.0,"category_revenue":1677489.6875,"share_pct":0.20000000298023224},{"period":"2025-09","brand_revenue":3048.75,"category_revenue":1539547.96875,"share_pct":0.20000000298023224},{"period":"2025-10","brand_revenue":3815.0,"category_revenue":1548909.21875,"share_pct":0.20000000298023224},{"period":"2025-11","brand_revenue":1211.875,"category_revenue":1545430.15625,"share_pct":0.10000000149011612},{"period":"2025-12","brand_revenue":284.375,"category_revenue":1467828.28125,"share_pct":0.0},{"period":"2026-01","brand_revenue":356.25,"category_revenue":1425064.0625,"share_pct":0.0}]},"discount_depth":[{"tier":"0% (Full Price)","transactions":712,"pct_of_transactions":29.4,"revenue":39537.5,"avg_discount":0.0},{"tier":"1-10%","transactions":108,"pct_of_transactions":4.5,"revenue":5478.75,"avg_discount":20.0},{"tier":"11-20%","transactions":40,"pct_of_transactions":1.7,"revenue":1662.0750427246094,"avg_discount":37.599998474121094},{"tier":"21-30%","transactions":58,"pct_of_transactions":2.4,"revenue":2334.2250061035156,"avg_discount":52.0},{"tier":"31%+","transactions":388,"pct_of_transactions":16.0,"revenue":11451.0498046875,"avg_discount":92.4000015258789}],"velocity":{"units_per_day":5.6,"revenue_per_day":212.32500076293945,"avg_units_per_txn":2.42,"days_of_data":477,"total_units":2670,"total_transactions":2208},"velocity_by_category":[{"category":"CARTRIDGE","brand_units_per_day":3.5,"category_avg_units_per_day":74.5,"velocity_index":4.7,"brand_rev_per_unit":30.35,"category_rev_per_unit":24.09,"brands_in_category":27},{"category":0.0,"brand_units_per_day":0.0,"category_avg_units_per_day":0,"velocity_index":0,"brand_rev_per_unit":0.0,"category_rev_per_unit":0.0,"brands_in_category":0}],"deals":[{"deal_name":"30% Off Special","times_used":424,"units":473.0,"revenue":15372.699999809265,"discounts":6627.300000190735,"cost":10051.25,"profit":5321.449999809265,"pre_discount_revenue":22000.0,"margin":34.6,"avg_discount":60.2},{"deal_name":"Industry - 30% Off","times_used":286,"units":338.0,"revenue":11830.0,"discounts":5070.0,"cost":7182.5,"profit":4647.5,"pre_discount_revenue":16900.0,"margin":39.3,"avg_discount":60.0},{"deal_name":"ROVE 50% Off Premier / FF Carts","times_used":130,"units":192.0,"revenue":4743.75,"discounts":4743.75,"cost":4080.0,"profit":663.75,"pre_discount_revenue":9487.5,"margin":14.0,"avg_discount":100.0},{"deal_name":"ROVE 40% Off Premier / FF Carts","times_used":124,"units":156.0,"revenue":4680.0,"discounts":3120.0,"cost":3315.0,"profit":1365.0,"pre_discount_revenue":7800.0,"margin":29.2,"avg_discount":80.0},{"deal_name":"Industry 30% Off","times_used":108,"units":134.0,"revenue":4396.25,"discounts":1891.25,"cost":2847.5,"profit":1548.75,"pre_discount_revenue":6287.5,"margin":35.2,"avg_discount":60.2},{"deal_name":"Senior - 10% Off","times_used":60,"units":72.0,"revenue":3240.0,"discounts":360.0,"cost":1530.0,"profit":1710.0,"pre_discount_revenue":3600.0,"margin":52.8,"avg_discount":20.0},{"deal_name":"ROVE 30% Off ROVE / FF","times_used":54,"units":56.0,"revenue":1820.0,"discounts":780.0,"cost":1190.0,"profit":630.0,"pre_discount_revenue":2600.0,"margin":34.6,"avg_discount":60.0},{"deal_name":"Jackpot - Locals 30% Off","times_used":32,"units":38.0,"revenue":1330.0,"discounts":570.0,"cost":807.5,"profit":522.5,"pre_discount_revenue":1900.0,"margin":39.3,"avg_discount":60.0},{"deal_name":"ROVE 30% Off ROVE / FF Carts","times_used":20,"units":24.0,"revenue":840.0,"discounts":360.0,"cost":510.0,"profit":330.0,"pre_discount_revenue":1200.0,"margin":39.3,"avg_discount":60.0},{"deal_name":"Veterans - 10% Off","times_used":20,"units":22.0,"revenue":930.0,"discounts":170.0,"cost":467.5,"profit":462.5,"pre_discount_revenue":1100.0,"margin":49.7,"avg_discount":31.0},{"deal_name":"Senior / Veterans - 20% Off","times_used":16,"units":18.0,"revenue":720.0,"discounts":180.0,"cost":382.5,"profit":337.5,"pre_discount_revenue":900.0,"margin":46.9,"avg_discount":40.0},{"deal_name":"Rove / Featured Farms LR Carts - $25","times_used":14,"units":22.0,"revenue":687.5,"discounts":275.0,"cost":467.5,"profit":220.0,"pre_discount_revenue":962.5,"margin":32.0,"avg_discount":57.2},{"deal_name":"LVAC - 25% Off","times_used":10,"units":10.0,"revenue":375.0,"discounts":125.0,"cost":212.5,"profit":162.5,"pre_discount_revenue":500.0,"margin":43.3,"avg_discount":50.0},{"deal_name":"ROVE / Featured Farms - 30% Off","times_used":8,"units":8.0,"revenue":253.75,"discounts":108.75,"cost":170.0,"profit":83.75,"pre_discount_revenue":362.5,"margin":33.0,"avg_discount":60.0},{"deal_name":"Employee - 40% OFF","times_used":6,"units":6.0,"revenue":180.0,"discounts":120.0,"cost":127.5,"profit":52.5,"pre_discount_revenue":300.0,"margin":29.2,"avg_discount":80.0},{"deal_name":"35% Off Special","times_used":2,"units":2.0,"revenue":48.75,"discounts":26.25,"cost":42.5,"profit":6.25,"pre_discount_revenue":75.0,"margin":12.8,"avg_discount":70.0},{"deal_name":"Employee 30% - NOT FRIDAYS","times_used":2,"units":2.0,"revenue":70.0,"discounts":30.0,"cost":42.5,"profit":27.5,"pre_discount_revenue":100.0,"margin":39.3,"avg_discount":60.0},{"deal_name":"Sammy Davis Early Bird - 15% Off","times_used":2,"units":2.0,"revenue":74.375,"discounts":13.125,"cost":42.5,"profit":31.875,"pre_discount_revenue":87.5,"margin":42.9,"avg_discount":30.0},{"deal_name":"Senior Sunday - SAHARA ONLY - 20% Off","times_used":2,"units":2.0,"revenue":80.0,"discounts":20.0,"cost":42.5,"profit":37.5,"pre_discount_revenue":100.0,"margin":46.9,"avg_discount":40.0},{"deal_name":"Spark the Summer Sale","times_used":2,"units":4.0,"revenue":120.0,"discounts":80.0,"cost":85.0,"profit":35.0,"pre_discount_revenue":200.0,"margin":29.2,"avg_discount":80.0},{"deal_name":"Store Credit - $50","times_used":2,"units":1.0,"revenue":19.375,"discounts":30.625,"cost":21.25,"profit":-1.875,"pre_discount_revenue":50.0,"margin":-9.7,"avg_discount":122.6}],"top_products":[{"product":"FACE ON FIRE CART (NC) - FF","units":600,"revenue":23256.25,"cost":12750.0,"profit":10506.25,"transactions":554,"margin":45.20000076293945},{"product":"BLUE HASH PLANT CART (NC) - FF","units":596,"revenue":22352.94921875,"cost":12665.0,"profit":9687.949829101562,"transactions":552,"margin":43.29999923706055},{"product":"SUPER SOUR DIESEL CART (NC) - FF","units":350,"revenue":15050.0,"cost":7437.5,"profit":7612.5,"transactions":300,"margin":50.599998474121094},{"product":"LA KUSH CAKE CART (TGC) - FF","units":350,"revenue":13215.799560546875,"cost":7437.5,"profit":5778.3001708984375,"transactions":322,"margin":43.70000076293945},{"product":"GARLIC COOKIES CART (NC) - FF","units":226,"revenue":8389.224853515625,"cost":4802.5,"profit":3586.724853515625,"transactions":198,"margin":42.79999923706055},{"product":"PURPLE OCTANE JEALOUSY CART (NC) - FF","units":198,"revenue":6338.75,"cost":4207.5,"profit":2131.25,"transactions":174,"margin":33.599998474121094},{"product":"GHOST TRAIN HAZE CART (NC) - FF","units":140,"revenue":5712.5,"cost":2975.0,"profit":2737.5,"transactions":132,"margin":47.900001525878906},{"product":"JUNGLE JUICE CART (NC) - FF","units":140,"revenue":4704.375,"cost":2975.0,"profit":1729.375,"transactions":120,"margin":36.79999923706055},{"product":"MODIFIED BANANA CART (NC) - FF","units":50,"revenue":1613.75,"cost":1062.5,"profit":551.25,"transactions":50,"margin":34.20000076293945},{"product":"COCONUT MILK CART (NC) - FF","units":20,"revenue":640.0,"cost":425.0,"profit":215.0,"transactions":20,"margin":33.599998474121094}],"products_by_store":{"Elevation Springs":[{"product":"FACE ON FIRE CART (NC) - FF","units":146,"revenue":5371.25,"cost":3102.5,"profit":2268.75,"transactions":138,"margin":42.20000076293945},{"product":"BLUE HASH PLANT CART (NC) - FF","units":152,"revenue":5216.0748291015625,"cost":3230.0,"profit":1986.0749816894531,"transactions":142,"margin":38.099998474121094},{"product":"SUPER SOUR DIESEL CART (NC) - FF","units":100,"revenue":3905.0,"cost":2125.0,"profit":1780.0,"transactions":94,"margin":45.599998474121094},{"product":"LA KUSH CAKE CART (TGC) - FF","units":100,"revenue":3390.7998657226562,"cost":2125.0,"profit":1265.8000183105469,"transactions":90,"margin":37.29999923706055},{"product":"PURPLE OCTANE JEALOUSY CART (NC) - FF","units":98,"revenue":3378.75,"cost":2082.5,"profit":1296.25,"transactions":92,"margin":38.400001525878906},{"product":"GARLIC COOKIES CART (NC) - FF","units":50,"revenue":1838.6000061035156,"cost":1062.5,"profit":776.1000061035156,"transactions":40,"margin":42.20000076293945},{"product":"GHOST TRAIN HAZE CART (NC) - FF","units":50,"revenue":1780.0,"cost":1062.5,"profit":717.5,"transactions":50,"margin":40.29999923706055},{"product":"JUNGLE JUICE CART (NC) - FF","units":50,"revenue":1628.75,"cost":1062.5,"profit":566.25,"transactions":42,"margin":34.79999923706055}],"Elevation Mesa":[{"product":"FACE ON FIRE CART (NC) - FF","units":100,"revenue":3815.0,"cost":2125.0,"profit":1690.0,"transactions":98,"margin":44.29999923706055},{"product":"BLUE HASH PLANT CART (NC) - FF","units":100,"revenue":3535.0,"cost":2125.0,"profit":1410.0,"transactions":90,"margin":39.900001525878906},{"product":"SUPER SOUR DIESEL CART (NC) - FF","units":50,"revenue":2270.0,"cost":1062.5,"profit":1207.5,"transactions":38,"margin":53.20000076293945},{"product":"LA KUSH CAKE CART (TGC) - FF","units":50,"revenue":2010.0,"cost":1062.5,"profit":947.5,"transactions":48,"margin":47.099998474121094},{"product":"MODIFIED BANANA CART (NC) - FF","units":50,"revenue":1613.75,"cost":1062.5,"profit":551.25,"transactions":50,"margin":34.20000076293945},{"product":"GHOST TRAIN HAZE CART (NC) - FF","units":40,"revenue":1612.5,"cost":850.0,"profit":762.5,"transactions":40,"margin":47.29999923706055},{"product":"GARLIC COOKIES CART (NC) - FF","units":36,"revenue":1365.0,"cost":765.0,"profit":600.0,"transactions":34,"margin":44.0}],"Elevation Oasis":[{"product":"FACE ON FIRE CART (NC) - FF","units":100,"revenue":4605.0,"cost":2125.0,"profit":2480.0,"transactions":88,"margin":53.900001525878906},{"product":"BLUE HASH PLANT CART (NC) - FF","units":100,"revenue":4457.5,"cost":2125.0,"profit":2332.5,"transactions":90,"margin":52.29999923706055},{"product":"GARLIC COOKIES CART (NC) - FF","units":100,"revenue":3907.5,"cost":2125.0,"profit":1782.5,"transactions":86,"margin":45.599998474121094},{"product":"PURPLE OCTANE JEALOUSY CART (NC) - FF","units":100,"revenue":2960.0,"cost":2125.0,"profit":835.0,"transactions":82,"margin":28.200000762939453},{"product":"SUPER SOUR DIESEL CART (NC) - FF","units":50,"revenue":2390.0,"cost":1062.5,"profit":1327.5,"transactions":40,"margin":55.5},{"product":"GHOST TRAIN HAZE CART (NC) - FF","units":50,"revenue":2320.0,"cost":1062.5,"profit":1257.5,"transactions":42,"margin":54.20000076293945},{"product":"LA KUSH CAKE CART (TGC) - FF","units":50,"revenue":2315.0,"cost":1062.5,"profit":1252.5,"transactions":42,"margin":54.099998474121094},{"product":"JUNGLE JUICE CART (NC) - FF","units":50,"revenue":1791.25,"cost":1062.5,"profit":728.75,"transactions":38,"margin":40.70000076293945}],"Elevation Midtown":[{"product":"FACE ON FIRE CART (NC) - FF","units":98,"revenue":3557.5,"cost":2082.5,"profit":1475.0,"transactions":88,"margin":41.5},{"product":"BLUE HASH PLANT CART (NC) - FF","units":100,"revenue":3543.125,"cost":2125.0,"profit":1418.125,"transactions":98,"margin":40.0},{"product":"SUPER SOUR DIESEL CART (NC) - FF","units":50,"revenue":2470.0,"cost":1062.5,"profit":1407.5,"transactions":42,"margin":57.0},{"product":"LA KUSH CAKE CART (TGC) - FF","units":50,"revenue":1677.5,"cost":1062.5,"profit":615.0,"transactions":48,"margin":36.70000076293945}],"Elevation Boulevard":[{"product":"BLUE HASH PLANT CART (NC) - FF","units":98,"revenue":3671.25,"cost":2082.5,"profit":1588.75,"transactions":96,"margin":43.29999923706055},{"product":"FACE ON FIRE CART (NC) - FF","units":100,"revenue":3612.5,"cost":2125.0,"profit":1487.5,"transactions":86,"margin":41.20000076293945},{"product":"SUPER SOUR DIESEL CART (NC) - FF","units":50,"revenue":1945.0,"cost":1062.5,"profit":882.5,"transactions":42,"margin":45.400001525878906},{"product":"LA KUSH CAKE CART (TGC) - FF","units":50,"revenue":1806.25,"cost":1062.5,"profit":743.75,"transactions":44,"margin":41.20000076293945},{"product":"GARLIC COOKIES CART (NC) - FF","units":20,"revenue":673.75,"cost":425.0,"profit":248.75,"transactions":20,"margin":36.900001525878906},{"product":"JUNGLE JUICE CART (NC) - FF","units":20,"revenue":612.5,"cost":425.0,"profit":187.5,"transactions":20,"margin":30.600000381469727}],"Elevation Parkway":[{"product":"FACE ON FIRE CART (NC) - FF","units":56,"revenue":2295.0,"cost":1190.0,"profit":1105.0,"transactions":56,"margin":48.099998474121094},{"product":"SUPER SOUR DIESEL CART (NC) - FF","units":50,"revenue":2070.0,"cost":1062.5,"profit":1007.5,"transactions":44,"margin":48.70000076293945},{"product":"LA KUSH CAKE CART (TGC) - FF","units":50,"revenue":2016.25,"cost":1062.5,"profit":953.75,"transactions":50,"margin":47.29999923706055},{"product":"BLUE HASH PLANT CART (NC) - FF","units":46,"revenue":1930.0,"cost":977.5,"profit":952.5,"transactions":36,"margin":49.400001525878906},{"product":"JUNGLE JUICE CART (NC) - FF","units":20,"revenue":671.875,"cost":425.0,"profit":246.875,"transactions":20,"margin":36.70000076293945},{"product":"COCONUT MILK CART (NC) - FF","units":20,"revenue":640.0,"cost":425.0,"profit":215.0,"transactions":20,"margin":33.599998474121094},{"product":"GARLIC COOKIES CART (NC) - FF","units":20,"revenue":604.375,"cost":425.0,"profit":179.375,"transactions":18,"margin":29.700000762939453}]},"store_summary":[{"store_clean":"Elevation Springs","units":746,"revenue":26509.22607421875,"cost":15852.5,"profit":10656.724853515625,"discounts":9853.275146484375,"margin":40.20000076293945,"discount_rate":27.100000381469727},{"store_clean":"Elevation Oasis","units":600,"revenue":24746.25,"cost":12750.0,"profit":11996.25,"discounts":5016.25,"margin":48.5,"discount_rate":16.899999618530273},{"store_clean":"Elevation Mesa","units":426,"revenue":16221.25,"cost":9052.5,"profit":7168.75,"discounts":4791.25,"margin":44.20000076293945,"discount_rate":22.799999237060547},{"store_clean":"Elevation Boulevard","units":338,"revenue":12321.25,"cost":7182.5,"profit":5138.75,"discounts":4328.75,"margin":41.70000076293945,"discount_rate":26.0},{"store_clean":"Elevation Midtown","units":298,"revenue":11248.125,"cost":6332.5,"profit":4915.625,"discounts":2839.375,"margin":43.70000076293945,"discount_rate":20.200000762939453},{"store_clean":"Elevation Parkway","units":262,"revenue":10227.5,"cost":5567.5,"profit":4660.0,"discounts":2422.5,"margin":45.599998474121094,"discount_rate":19.200000762939453}],"recommendations":[{"severity":"yellow","title":"CATEGORY BENCHMARK GAP","detail":"Overall margin (44.0%) trails CARTRIDGE average (50.4%) by 6.4 pts.","action":"Negotiate cost reduction or increase retail price."},{"severity":"info","title":"VOLUME LEVERAGE","detail":"$40,509 revenue provides negotiating leverage.","action":"Use volume as leverage in next vendor meeting."}],"comparison":null}