{"brand":"CLOUT KING","date_range":"2024-01-01 00:00:00 to 2026-01-31 00:00:00","period_label":"All Time","summary":{"total_units":14714,"total_revenue":684775.859375,"total_cost":367850.0,"total_discounts":168756.66015625,"total_profit":316925.83984375,"overall_margin":46.29999923706055,"fp_margin":57.0,"disc_margin":39.20000076293945,"pct_full_price":39.70000076293945,"avg_discount_rate":19.799999237060547,"fp_revenue":272110.0,"disc_revenue":412665.859375,"brand":"CLOUT KING","date_range":"2024-01-01 00:00:00 to 2026-01-31 00:00:00","primary_category":"FLOWER","store_coverage":"6/7","stores_present":["Elevation Springs","Elevation Mesa","Elevation Oasis","Elevation Midtown","Elevation Boulevard","Elevation Parkway"],"stores_missing":["Elevation Downtown"],"velocity_rank":30,"velocity_total":64},"distribution":[{"store":"Elevation Springs","carries_brand":true,"sku_count":34,"revenue":265577.9296875,"units":5626,"store_total_revenue":51138750.0,"brand_share_pct":0.5},{"store":"Elevation Mesa","carries_brand":true,"sku_count":36,"revenue":263384.0625,"units":5808,"store_total_revenue":47532240.0,"brand_share_pct":0.6000000238418579},{"store":"Elevation Oasis","carries_brand":true,"sku_count":20,"revenue":27078.44970703125,"units":556,"store_total_revenue":56050145.0,"brand_share_pct":0.0},{"store":"Elevation Downtown","carries_brand":false,"sku_count":0,"revenue":0.0,"units":0,"store_total_revenue":1945237.1875,"brand_share_pct":0},{"store":"Elevation Midtown","carries_brand":true,"sku_count":22,"revenue":44264.19921875,"units":886,"store_total_revenue":30850185.0,"brand_share_pct":0.10000000149011612},{"store":"Elevation Boulevard","carries_brand":true,"sku_count":22,"revenue":37756.25,"units":890,"store_total_revenue":28757865.0,"brand_share_pct":0.10000000149011612},{"store":"Elevation Parkway","carries_brand":true,"sku_count":22,"revenue":46714.9755859375,"units":948,"store_total_revenue":21987007.5,"brand_share_pct":0.20000000298023224}],"share_of_category":[{"category":"FLOWER","brand_revenue":684775.859375,"category_revenue":77755450.0,"revenue_share_pct":0.8999999761581421,"brand_units":14714,"category_units":2708446,"units_share_pct":0.5}],"share_of_category_trend":{"FLOWER":[{"period":"2024-01","brand_revenue":0.0,"category_revenue":3552357.8125,"share_pct":0.0},{"period":"2024-02","brand_revenue":0.0,"category_revenue":3535245.625,"share_pct":0.0},{"period":"2024-03","brand_revenue":0.0,"category_revenue":3693805.625,"share_pct":0.0},{"period":"2024-04","brand_revenue":0.0,"category_revenue":3541899.6875,"share_pct":0.0},{"period":"2024-05","brand_revenue":0.0,"category_revenue":3537479.375,"share_pct":0.0},{"period":"2024-06","brand_revenue":0.0,"category_revenue":3403269.6875,"share_pct":0.0},{"period":"2024-07","brand_revenue":0.0,"category_revenue":3457705.9375,"share_pct":0.0},{"period":"2024-08","brand_revenue":0.0,"category_revenue":3453819.375,"share_pct":0.0},{"period":"2024-09","brand_revenue":6031.7498779296875,"category_revenue":3316441.5625,"share_pct":0.20000000298023224},{"period":"2024-10","brand_revenue":27907.5,"category_revenue":3585775.0,"share_pct":0.800000011920929},{"period":"2024-11","brand_revenue":33498.24951171875,"category_revenue":3454855.3125,"share_pct":1.0},{"period":"2024-12","brand_revenue":20000.0,"category_revenue":3226567.8125,"share_pct":0.6000000238418579},{"period":"2025-01","brand_revenue":29115.3515625,"category_revenue":2984938.125,"share_pct":1.0},{"period":"2025-02","brand_revenue":52136.3232421875,"category_revenue":2816220.0,"share_pct":1.899999976158142},{"period":"2025-03","brand_revenue":53274.501953125,"category_revenue":2911379.6875,"share_pct":1.7999999523162842},{"period":"2025-04","brand_revenue":63379.7509765625,"category_revenue":3118895.3125,"share_pct":2.0},{"period":"2025-05","brand_revenue":62166.42578125,"category_revenue":2887345.0,"share_pct":2.200000047683716},{"period":"2025-06","brand_revenue":48554.501953125,"category_revenue":2773698.125,"share_pct":1.7999999523162842},{"period":"2025-07","brand_revenue":7020.4998779296875,"category_revenue":2782763.125,"share_pct":0.30000001192092896},{"period":"2025-08","brand_revenue":12097.249755859375,"category_revenue":2733122.8125,"share_pct":0.4000000059604645},{"period":"2025-09","brand_revenue":51989.599609375,"category_revenue":2603501.5625,"share_pct":2.0},{"period":"2025-10","brand_revenue":16197.724609375,"category_revenue":2663705.0,"share_pct":0.6000000238418579},{"period":"2025-11","brand_revenue":64467.0263671875,"category_revenue":2700189.0625,"share_pct":2.4000000953674316},{"period":"2025-12","brand_revenue":65814.3994140625,"category_revenue":2515209.53125,"share_pct":2.5999999046325684},{"period":"2026-01","brand_revenue":71125.0,"category_revenue":2505261.875,"share_pct":2.799999952316284}]},"velocity_by_category":[{"category":"FLOWER","brand_units_per_day":19.3,"category_avg_units_per_day":55.54,"velocity_index":34.8,"brand_rev_per_unit":37.23,"category_rev_per_unit":22.97,"brands_in_category":64}],"store_gaps":[{"store":"Elevation Downtown","category":"FLOWER","category_revenue_at_store":324929.8828125,"opportunity":"Brand not carried"}],"product_mix":{"top":[{"product":"WAGYU EIGHTH - CLOUT KING","units":1698,"revenue":81418.828125,"cost":42137.5,"profit":39281.32568359375,"stores":6,"transactions":1486,"margin":48.20000076293945},{"product":"MELONHEADZ EIGHTH - CLOUT KING","units":1486,"revenue":69929.375,"cost":37150.0,"profit":32779.375,"stores":4,"transactions":1316,"margin":46.900001525878906},{"product":"LEMON CHERRY HEADZ EIGHTH - CLOUT KING","units":1394,"revenue":65173.65234375,"cost":34850.0,"profit":30323.64990234375,"stores":6,"transactions":1184,"margin":46.5},{"product":"BUBBLE BUTT EIGHTH - CLOUT KING","units":1378,"revenue":65008.876953125,"cost":34450.0,"profit":30558.87451171875,"stores":2,"transactions":1198,"margin":47.0},{"product":"TERDZ EIGHTH - CLOUT KING","units":1234,"revenue":57740.3759765625,"cost":30850.0,"profit":26890.3759765625,"stores":2,"transactions":1108,"margin":46.599998474121094},{"product":"MILKSTEAK EIGHTH - CLOUT KING","units":1042,"revenue":49095.927734375,"cost":26050.0,"profit":23045.92529296875,"stores":5,"transactions":958,"margin":46.900001525878906},{"product":"TUSSIN EIGHTH - CLOUT KING","units":1016,"revenue":45823.92578125,"cost":25400.0,"profit":20423.924560546875,"stores":6,"transactions":886,"margin":44.599998474121094},{"product":"TRUFFLE BUTTER EIGHTH - CLOUT KING","units":886,"revenue":43531.474609375,"cost":22150.0,"profit":21381.474609375,"stores":6,"transactions":722,"margin":49.099998474121094},{"product":"PEANUT BUTTER CUP EIGHTH - CLOUT KING","units":894,"revenue":40067.82470703125,"cost":22350.0,"profit":17717.82470703125,"stores":2,"transactions":794,"margin":44.20000076293945},{"product":"CREAM PIE EIGHTH - CLOUT KING","units":736,"revenue":33315.30029296875,"cost":18712.5,"profit":14602.80029296875,"stores":6,"transactions":642,"margin":43.79999923706055},{"product":"CLOUT FUEL EIGHTH - CLOUT KING","units":522,"revenue":22251.25,"cost":13050.0,"profit":9201.25,"stores":5,"transactions":450,"margin":41.400001525878906},{"product":"HOOD SNACKS EIGHTH - CLOUT KING","units":494,"revenue":21216.201171875,"cost":12350.0,"profit":8866.199951171875,"stores":6,"transactions":432,"margin":41.79999923706055},{"product":"TOMAHAWK EIGHTH - CLOUT KING","units":446,"revenue":21157.451171875,"cost":11150.0,"profit":10007.449951171875,"stores":6,"transactions":352,"margin":47.29999923706055},{"product":"GUAVA HEADZ EIGHTH - CLOUT KING","units":410,"revenue":18907.249755859375,"cost":10250.0,"profit":8657.249755859375,"stores":2,"transactions":348,"margin":45.79999923706055},{"product":"SLUSHEE EIGHTH - CLOUT KING","units":400,"revenue":18620.0,"cost":10000.0,"profit":8620.0,"stores":2,"transactions":352,"margin":46.29999923706055},{"product":"FLAT RATE GAS EIGHTH - CLOUT KING","units":348,"revenue":15668.900146484375,"cost":8700.0,"profit":6968.900146484375,"stores":6,"transactions":300,"margin":44.5},{"product":"CLOUT BERRIEZ EIGHTH - CLOUT KING","units":200,"revenue":9858.250122070312,"cost":5000.0,"profit":4858.2501220703125,"stores":4,"transactions":146,"margin":49.29999923706055},{"product":"BLUE WAGYU EIGHTH - CLOUT KING","units":80,"revenue":3811.0000610351562,"cost":2000.0,"profit":1810.9999084472656,"stores":1,"transactions":76,"margin":47.5},{"product":"LCZ EIGHTH - CLOUT KING","units":50,"revenue":2180.0,"cost":1250.0,"profit":930.0,"stores":1,"transactions":48,"margin":42.70000076293945}],"bottom":[],"expansion":[{"product":"MELONHEADZ EIGHTH - CLOUT KING","current_stores":4,"total_stores":6,"missing_stores":["Elevation Oasis","Elevation Boulevard"],"revenue":69929.375},{"product":"BUBBLE BUTT EIGHTH - CLOUT KING","current_stores":2,"total_stores":6,"missing_stores":["Elevation Oasis","Elevation Midtown","Elevation Boulevard","Elevation Parkway"],"revenue":65008.876953125},{"product":"TERDZ EIGHTH - CLOUT KING","current_stores":2,"total_stores":6,"missing_stores":["Elevation Oasis","Elevation Midtown","Elevation Boulevard","Elevation Parkway"],"revenue":57740.3759765625},{"product":"MILKSTEAK EIGHTH - CLOUT KING","current_stores":5,"total_stores":6,"missing_stores":["Elevation Oasis"],"revenue":49095.927734375},{"product":"PEANUT BUTTER CUP EIGHTH - CLOUT KING","current_stores":2,"total_stores":6,"missing_stores":["Elevation Oasis","Elevation Midtown","Elevation Boulevard","Elevation Parkway"],"revenue":40067.82470703125},{"product":"CLOUT FUEL EIGHTH - CLOUT KING","current_stores":5,"total_stores":6,"missing_stores":["Elevation Parkway"],"revenue":22251.25},{"product":"GUAVA HEADZ EIGHTH - CLOUT KING","current_stores":2,"total_stores":6,"missing_stores":["Elevation Oasis","Elevation Midtown","Elevation Boulevard","Elevation Parkway"],"revenue":18907.249755859375},{"product":"SLUSHEE EIGHTH - CLOUT KING","current_stores":2,"total_stores":6,"missing_stores":["Elevation Oasis","Elevation Midtown","Elevation Boulevard","Elevation Parkway"],"revenue":18620.0},{"product":"CLOUT BERRIEZ EIGHTH - CLOUT KING","current_stores":4,"total_stores":6,"missing_stores":["Elevation Springs","Elevation Midtown"],"revenue":9858.250122070312}]},"pricing_consistency":[{"product":"CLOUT FUEL EIGHTH - CLOUT KING","min_price":61.42045454545454,"max_price":99.39363178453947,"avg_price":80.12781604529567,"std_dev":6.448993570125185,"store_count":10,"price_range":37.973177239084926,"range_pct":47.4},{"product":"HOOD SNACKS EIGHTH - CLOUT KING","min_price":72.28832194010417,"max_price":104.1550048828125,"avg_price":89.02444992065428,"std_dev":5.4208341436389285,"store_count":12,"price_range":31.866682942708337,"range_pct":35.8},{"product":"CREAM PIE EIGHTH - CLOUT KING","min_price":74.87949829101564,"max_price":104.6550048828125,"avg_price":91.24223150216905,"std_dev":3.946267982144376,"store_count":12,"price_range":29.775506591796876,"range_pct":32.6},{"product":"MILKSTEAK EIGHTH - CLOUT KING","min_price":82.8281275431315,"max_price":108.44998779296874,"avg_price":95.44882627401336,"std_dev":3.708177817079795,"store_count":10,"price_range":25.62186024983724,"range_pct":26.8},{"product":"TUSSIN EIGHTH - CLOUT KING","min_price":77.96224788743622,"max_price":98.04874877929689,"avg_price":89.33415840933844,"std_dev":2.7103189292644503,"store_count":12,"price_range":20.08650089186066,"range_pct":22.5},{"product":"LEMON CHERRY HEADZ EIGHTH - CLOUT KING","min_price":89.73184818481847,"max_price":108.17593044704861,"avg_price":98.59081990943454,"std_dev":3.2098338689819665,"store_count":12,"price_range":18.444082262230133,"range_pct":18.7},{"product":"FLAT RATE GAS EIGHTH - CLOUT KING","min_price":81.88542048136392,"max_price":98.10000000000001,"avg_price":89.80079884497948,"std_dev":2.2919937809524513,"store_count":12,"price_range":16.21457951863608,"range_pct":18.1},{"product":"TOMAHAWK EIGHTH - CLOUT KING","min_price":89.03826655173788,"max_price":105.75,"avg_price":96.23441118512835,"std_dev":2.410531793048287,"store_count":12,"price_range":16.711733448262116,"range_pct":17.4},{"product":"WAGYU EIGHTH - CLOUT KING","min_price":89.67445203993054,"max_price":104.80999755859375,"avg_price":97.55741104833203,"std_dev":2.1283719337038187,"store_count":12,"price_range":15.135545518663207,"range_pct":15.5},{"product":"CLOUT BERRIEZ EIGHTH - CLOUT KING","min_price":90.24000244140625,"max_price":104.810009765625,"avg_price":98.58250427246094,"std_dev":2.472159136772716,"store_count":8,"price_range":14.57000732421875,"range_pct":14.8},{"product":"MELONHEADZ EIGHTH - CLOUT KING","min_price":91.74193938314332,"max_price":105.68317024075256,"avg_price":98.05933842022314,"std_dev":2.5359826555318623,"store_count":8,"price_range":13.941230857609241,"range_pct":14.2},{"product":"TRUFFLE BUTTER EIGHTH - CLOUT KING","min_price":90.75531005859375,"max_price":104.22685411241319,"avg_price":98.65168274655504,"std_dev":1.7866803378046656,"store_count":12,"price_range":13.471544053819446,"range_pct":13.7},{"product":"SLUSHEE EIGHTH - CLOUT KING","min_price":88.93966148639548,"max_price":98.84524390811012,"avg_price":93.89245269725279,"std_dev":2.801721800798675,"store_count":4,"price_range":9.905582421714652,"range_pct":10.5},{"product":"PEANUT BUTTER CUP EIGHTH - CLOUT KING","min_price":85.66805847689636,"max_price":93.99765945936032,"avg_price":89.83285896812833,"std_dev":2.3559669357113573,"store_count":4,"price_range":8.329600982463958,"range_pct":9.3},{"product":"BUBBLE BUTT EIGHTH - CLOUT KING","min_price":91.70801644373421,"max_price":97.92662949285409,"avg_price":94.81732296829415,"std_dev":1.7588893826431282,"store_count":4,"price_range":6.218613049119881,"range_pct":6.6},{"product":"GUAVA HEADZ EIGHTH - CLOUT KING","min_price":91.43655160757211,"max_price":93.60665690104167,"avg_price":92.52160425430688,"std_dev":0.6137984675604613,"store_count":4,"price_range":2.1701052934695575,"range_pct":2.3},{"product":"TERDZ EIGHTH - CLOUT KING","min_price":92.9839982293469,"max_price":94.10975758622331,"avg_price":93.5468779077851,"std_dev":0.3184128300926084,"store_count":4,"price_range":1.1257593568764257,"range_pct":1.2}],"promotional_effectiveness":{"lift":{"fp_units_per_day":13.4,"disc_units_per_day":25.76,"lift_pct":92.3,"fp_avg_revenue_per_unit":116.05000000000001,"disc_avg_revenue_per_unit":82.325},"by_deal":[{"deal_name":"Industry 30% Off","uses":1156,"revenue":108974.66668248177,"discounts":47147.838542461395,"units":2676.0,"cost":66862.5,"margin":38.6,"discount_depth":60.4},{"deal_name":"Industry - 30% Off","uses":976,"revenue":94509.1772031784,"discounts":40730.82556724548,"units":2352.0,"cost":58800.0,"margin":37.8,"discount_depth":60.2},{"deal_name":"Senior - 10% Off","uses":167,"revenue":26781.74204349518,"discounts":3182.4249354998274,"units":516.6666666666666,"cost":12916.666666666668,"margin":51.8,"discount_depth":21.2},{"deal_name":"Veterans - 10% Off","uses":165,"revenue":20288.883606592815,"discounts":2294.4499377409616,"units":389.3333333333333,"cost":9770.833333333334,"margin":51.8,"discount_depth":20.4},{"deal_name":"50% Off - G2B","uses":161,"revenue":14185.320833524067,"discounts":14230.095833142597,"units":483.6666666666667,"cost":12091.666666666668,"margin":14.8,"discount_depth":100.2},{"deal_name":"Senior / Veterans - 20% Off","uses":134,"revenue":19444.824514389038,"discounts":4922.674877643585,"units":420.0,"cost":10550.0,"margin":45.7,"discount_depth":40.4},{"deal_name":"Employee 30% - NOT FRIDAYS","uses":117,"revenue":10088.975328207016,"discounts":4819.77507352829,"units":257.0,"cost":6450.0,"margin":36.1,"discount_depth":64.6},{"deal_name":"Employee - 40% OFF","uses":97,"revenue":7756.225144565105,"discounts":5581.274857521057,"units":230.0,"cost":5737.5,"margin":26.0,"discount_depth":83.6},{"deal_name":"LVAC - 25% Off","uses":37,"revenue":4501.875,"discounts":1500.625,"units":104.0,"cost":2600.0,"margin":42.2,"discount_depth":50.0},{"deal_name":"Store Credit - $15","uses":18,"revenue":1362.0833277702332,"discounts":498.3333388964335,"units":31.666666666666668,"cost":791.6666666666667,"margin":41.9,"discount_depth":53.6},{"deal_name":"Jackpot - Locals 30% Off","uses":18,"revenue":2878.7500953674316,"discounts":1233.750023841858,"units":70.0,"cost":1750.0,"margin":39.2,"discount_depth":60.0},{"deal_name":"Store Credit - $25","uses":17,"revenue":2029.0791451931,"discounts":888.8374934593837,"units":49.666666666666664,"cost":1241.6666666666667,"margin":38.8,"discount_depth":61.0},{"deal_name":"Store Credit - $50","uses":5,"revenue":193.89583150545758,"discounts":354.43750063578284,"units":9.333333333333334,"cost":233.33333333333331,"margin":-20.3,"discount_depth":129.2},{"deal_name":"40% Off Special","uses":5,"revenue":634.5000171661377,"discounts":422.9999828338623,"units":18.0,"cost":450.0,"margin":29.1,"discount_depth":80.0},{"deal_name":"Store Credit - $75","uses":4,"revenue":234.5583375295003,"discounts":215.8583339055379,"units":7.666666666666667,"cost":191.66666666666669,"margin":18.3,"discount_depth":95.8},{"deal_name":"Reno - Early Bird - Senior / Veterans - 20%","uses":3,"revenue":375.99998474121094,"discounts":93.99999618530273,"units":8.0,"cost":200.0,"margin":46.8,"discount_depth":40.0},{"deal_name":"Sammy Davis Early Bird - 15% Off","uses":2,"revenue":299.6250057220459,"discounts":52.875001430511475,"units":6.0,"cost":150.0,"margin":49.9,"discount_depth":30.0},{"deal_name":"Store Credit - $150","uses":1,"revenue":70.625,"discounts":46.875,"units":2.0,"cost":50.0,"margin":29.2,"discount_depth":79.8},{"deal_name":"Store Credit - $100","uses":1,"revenue":8.275000154972076,"discounts":167.97500133514404,"units":3.0,"cost":75.0,"margin":-806.3,"discount_depth":190.6}]},"growth_opportunities":[{"type":"distribution","title":"Expand to Elevation Downtown","detail":"Store has $129,972 in FLOWER \u2014 categories where CLOUT KING competes.","priority":"high"},{"type":"sku_expansion","title":"Add 'BUBBLE BUTT EIGHTH - CLOUT KING' to 4 more store(s)","detail":"Carried in 2 stores. Missing from: Elevation Oasis, Elevation Midtown, Elevation Boulevard, Elevation Parkway","priority":"medium"},{"type":"sku_expansion","title":"Add 'CLOUT BERRIEZ EIGHTH - CLOUT KING' to 2 more store(s)","detail":"Carried in 4 stores. Missing from: Elevation Springs, Elevation Midtown","priority":"medium"},{"type":"sku_expansion","title":"Add 'CLOUT FUEL EIGHTH - CLOUT KING' to 1 more store(s)","detail":"Carried in 5 stores. Missing from: Elevation Parkway","priority":"medium"},{"type":"sku_expansion","title":"Add 'GUAVA HEADZ EIGHTH - CLOUT KING' to 4 more store(s)","detail":"Carried in 2 stores. Missing from: Elevation Oasis, Elevation Midtown, Elevation Boulevard, Elevation Parkway","priority":"medium"},{"type":"sku_expansion","title":"Add 'MELONHEADZ EIGHTH - CLOUT KING' to 2 more store(s)","detail":"Carried in 4 stores. Missing from: Elevation Oasis, Elevation Boulevard","priority":"medium"},{"type":"velocity","title":"Improve velocity in FLOWER","detail":"Velocity index 35 (below category average). 9.7 units/day vs 27.8 avg.","priority":"medium"}],"trend":[{"period":"2024-09","revenue":6031.7498779296875,"cost":3450.0,"margin":42.8,"units":138,"transactions":102,"profit":2581.7498779296875,"revenue_change_pct":null,"units_change_pct":null,"margin_change_pts":null},{"period":"2024-10","revenue":27907.5,"cost":14950.0,"margin":46.4,"units":598,"transactions":486,"profit":12957.5,"revenue_change_pct":362.7,"units_change_pct":333.3,"margin_change_pts":3.6},{"period":"2024-11","revenue":33498.24951171875,"cost":17200.0,"margin":48.7,"units":688,"transactions":504,"profit":16298.24951171875,"revenue_change_pct":20.0,"units_change_pct":15.1,"margin_change_pts":2.2},{"period":"2024-12","revenue":20000.0,"cost":10750.0,"margin":46.2,"units":430,"transactions":356,"profit":9250.0,"revenue_change_pct":-40.3,"units_change_pct":-37.5,"margin_change_pts":-2.4},{"period":"2025-01","revenue":29115.3515625,"cost":15900.0,"margin":45.4,"units":636,"transactions":486,"profit":13215.350341796875,"revenue_change_pct":45.6,"units_change_pct":47.9,"margin_change_pts":-0.9},{"period":"2025-02","revenue":52136.3232421875,"cost":27700.0,"margin":46.9,"units":1108,"transactions":902,"profit":24436.32568359375,"revenue_change_pct":79.1,"units_change_pct":74.2,"margin_change_pts":1.5},{"period":"2025-03","revenue":53274.501953125,"cost":28700.0,"margin":46.1,"units":1148,"transactions":920,"profit":24574.49951171875,"revenue_change_pct":2.2,"units_change_pct":3.6,"margin_change_pts":-0.7},{"period":"2025-04","revenue":63379.7509765625,"cost":35250.0,"margin":44.4,"units":1410,"transactions":1064,"profit":28129.74853515625,"revenue_change_pct":19.0,"units_change_pct":22.8,"margin_change_pts":-1.7},{"period":"2025-05","revenue":62166.42578125,"cost":33600.0,"margin":46.0,"units":1344,"transactions":1094,"profit":28566.42578125,"revenue_change_pct":-1.9,"units_change_pct":-4.7,"margin_change_pts":1.6},{"period":"2025-06","revenue":48554.501953125,"cost":26050.0,"margin":46.3,"units":1042,"transactions":840,"profit":22504.49951171875,"revenue_change_pct":-21.9,"units_change_pct":-22.5,"margin_change_pts":0.4},{"period":"2025-07","revenue":7020.4998779296875,"cost":3750.0,"margin":46.6,"units":150,"transactions":104,"profit":3270.4998779296875,"revenue_change_pct":-85.5,"units_change_pct":-85.6,"margin_change_pts":0.2},{"period":"2025-08","revenue":12097.249755859375,"cost":6250.0,"margin":48.3,"units":250,"transactions":216,"profit":5847.249755859375,"revenue_change_pct":72.3,"units_change_pct":66.7,"margin_change_pts":1.8},{"period":"2025-09","revenue":51989.599609375,"cost":25987.5,"margin":50.0,"units":1052,"transactions":780,"profit":26002.099609375,"revenue_change_pct":329.8,"units_change_pct":320.8,"margin_change_pts":1.7},{"period":"2025-10","revenue":16197.724609375,"cost":9262.5,"margin":42.8,"units":358,"transactions":270,"profit":6935.224609375,"revenue_change_pct":-68.8,"units_change_pct":-66.0,"margin_change_pts":-7.2},{"period":"2025-11","revenue":64467.0263671875,"cost":38250.0,"margin":40.7,"units":1530,"transactions":1140,"profit":26217.02392578125,"revenue_change_pct":298.0,"units_change_pct":327.4,"margin_change_pts":-2.1},{"period":"2025-12","revenue":65814.3994140625,"cost":34300.0,"margin":47.9,"units":1372,"transactions":994,"profit":31514.3994140625,"revenue_change_pct":2.1,"units_change_pct":-10.3,"margin_change_pts":7.2},{"period":"2026-01","revenue":71125.0,"cost":36500.0,"margin":48.7,"units":1460,"transactions":1092,"profit":34625.0,"revenue_change_pct":8.1,"units_change_pct":6.4,"margin_change_pts":0.8}]}