{"brand":"CLOUT KING","date_range":"2024-01-01 00:00:00 to 2026-01-31 00:00:00","period_label":"All Time","summary":{"total_units":14714,"total_revenue":684775.859375,"total_cost":367850.0,"total_discounts":168756.66015625,"total_profit":316925.83984375,"overall_margin":46.29999923706055,"fp_margin":57.0,"disc_margin":39.20000076293945,"pct_full_price":39.70000076293945,"avg_discount_rate":19.799999237060547,"fp_revenue":272110.0,"disc_revenue":412665.859375,"unique_customers":5782,"brand":"CLOUT KING","date_range":"2024-01-01 00:00:00 to 2026-01-31 00:00:00","months_count":34,"avg_monthly_cost":21638.225000000002,"cost_per_unit":50.0,"primary_category":"FLOWER","primary_cat_margin":54.099998474121094,"category_rank":26,"category_total":64,"margin_vs_category":-7.800000190734863,"velocity_rank":30},"category_breakdown":[{"category_clean":"FLOWER","units":14714,"revenue":684775.859375,"cost":367850.0,"profit":316925.83984375,"discounts":168756.66015625,"margin":46.29999923706055,"category_avg_margin":54.099998474121094,"vs_category":-7.8,"rank":26.0,"total_brands":64.0}],"trend":[{"period":"2024-09","revenue":6031.7498779296875,"cost":3450.0,"margin":42.8,"units":138,"transactions":102,"profit":2581.7498779296875,"revenue_change_pct":null,"units_change_pct":null,"margin_change_pts":null},{"period":"2024-10","revenue":27907.5,"cost":14950.0,"margin":46.4,"units":598,"transactions":486,"profit":12957.5,"revenue_change_pct":362.7,"units_change_pct":333.3,"margin_change_pts":3.6},{"period":"2024-11","revenue":33498.24951171875,"cost":17200.0,"margin":48.7,"units":688,"transactions":504,"profit":16298.24951171875,"revenue_change_pct":20.0,"units_change_pct":15.1,"margin_change_pts":2.2},{"period":"2024-12","revenue":20000.0,"cost":10750.0,"margin":46.2,"units":430,"transactions":356,"profit":9250.0,"revenue_change_pct":-40.3,"units_change_pct":-37.5,"margin_change_pts":-2.4},{"period":"2025-01","revenue":29115.3515625,"cost":15900.0,"margin":45.4,"units":636,"transactions":486,"profit":13215.350341796875,"revenue_change_pct":45.6,"units_change_pct":47.9,"margin_change_pts":-0.9},{"period":"2025-02","revenue":52136.3232421875,"cost":27700.0,"margin":46.9,"units":1108,"transactions":902,"profit":24436.32568359375,"revenue_change_pct":79.1,"units_change_pct":74.2,"margin_change_pts":1.5},{"period":"2025-03","revenue":53274.501953125,"cost":28700.0,"margin":46.1,"units":1148,"transactions":920,"profit":24574.49951171875,"revenue_change_pct":2.2,"units_change_pct":3.6,"margin_change_pts":-0.7},{"period":"2025-04","revenue":63379.7509765625,"cost":35250.0,"margin":44.4,"units":1410,"transactions":1064,"profit":28129.74853515625,"revenue_change_pct":19.0,"units_change_pct":22.8,"margin_change_pts":-1.7},{"period":"2025-05","revenue":62166.42578125,"cost":33600.0,"margin":46.0,"units":1344,"transactions":1094,"profit":28566.42578125,"revenue_change_pct":-1.9,"units_change_pct":-4.7,"margin_change_pts":1.6},{"period":"2025-06","revenue":48554.501953125,"cost":26050.0,"margin":46.3,"units":1042,"transactions":840,"profit":22504.49951171875,"revenue_change_pct":-21.9,"units_change_pct":-22.5,"margin_change_pts":0.4},{"period":"2025-07","revenue":7020.4998779296875,"cost":3750.0,"margin":46.6,"units":150,"transactions":104,"profit":3270.4998779296875,"revenue_change_pct":-85.5,"units_change_pct":-85.6,"margin_change_pts":0.2},{"period":"2025-08","revenue":12097.249755859375,"cost":6250.0,"margin":48.3,"units":250,"transactions":216,"profit":5847.249755859375,"revenue_change_pct":72.3,"units_change_pct":66.7,"margin_change_pts":1.8},{"period":"2025-09","revenue":51989.599609375,"cost":25987.5,"margin":50.0,"units":1052,"transactions":780,"profit":26002.099609375,"revenue_change_pct":329.8,"units_change_pct":320.8,"margin_change_pts":1.7},{"period":"2025-10","revenue":16197.724609375,"cost":9262.5,"margin":42.8,"units":358,"transactions":270,"profit":6935.224609375,"revenue_change_pct":-68.8,"units_change_pct":-66.0,"margin_change_pts":-7.2},{"period":"2025-11","revenue":64467.0263671875,"cost":38250.0,"margin":40.7,"units":1530,"transactions":1140,"profit":26217.02392578125,"revenue_change_pct":298.0,"units_change_pct":327.4,"margin_change_pts":-2.1},{"period":"2025-12","revenue":65814.3994140625,"cost":34300.0,"margin":47.9,"units":1372,"transactions":994,"profit":31514.3994140625,"revenue_change_pct":2.1,"units_change_pct":-10.3,"margin_change_pts":7.2},{"period":"2026-01","revenue":71125.0,"cost":36500.0,"margin":48.7,"units":1460,"transactions":1092,"profit":34625.0,"revenue_change_pct":8.1,"units_change_pct":6.4,"margin_change_pts":0.8}],"share_of_category":[{"category":"FLOWER","brand_revenue":684775.859375,"category_revenue":77755450.0,"revenue_share_pct":0.8999999761581421,"brand_units":14714,"category_units":2708446,"units_share_pct":0.5}],"share_of_category_trend":{"FLOWER":[{"period":"2024-01","brand_revenue":0.0,"category_revenue":3552357.8125,"share_pct":0.0},{"period":"2024-02","brand_revenue":0.0,"category_revenue":3535245.625,"share_pct":0.0},{"period":"2024-03","brand_revenue":0.0,"category_revenue":3693805.625,"share_pct":0.0},{"period":"2024-04","brand_revenue":0.0,"category_revenue":3541899.6875,"share_pct":0.0},{"period":"2024-05","brand_revenue":0.0,"category_revenue":3537479.375,"share_pct":0.0},{"period":"2024-06","brand_revenue":0.0,"category_revenue":3403269.6875,"share_pct":0.0},{"period":"2024-07","brand_revenue":0.0,"category_revenue":3457705.9375,"share_pct":0.0},{"period":"2024-08","brand_revenue":0.0,"category_revenue":3453819.375,"share_pct":0.0},{"period":"2024-09","brand_revenue":6031.7498779296875,"category_revenue":3316441.5625,"share_pct":0.20000000298023224},{"period":"2024-10","brand_revenue":27907.5,"category_revenue":3585775.0,"share_pct":0.800000011920929},{"period":"2024-11","brand_revenue":33498.24951171875,"category_revenue":3454855.3125,"share_pct":1.0},{"period":"2024-12","brand_revenue":20000.0,"category_revenue":3226567.8125,"share_pct":0.6000000238418579},{"period":"2025-01","brand_revenue":29115.3515625,"category_revenue":2984938.125,"share_pct":1.0},{"period":"2025-02","brand_revenue":52136.3232421875,"category_revenue":2816220.0,"share_pct":1.899999976158142},{"period":"2025-03","brand_revenue":53274.501953125,"category_revenue":2911379.6875,"share_pct":1.7999999523162842},{"period":"2025-04","brand_revenue":63379.7509765625,"category_revenue":3118895.3125,"share_pct":2.0},{"period":"2025-05","brand_revenue":62166.42578125,"category_revenue":2887345.0,"share_pct":2.200000047683716},{"period":"2025-06","brand_revenue":48554.501953125,"category_revenue":2773698.125,"share_pct":1.7999999523162842},{"period":"2025-07","brand_revenue":7020.4998779296875,"category_revenue":2782763.125,"share_pct":0.30000001192092896},{"period":"2025-08","brand_revenue":12097.249755859375,"category_revenue":2733122.8125,"share_pct":0.4000000059604645},{"period":"2025-09","brand_revenue":51989.599609375,"category_revenue":2603501.5625,"share_pct":2.0},{"period":"2025-10","brand_revenue":16197.724609375,"category_revenue":2663705.0,"share_pct":0.6000000238418579},{"period":"2025-11","brand_revenue":64467.0263671875,"category_revenue":2700189.0625,"share_pct":2.4000000953674316},{"period":"2025-12","brand_revenue":65814.3994140625,"category_revenue":2515209.53125,"share_pct":2.5999999046325684},{"period":"2026-01","brand_revenue":71125.0,"category_revenue":2505261.875,"share_pct":2.799999952316284}]},"discount_depth":[{"tier":"0% (Full Price)","transactions":3950,"pct_of_transactions":30.9,"revenue":272110.0,"avg_discount":0.0},{"tier":"1-10%","transactions":946,"pct_of_transactions":7.4,"revenue":61848.955078125,"avg_discount":19.799999237060547},{"tier":"11-20%","transactions":530,"pct_of_transactions":4.1,"revenue":32555.849609375,"avg_discount":38.599998474121094},{"tier":"21-30%","transactions":288,"pct_of_transactions":2.3,"revenue":16606.500244140625,"avg_discount":50.20000076293945},{"tier":"31%+","transactions":1022,"pct_of_transactions":8.0,"revenue":35430.54931640625,"avg_discount":98.19999694824219}],"velocity":{"units_per_day":29.84,"revenue_per_day":1388.9999389648438,"avg_units_per_txn":2.6,"days_of_data":493,"total_units":14714,"total_transactions":11350},"velocity_by_category":[{"category":"FLOWER","brand_units_per_day":19.3,"category_avg_units_per_day":55.54,"velocity_index":34.8,"brand_rev_per_unit":37.23,"category_rev_per_unit":22.97,"brands_in_category":64}],"deals":[{"deal_name":"Industry 30% Off","times_used":2312,"units":2676.0,"revenue":108974.66668248177,"discounts":47147.838542461395,"cost":66862.5,"profit":42112.16145571321,"pre_discount_revenue":156122.5,"margin":38.6,"avg_discount":60.4},{"deal_name":"Industry - 30% Off","times_used":1952,"units":2352.0,"revenue":94509.1772031784,"discounts":40730.82556724548,"cost":58800.0,"profit":35709.17443394661,"pre_discount_revenue":135240.0,"margin":37.8,"avg_discount":60.2},{"deal_name":"Senior - 10% Off","times_used":334,"units":516.6666666666666,"revenue":26781.74204349518,"discounts":3182.4249354998274,"cost":12916.666666666668,"profit":13865.074719687302,"pre_discount_revenue":29964.166666666664,"margin":51.8,"avg_discount":21.2},{"deal_name":"Veterans - 10% Off","times_used":330,"units":389.3333333333333,"revenue":20288.883606592815,"discounts":2294.4499377409616,"cost":9770.833333333334,"profit":10518.049735824268,"pre_discount_revenue":22583.333333333336,"margin":51.8,"avg_discount":20.4},{"deal_name":"50% Off - G2B","times_used":322,"units":483.6666666666667,"revenue":14185.320833524067,"discounts":14230.095833142597,"cost":12091.666666666668,"profit":2093.6541667083898,"pre_discount_revenue":28415.416666666664,"margin":14.8,"avg_discount":100.2},{"deal_name":"Senior / Veterans - 20% Off","times_used":268,"units":420.0,"revenue":19444.824514389038,"discounts":4922.674877643585,"cost":10550.0,"profit":8894.82483625412,"pre_discount_revenue":24367.5,"margin":45.7,"avg_discount":40.4},{"deal_name":"Employee 30% - NOT FRIDAYS","times_used":234,"units":257.0,"revenue":10088.975328207016,"discounts":4819.77507352829,"cost":6450.0,"profit":3638.9749199151993,"pre_discount_revenue":14908.75,"margin":36.1,"avg_discount":64.6},{"deal_name":"Employee - 40% OFF","times_used":194,"units":230.0,"revenue":7756.225144565105,"discounts":5581.274857521057,"cost":5737.5,"profit":2018.7249641120434,"pre_discount_revenue":13337.5,"margin":26.0,"avg_discount":83.6},{"deal_name":"LVAC - 25% Off","times_used":74,"units":104.0,"revenue":4501.875,"discounts":1500.625,"cost":2600.0,"profit":1901.875,"pre_discount_revenue":6002.5,"margin":42.2,"avg_discount":50.0},{"deal_name":"Store Credit - $15","times_used":36,"units":31.666666666666668,"revenue":1362.0833277702332,"discounts":498.3333388964335,"cost":791.6666666666667,"profit":570.4166666666666,"pre_discount_revenue":1860.4166666666665,"margin":41.9,"avg_discount":53.6},{"deal_name":"Jackpot - Locals 30% Off","times_used":36,"units":70.0,"revenue":2878.7500953674316,"discounts":1233.750023841858,"cost":1750.0,"profit":1128.749976158142,"pre_discount_revenue":4112.5,"margin":39.2,"avg_discount":60.0},{"deal_name":"Store Credit - $25","times_used":34,"units":49.666666666666664,"revenue":2029.0791451931,"discounts":888.8374934593837,"cost":1241.6666666666667,"profit":787.4124878769119,"pre_discount_revenue":2917.916666666667,"margin":38.8,"avg_discount":61.0},{"deal_name":"Store Credit - $50","times_used":10,"units":9.333333333333334,"revenue":193.89583150545758,"discounts":354.43750063578284,"cost":233.33333333333331,"profit":-39.43750043710073,"pre_discount_revenue":548.3333333333334,"margin":-20.3,"avg_discount":129.2},{"deal_name":"40% Off Special","times_used":10,"units":18.0,"revenue":634.5000171661377,"discounts":422.9999828338623,"cost":450.0,"profit":184.49999570846558,"pre_discount_revenue":1057.5,"margin":29.1,"avg_discount":80.0},{"deal_name":"Store Credit - $75","times_used":8,"units":7.666666666666667,"revenue":234.5583375295003,"discounts":215.8583339055379,"cost":191.66666666666669,"profit":42.8916713098685,"pre_discount_revenue":450.41666666666663,"margin":18.3,"avg_discount":95.8},{"deal_name":"Reno - Early Bird - Senior / Veterans - 20%","times_used":6,"units":8.0,"revenue":375.99998474121094,"discounts":93.99999618530273,"cost":200.0,"profit":176.00000381469727,"pre_discount_revenue":470.0,"margin":46.8,"avg_discount":40.0},{"deal_name":"Sammy Davis Early Bird - 15% Off","times_used":4,"units":6.0,"revenue":299.6250057220459,"discounts":52.875001430511475,"cost":150.0,"profit":149.6250057220459,"pre_discount_revenue":352.5,"margin":49.9,"avg_discount":30.0},{"deal_name":"Store Credit - $150","times_used":2,"units":2.0,"revenue":70.625,"discounts":46.875,"cost":50.0,"profit":20.625,"pre_discount_revenue":117.5,"margin":29.2,"avg_discount":79.8},{"deal_name":"Store Credit - $100","times_used":2,"units":3.0,"revenue":8.275000154972076,"discounts":167.97500133514404,"cost":75.0,"profit":-66.72500133514404,"pre_discount_revenue":176.25,"margin":-806.3,"avg_discount":190.6}],"top_products":[{"product":"WAGYU EIGHTH - CLOUT KING","units":1698,"revenue":81418.828125,"cost":42137.5,"profit":39281.32568359375,"transactions":1486,"margin":48.20000076293945},{"product":"MELONHEADZ EIGHTH - CLOUT KING","units":1486,"revenue":69929.375,"cost":37150.0,"profit":32779.375,"transactions":1316,"margin":46.900001525878906},{"product":"LEMON CHERRY HEADZ EIGHTH - CLOUT KING","units":1394,"revenue":65173.65234375,"cost":34850.0,"profit":30323.64990234375,"transactions":1184,"margin":46.5},{"product":"BUBBLE BUTT EIGHTH - CLOUT KING","units":1378,"revenue":65008.876953125,"cost":34450.0,"profit":30558.87451171875,"transactions":1198,"margin":47.0},{"product":"TERDZ EIGHTH - CLOUT KING","units":1234,"revenue":57740.3759765625,"cost":30850.0,"profit":26890.3759765625,"transactions":1108,"margin":46.599998474121094},{"product":"MILKSTEAK EIGHTH - CLOUT KING","units":1042,"revenue":49095.927734375,"cost":26050.0,"profit":23045.92529296875,"transactions":958,"margin":46.900001525878906},{"product":"TUSSIN EIGHTH - CLOUT KING","units":1016,"revenue":45823.92578125,"cost":25400.0,"profit":20423.924560546875,"transactions":886,"margin":44.599998474121094},{"product":"TRUFFLE BUTTER EIGHTH - CLOUT KING","units":886,"revenue":43531.474609375,"cost":22150.0,"profit":21381.474609375,"transactions":722,"margin":49.099998474121094},{"product":"PEANUT BUTTER CUP EIGHTH - CLOUT KING","units":894,"revenue":40067.82470703125,"cost":22350.0,"profit":17717.82470703125,"transactions":794,"margin":44.20000076293945},{"product":"CREAM PIE EIGHTH - CLOUT KING","units":736,"revenue":33315.30029296875,"cost":18712.5,"profit":14602.80029296875,"transactions":642,"margin":43.79999923706055},{"product":"CLOUT FUEL EIGHTH - CLOUT KING","units":522,"revenue":22251.25,"cost":13050.0,"profit":9201.25,"transactions":450,"margin":41.400001525878906},{"product":"HOOD SNACKS EIGHTH - CLOUT KING","units":494,"revenue":21216.201171875,"cost":12350.0,"profit":8866.199951171875,"transactions":432,"margin":41.79999923706055},{"product":"TOMAHAWK EIGHTH - CLOUT KING","units":446,"revenue":21157.451171875,"cost":11150.0,"profit":10007.449951171875,"transactions":352,"margin":47.29999923706055},{"product":"GUAVA HEADZ EIGHTH - CLOUT KING","units":410,"revenue":18907.249755859375,"cost":10250.0,"profit":8657.249755859375,"transactions":348,"margin":45.79999923706055},{"product":"SLUSHEE EIGHTH - CLOUT KING","units":400,"revenue":18620.0,"cost":10000.0,"profit":8620.0,"transactions":352,"margin":46.29999923706055},{"product":"FLAT RATE GAS EIGHTH - CLOUT KING","units":348,"revenue":15668.900146484375,"cost":8700.0,"profit":6968.900146484375,"transactions":300,"margin":44.5},{"product":"CLOUT BERRIEZ EIGHTH - CLOUT KING","units":200,"revenue":9858.250122070312,"cost":5000.0,"profit":4858.2501220703125,"transactions":146,"margin":49.29999923706055},{"product":"BLUE WAGYU EIGHTH - CLOUT KING","units":80,"revenue":3811.0000610351562,"cost":2000.0,"profit":1810.9999084472656,"transactions":76,"margin":47.5},{"product":"LCZ EIGHTH - CLOUT KING","units":50,"revenue":2180.0,"cost":1250.0,"profit":930.0,"transactions":48,"margin":42.70000076293945}],"products_by_store":{"Elevation Springs":[{"product":"MELONHEADZ EIGHTH - CLOUT KING","units":724,"revenue":34068.62548828125,"cost":18100.0,"profit":15968.624267578125,"transactions":638,"margin":46.900001525878906},{"product":"WAGYU EIGHTH - CLOUT KING","units":704,"revenue":33966.99951171875,"cost":17600.0,"profit":16366.99951171875,"transactions":616,"margin":48.20000076293945},{"product":"TERDZ EIGHTH - CLOUT KING","units":656,"revenue":30868.00048828125,"cost":16400.0,"profit":14468.00048828125,"transactions":586,"margin":46.900001525878906},{"product":"BUBBLE BUTT EIGHTH - CLOUT KING","units":586,"revenue":28692.5,"cost":14650.0,"profit":14042.5,"transactions":486,"margin":48.900001525878906},{"product":"LEMON CHERRY HEADZ EIGHTH - CLOUT KING","units":456,"revenue":20907.2509765625,"cost":11400.0,"profit":9507.249755859375,"transactions":416,"margin":45.5},{"product":"PEANUT BUTTER CUP EIGHTH - CLOUT KING","units":426,"revenue":20021.500244140625,"cost":10650.0,"profit":9371.500244140625,"transactions":394,"margin":46.79999923706055},{"product":"MILKSTEAK EIGHTH - CLOUT KING","units":394,"revenue":18362.17529296875,"cost":9850.0,"profit":8512.174682617188,"transactions":362,"margin":46.400001525878906},{"product":"TUSSIN EIGHTH - CLOUT KING","units":298,"revenue":13133.3251953125,"cost":7450.0,"profit":5683.3251953125,"transactions":286,"margin":43.29999923706055},{"product":"GUAVA HEADZ EIGHTH - CLOUT KING","units":260,"revenue":11886.75048828125,"cost":6500.0,"profit":5386.7498779296875,"transactions":244,"margin":45.29999923706055},{"product":"CLOUT FUEL EIGHTH - CLOUT KING","units":228,"revenue":11330.875244140625,"cost":5700.0,"profit":5630.8746337890625,"transactions":204,"margin":49.70000076293945},{"product":"CREAM PIE EIGHTH - CLOUT KING","units":220,"revenue":10143.175048828125,"cost":5500.0,"profit":4643.175048828125,"transactions":202,"margin":45.79999923706055},{"product":"TRUFFLE BUTTER EIGHTH - CLOUT KING","units":178,"revenue":8954.550170898438,"cost":4450.0,"profit":4504.549865722656,"transactions":152,"margin":50.29999923706055},{"product":"SLUSHEE EIGHTH - CLOUT KING","units":168,"revenue":8302.999877929688,"cost":4200.0,"profit":4102.9998779296875,"transactions":142,"margin":49.400001525878906},{"product":"TOMAHAWK EIGHTH - CLOUT KING","units":98,"revenue":4672.60009765625,"cost":2450.0,"profit":2222.5999450683594,"transactions":90,"margin":47.599998474121094},{"product":"HOOD SNACKS EIGHTH - CLOUT KING","units":100,"revenue":4117.350158691406,"cost":2500.0,"profit":1617.3500061035156,"transactions":96,"margin":39.29999923706055}],"Elevation Mesa":[{"product":"BUBBLE BUTT EIGHTH - CLOUT KING","units":792,"revenue":36316.37451171875,"cost":19800.0,"profit":16516.37451171875,"transactions":712,"margin":45.5},{"product":"WAGYU EIGHTH - CLOUT KING","units":674,"revenue":31795.6005859375,"cost":16850.0,"profit":14945.599365234375,"transactions":578,"margin":47.0},{"product":"MELONHEADZ EIGHTH - CLOUT KING","units":614,"revenue":28164.775390625,"cost":15350.0,"profit":12814.775390625,"transactions":554,"margin":45.5},{"product":"LEMON CHERRY HEADZ EIGHTH - CLOUT KING","units":606,"revenue":27188.75,"cost":15150.0,"profit":12038.75,"transactions":498,"margin":44.29999923706055},{"product":"TERDZ EIGHTH - CLOUT KING","units":578,"revenue":26872.37548828125,"cost":14450.0,"profit":12422.37548828125,"transactions":522,"margin":46.20000076293945},{"product":"MILKSTEAK EIGHTH - CLOUT KING","units":500,"revenue":23573.00048828125,"cost":12500.0,"profit":11072.999267578125,"transactions":460,"margin":47.0},{"product":"PEANUT BUTTER CUP EIGHTH - CLOUT KING","units":468,"revenue":20046.32568359375,"cost":11700.0,"profit":8346.325073242188,"transactions":400,"margin":41.599998474121094},{"product":"TRUFFLE BUTTER EIGHTH - CLOUT KING","units":208,"revenue":10370.250244140625,"cost":5200.0,"profit":5170.250244140625,"transactions":146,"margin":49.900001525878906},{"product":"SLUSHEE EIGHTH - CLOUT KING","units":232,"revenue":10317.000732421875,"cost":5800.0,"profit":4516.999816894531,"transactions":210,"margin":43.79999923706055},{"product":"TUSSIN EIGHTH - CLOUT KING","units":222,"revenue":9886.650390625,"cost":5550.0,"profit":4336.650085449219,"transactions":172,"margin":43.900001525878906},{"product":"CREAM PIE EIGHTH - CLOUT KING","units":216,"revenue":9759.550170898438,"cost":5712.5,"profit":4047.0498657226562,"transactions":184,"margin":41.5},{"product":"GUAVA HEADZ EIGHTH - CLOUT KING","units":150,"revenue":7020.4998779296875,"cost":3750.0,"profit":3270.4998779296875,"transactions":104,"margin":46.599998474121094},{"product":"HOOD SNACKS EIGHTH - CLOUT KING","units":150,"revenue":5421.624755859375,"cost":3750.0,"profit":1671.6249084472656,"transactions":122,"margin":30.799999237060547},{"product":"CLOUT FUEL EIGHTH - CLOUT KING","units":150,"revenue":5360.250244140625,"cost":3750.0,"profit":1610.2499389648438,"transactions":132,"margin":30.0},{"product":"TOMAHAWK EIGHTH - CLOUT KING","units":100,"revenue":4593.500061035156,"cost":2500.0,"profit":2093.5000610351562,"transactions":72,"margin":45.599998474121094}],"Elevation Oasis":[{"product":"TRUFFLE BUTTER EIGHTH - CLOUT KING","units":108,"revenue":5628.2501220703125,"cost":2700.0,"profit":2928.2501220703125,"transactions":66,"margin":52.0},{"product":"LEMON CHERRY HEADZ EIGHTH - CLOUT KING","units":54,"revenue":2920.7501220703125,"cost":1350.0,"profit":1570.7499694824219,"transactions":36,"margin":53.79999923706055},{"product":"TOMAHAWK EIGHTH - CLOUT KING","units":50,"revenue":2643.75,"cost":1250.0,"profit":1393.75,"transactions":28,"margin":52.70000076293945},{"product":"WAGYU EIGHTH - CLOUT KING","units":50,"revenue":2620.2499389648438,"cost":1250.0,"profit":1370.2499389648438,"transactions":32,"margin":52.29999923706055},{"product":"CLOUT BERRIEZ EIGHTH - CLOUT KING","units":50,"revenue":2526.25,"cost":1250.0,"profit":1276.25,"transactions":18,"margin":50.5},{"product":"HOOD SNACKS EIGHTH - CLOUT KING","units":50,"revenue":2502.7499389648438,"cost":1250.0,"profit":1252.750015258789,"transactions":40,"margin":50.099998474121094},{"product":"FLAT RATE GAS EIGHTH - CLOUT KING","units":50,"revenue":2452.5,"cost":1250.0,"profit":1202.5,"transactions":34,"margin":49.0},{"product":"TUSSIN EIGHTH - CLOUT KING","units":50,"revenue":2217.8250122070312,"cost":1250.0,"profit":967.8250122070312,"transactions":38,"margin":43.599998474121094},{"product":"CREAM PIE EIGHTH - CLOUT KING","units":50,"revenue":2214.875030517578,"cost":1250.0,"profit":964.8749542236328,"transactions":34,"margin":43.599998474121094},{"product":"CLOUT FUEL EIGHTH - CLOUT KING","units":44,"revenue":1351.25,"cost":1100.0,"profit":251.25,"transactions":28,"margin":18.600000381469727}],"Elevation Midtown":[{"product":"TUSSIN EIGHTH - CLOUT KING","units":148,"revenue":6961.099853515625,"cost":3700.0,"profit":3261.099853515625,"transactions":128,"margin":46.79999923706055},{"product":"LEMON CHERRY HEADZ EIGHTH - CLOUT KING","units":124,"revenue":6627.349853515625,"cost":3100.0,"profit":3527.349853515625,"transactions":90,"margin":53.20000076293945},{"product":"MELONHEADZ EIGHTH - CLOUT KING","units":98,"revenue":5178.475341796875,"cost":2450.0,"profit":2728.4750366210938,"transactions":78,"margin":52.70000076293945},{"product":"FLAT RATE GAS EIGHTH - CLOUT KING","units":102,"revenue":4642.124938964844,"cost":2550.0,"profit":2092.1249389648438,"transactions":80,"margin":45.099998474121094},{"product":"WAGYU EIGHTH - CLOUT KING","units":90,"revenue":4441.625061035156,"cost":2250.0,"profit":2191.6250610351562,"transactions":80,"margin":49.29999923706055},{"product":"TRUFFLE BUTTER EIGHTH - CLOUT KING","units":74,"revenue":3609.6749877929688,"cost":1850.0,"profit":1759.6749877929688,"transactions":64,"margin":48.70000076293945},{"product":"MILKSTEAK EIGHTH - CLOUT KING","units":50,"revenue":2711.25,"cost":1250.0,"profit":1461.25,"transactions":44,"margin":53.900001525878906},{"product":"CREAM PIE EIGHTH - CLOUT KING","units":50,"revenue":2616.3751220703125,"cost":1250.0,"profit":1366.3749694824219,"transactions":42,"margin":52.20000076293945},{"product":"HOOD SNACKS EIGHTH - CLOUT KING","units":50,"revenue":2603.8751220703125,"cost":1250.0,"profit":1353.8749694824219,"transactions":44,"margin":52.0},{"product":"TOMAHAWK EIGHTH - CLOUT KING","units":50,"revenue":2511.2249755859375,"cost":1250.0,"profit":1261.2249755859375,"transactions":34,"margin":50.20000076293945},{"product":"CLOUT FUEL EIGHTH - CLOUT KING","units":50,"revenue":2361.125030517578,"cost":1250.0,"profit":1111.1250305175781,"transactions":44,"margin":47.099998474121094}],"Elevation Boulevard":[{"product":"TRUFFLE BUTTER EIGHTH - CLOUT KING","units":188,"revenue":8531.000366210938,"cost":4700.0,"profit":3831.0000610351562,"transactions":168,"margin":44.900001525878906},{"product":"TOMAHAWK EIGHTH - CLOUT KING","units":98,"revenue":4362.875061035156,"cost":2450.0,"profit":1912.8749084472656,"transactions":82,"margin":43.79999923706055},{"product":"WAGYU EIGHTH - CLOUT KING","units":90,"revenue":4035.3500366210938,"cost":2250.0,"profit":1785.3500366210938,"transactions":90,"margin":44.20000076293945},{"product":"TUSSIN EIGHTH - CLOUT KING","units":98,"revenue":3820.150146484375,"cost":2450.0,"profit":1370.1499938964844,"transactions":88,"margin":35.900001525878906},{"product":"CREAM PIE EIGHTH - CLOUT KING","units":100,"revenue":3743.9752197265625,"cost":2500.0,"profit":1243.9749908447266,"transactions":98,"margin":33.20000076293945},{"product":"LEMON CHERRY HEADZ EIGHTH - CLOUT KING","units":72,"revenue":3364.8001098632812,"cost":1800.0,"profit":1564.7999572753906,"transactions":64,"margin":46.5},{"product":"CLOUT BERRIEZ EIGHTH - CLOUT KING","units":50,"revenue":2256.0000610351562,"cost":1250.0,"profit":1005.9999847412109,"transactions":50,"margin":44.599998474121094},{"product":"MILKSTEAK EIGHTH - CLOUT KING","units":48,"revenue":1987.8750610351562,"cost":1200.0,"profit":787.8749847412109,"transactions":48,"margin":39.599998474121094},{"product":"FLAT RATE GAS EIGHTH - CLOUT KING","units":48,"revenue":1965.2500915527344,"cost":1200.0,"profit":765.2500152587891,"transactions":48,"margin":38.900001525878906},{"product":"CLOUT FUEL EIGHTH - CLOUT KING","units":50,"revenue":1847.7499389648438,"cost":1250.0,"profit":597.7499771118164,"transactions":42,"margin":32.400001525878906},{"product":"HOOD SNACKS EIGHTH - CLOUT KING","units":48,"revenue":1841.2249755859375,"cost":1200.0,"profit":641.2249755859375,"transactions":42,"margin":34.79999923706055}],"Elevation Parkway":[{"product":"TUSSIN EIGHTH - CLOUT KING","units":200,"revenue":9804.874877929688,"cost":5000.0,"profit":4804.8748779296875,"transactions":174,"margin":49.0},{"product":"TRUFFLE BUTTER EIGHTH - CLOUT KING","units":130,"revenue":6437.750244140625,"cost":3250.0,"profit":3187.7499389648438,"transactions":126,"margin":49.5},{"product":"CREAM PIE EIGHTH - CLOUT KING","units":100,"revenue":4837.350158691406,"cost":2500.0,"profit":2337.3500061035156,"transactions":82,"margin":48.29999923706055},{"product":"HOOD SNACKS EIGHTH - CLOUT KING","units":96,"revenue":4729.375,"cost":2400.0,"profit":2329.375,"transactions":88,"margin":49.29999923706055},{"product":"WAGYU EIGHTH - CLOUT KING","units":90,"revenue":4558.999938964844,"cost":1937.5,"profit":2621.4999389648438,"transactions":90,"margin":57.5},{"product":"LEMON CHERRY HEADZ EIGHTH - CLOUT KING","units":82,"revenue":4164.750061035156,"cost":2050.0,"profit":2114.7500610351562,"transactions":80,"margin":50.79999923706055},{"product":"CLOUT BERRIEZ EIGHTH - CLOUT KING","units":50,"revenue":2620.2499389648438,"cost":1250.0,"profit":1370.2499389648438,"transactions":44,"margin":52.29999923706055},{"product":"MELONHEADZ EIGHTH - CLOUT KING","units":50,"revenue":2517.5,"cost":1250.0,"profit":1267.5,"transactions":46,"margin":50.29999923706055},{"product":"MILKSTEAK EIGHTH - CLOUT KING","units":50,"revenue":2461.6250610351562,"cost":1250.0,"profit":1211.624984741211,"transactions":44,"margin":49.20000076293945},{"product":"TOMAHAWK EIGHTH - CLOUT KING","units":50,"revenue":2373.5000610351562,"cost":1250.0,"profit":1123.499984741211,"transactions":46,"margin":47.29999923706055},{"product":"FLAT RATE GAS EIGHTH - CLOUT KING","units":50,"revenue":2209.0000915527344,"cost":1250.0,"profit":959.0000152587891,"transactions":50,"margin":43.400001525878906}]},"store_summary":[{"store_clean":"Elevation Springs","units":5626,"revenue":265577.9296875,"cost":140650.0,"profit":124927.919921875,"discounts":59659.5751953125,"margin":47.0,"discount_rate":18.299999237060547},{"store_clean":"Elevation Mesa","units":5808,"revenue":263384.0625,"cost":145512.5,"profit":117871.552734375,"discounts":72260.9521484375,"margin":44.79999923706055,"discount_rate":21.5},{"store_clean":"Elevation Parkway","units":948,"revenue":46714.9755859375,"cost":23387.5,"profit":23327.4755859375,"discounts":8980.025024414062,"margin":49.900001525878906,"discount_rate":16.100000381469727},{"store_clean":"Elevation Midtown","units":886,"revenue":44264.19921875,"cost":22150.0,"profit":22114.19921875,"discounts":7788.3001708984375,"margin":50.0,"discount_rate":15.0},{"store_clean":"Elevation Boulevard","units":890,"revenue":37756.25,"cost":22250.0,"profit":15506.25,"discounts":14481.25,"margin":41.099998474121094,"discount_rate":27.700000762939453},{"store_clean":"Elevation Oasis","units":556,"revenue":27078.44970703125,"cost":13900.0,"profit":13178.44970703125,"discounts":5586.55029296875,"margin":48.70000076293945,"discount_rate":17.100000381469727}],"recommendations":[{"severity":"yellow","title":"CATEGORY BENCHMARK GAP","detail":"Overall margin (46.3%) trails FLOWER average (54.1%) by 7.8 pts.","action":"Negotiate cost reduction or increase retail price."},{"severity":"info","title":"VOLUME LEVERAGE","detail":"$273,910 revenue provides negotiating leverage.","action":"Use volume as leverage in next vendor meeting."}],"comparison":null}