{"brand":"RIC FLAIR DRIP","date_range":"2024-01-01 00:00:00 to 2026-01-31 00:00:00","period_label":"All Time","summary":{"total_units":43,"total_revenue":1058.5,"total_cost":550.0,"total_discounts":208.0,"total_profit":508.5,"overall_margin":48.0,"fp_margin":56.900001525878906,"disc_margin":35.099998474121094,"pct_full_price":59.20000076293945,"avg_discount_rate":16.399999618530273,"fp_revenue":627.0,"disc_revenue":431.5,"unique_customers":35,"brand":"RIC FLAIR DRIP","date_range":"2024-01-01 00:00:00 to 2026-01-31 00:00:00","months_count":4,"avg_monthly_cost":137.5,"cost_per_unit":12.79,"primary_category":"FLOWER","primary_cat_margin":54.099998474121094,"category_rank":62,"category_total":64,"margin_vs_category":-6.099999904632568,"velocity_rank":62},"category_breakdown":[{"category_clean":"FLOWER","units":21,"revenue":848.0,"cost":420.0,"profit":428.0,"discounts":149.5,"margin":50.5,"category_avg_margin":54.099998474121094,"vs_category":-3.6,"rank":62.0,"total_brands":64.0},{"category_clean":"PRE ROLL","units":22,"revenue":210.5,"cost":130.0,"profit":80.5,"discounts":58.5,"margin":38.20000076293945,"category_avg_margin":48.29999923706055,"vs_category":-10.1,"rank":41.0,"total_brands":46.0}],"trend":[{"period":"2024-01","revenue":653.5,"cost":350.0,"margin":46.4,"units":33,"transactions":29,"profit":303.5,"revenue_change_pct":null,"units_change_pct":null,"margin_change_pts":null},{"period":"2024-02","revenue":76.0,"cost":40.0,"margin":47.4,"units":2,"transactions":2,"profit":36.0,"revenue_change_pct":-88.4,"units_change_pct":-93.9,"margin_change_pts":0.9},{"period":"2024-03","revenue":190.0,"cost":80.0,"margin":57.9,"units":4,"transactions":4,"profit":110.0,"revenue_change_pct":150.0,"units_change_pct":100.0,"margin_change_pts":10.5},{"period":"2024-04","revenue":139.0,"cost":80.0,"margin":42.4,"units":4,"transactions":4,"profit":59.0,"revenue_change_pct":-26.8,"units_change_pct":0,"margin_change_pts":-15.4}],"share_of_category":[{"category":"FLOWER","brand_revenue":848.0,"category_revenue":31102180.0,"revenue_share_pct":0.0,"brand_units":21,"category_units":1354223,"units_share_pct":0.0},{"category":"PRE ROLL","brand_revenue":210.5,"category_revenue":5603916.5,"revenue_share_pct":0.0,"brand_units":22,"category_units":742868,"units_share_pct":0.0}],"share_of_category_trend":{"FLOWER":[{"period":"2024-01","brand_revenue":443.0,"category_revenue":1420943.125,"share_pct":0.0},{"period":"2024-02","brand_revenue":76.0,"category_revenue":1414098.25,"share_pct":0.0},{"period":"2024-03","brand_revenue":190.0,"category_revenue":1477522.25,"share_pct":0.0},{"period":"2024-04","brand_revenue":139.0,"category_revenue":1416759.875,"share_pct":0.0},{"period":"2024-05","brand_revenue":0.0,"category_revenue":1414991.75,"share_pct":0.0},{"period":"2024-06","brand_revenue":0.0,"category_revenue":1361307.875,"share_pct":0.0},{"period":"2024-07","brand_revenue":0.0,"category_revenue":1383082.375,"share_pct":0.0},{"period":"2024-08","brand_revenue":0.0,"category_revenue":1381527.75,"share_pct":0.0},{"period":"2024-09","brand_revenue":0.0,"category_revenue":1326576.625,"share_pct":0.0},{"period":"2024-10","brand_revenue":0.0,"category_revenue":1434310.0,"share_pct":0.0},{"period":"2024-11","brand_revenue":0.0,"category_revenue":1381942.125,"share_pct":0.0},{"period":"2024-12","brand_revenue":0.0,"category_revenue":1290627.125,"share_pct":0.0},{"period":"2025-01","brand_revenue":0.0,"category_revenue":1193975.25,"share_pct":0.0},{"period":"2025-02","brand_revenue":0.0,"category_revenue":1126488.0,"share_pct":0.0},{"period":"2025-03","brand_revenue":0.0,"category_revenue":1164551.875,"share_pct":0.0},{"period":"2025-04","brand_revenue":0.0,"category_revenue":1247558.125,"share_pct":0.0},{"period":"2025-05","brand_revenue":0.0,"category_revenue":1154938.0,"share_pct":0.0},{"period":"2025-06","brand_revenue":0.0,"category_revenue":1109479.25,"share_pct":0.0},{"period":"2025-07","brand_revenue":0.0,"category_revenue":1113105.25,"share_pct":0.0},{"period":"2025-08","brand_revenue":0.0,"category_revenue":1093249.125,"share_pct":0.0},{"period":"2025-09","brand_revenue":0.0,"category_revenue":1041400.625,"share_pct":0.0},{"period":"2025-10","brand_revenue":0.0,"category_revenue":1065482.0,"share_pct":0.0},{"period":"2025-11","brand_revenue":0.0,"category_revenue":1080075.625,"share_pct":0.0},{"period":"2025-12","brand_revenue":0.0,"category_revenue":1006083.8125,"share_pct":0.0},{"period":"2026-01","brand_revenue":0.0,"category_revenue":1002104.75,"share_pct":0.0}],"PRE ROLL":[{"period":"2024-01","brand_revenue":210.5,"category_revenue":203335.40625,"share_pct":0.10000000149011612},{"period":"2024-02","brand_revenue":0.0,"category_revenue":195757.46875,"share_pct":0.0},{"period":"2024-03","brand_revenue":0.0,"category_revenue":208020.953125,"share_pct":0.0},{"period":"2024-04","brand_revenue":0.0,"category_revenue":196520.265625,"share_pct":0.0},{"period":"2024-05","brand_revenue":0.0,"category_revenue":216881.15625,"share_pct":0.0},{"period":"2024-06","brand_revenue":0.0,"category_revenue":202915.546875,"share_pct":0.0},{"period":"2024-07","brand_revenue":0.0,"category_revenue":209700.390625,"share_pct":0.0},{"period":"2024-08","brand_revenue":0.0,"category_revenue":245007.484375,"share_pct":0.0},{"period":"2024-09","brand_revenue":0.0,"category_revenue":234617.203125,"share_pct":0.0},{"period":"2024-10","brand_revenue":0.0,"category_revenue":256579.671875,"share_pct":0.0},{"period":"2024-11","brand_revenue":0.0,"category_revenue":231946.6875,"share_pct":0.0},{"period":"2024-12","brand_revenue":0.0,"category_revenue":233199.828125,"share_pct":0.0},{"period":"2025-01","brand_revenue":0.0,"category_revenue":217638.125,"share_pct":0.0},{"period":"2025-02","brand_revenue":0.0,"category_revenue":200350.234375,"share_pct":0.0},{"period":"2025-03","brand_revenue":0.0,"category_revenue":220568.828125,"share_pct":0.0},{"period":"2025-04","brand_revenue":0.0,"category_revenue":227275.75,"share_pct":0.0},{"period":"2025-05","brand_revenue":0.0,"category_revenue":226206.75,"share_pct":0.0},{"period":"2025-06","brand_revenue":0.0,"category_revenue":224202.6875,"share_pct":0.0},{"period":"2025-07","brand_revenue":0.0,"category_revenue":240366.4375,"share_pct":0.0},{"period":"2025-08","brand_revenue":0.0,"category_revenue":248099.0,"share_pct":0.0},{"period":"2025-09","brand_revenue":0.0,"category_revenue":243588.4375,"share_pct":0.0},{"period":"2025-10","brand_revenue":0.0,"category_revenue":258117.265625,"share_pct":0.0},{"period":"2025-11","brand_revenue":0.0,"category_revenue":232445.390625,"share_pct":0.0},{"period":"2025-12","brand_revenue":0.0,"category_revenue":221235.421875,"share_pct":0.0},{"period":"2026-01","brand_revenue":0.0,"category_revenue":209340.375,"share_pct":0.0}]},"discount_depth":[{"tier":"0% (Full Price)","transactions":19,"pct_of_transactions":47.5,"revenue":627.0,"avg_discount":0.0},{"tier":"1-10%","transactions":0,"pct_of_transactions":0.0,"revenue":0.0,"avg_discount":0},{"tier":"11-20%","transactions":1,"pct_of_transactions":2.5,"revenue":80.75,"avg_discount":15.0},{"tier":"21-30%","transactions":0,"pct_of_transactions":0.0,"revenue":0.0,"avg_discount":0},{"tier":"31%+","transactions":4,"pct_of_transactions":10.0,"revenue":93.5,"avg_discount":47.79999923706055}],"velocity":{"units_per_day":0.42,"revenue_per_day":10.279999732971191,"avg_units_per_txn":1.1,"days_of_data":103,"total_units":43,"total_transactions":39},"velocity_by_category":[{"category":"FLOWER","brand_units_per_day":0.03,"category_avg_units_per_day":27.77,"velocity_index":0.1,"brand_rev_per_unit":40.38,"category_rev_per_unit":22.97,"brands_in_category":64},{"category":"PRE ROLL","brand_units_per_day":0.03,"category_avg_units_per_day":21.19,"velocity_index":0.1,"brand_rev_per_unit":9.57,"category_rev_per_unit":7.54,"brands_in_category":46}],"deals":[{"deal_name":"Industry - 30% Off","times_used":6,"units":6.0,"revenue":94.5,"discounts":40.5,"cost":60.0,"profit":34.5,"pre_discount_revenue":135.0,"margin":36.5,"avg_discount":30.0}],"top_products":[{"product":"SLURRICANE EIGHTH - RIC FLAIR DRIP","units":21,"revenue":848.0,"cost":420.0,"profit":428.0,"transactions":20,"margin":50.5},{"product":"SOUR APPLE X SUNSET SHERBERT PRE ROLL - RIC FLAIR DRIP","units":10,"revenue":82.0,"cost":50.0,"profit":32.0,"transactions":9,"margin":39.0},{"product":"SLURRICANE PRE ROLL - RIC FLAIR DRIP","units":10,"revenue":79.0,"cost":50.0,"profit":29.0,"transactions":9,"margin":36.70000076293945},{"product":"SOUR APPLE X SUNSET SHERBERT BLUNT - RIC FLAIR DRIP","units":2,"revenue":49.5,"cost":30.0,"profit":19.5,"transactions":2,"margin":39.400001525878906}],"products_by_store":{"Thrive Sammy":[{"product":"SLURRICANE EIGHTH - RIC FLAIR DRIP","units":21,"revenue":848.0,"cost":420.0,"profit":428.0,"transactions":20,"margin":50.5},{"product":"SOUR APPLE X SUNSET SHERBERT PRE ROLL - RIC FLAIR DRIP","units":10,"revenue":82.0,"cost":50.0,"profit":32.0,"transactions":9,"margin":39.0},{"product":"SLURRICANE PRE ROLL - RIC FLAIR DRIP","units":10,"revenue":79.0,"cost":50.0,"profit":29.0,"transactions":9,"margin":36.70000076293945},{"product":"SOUR APPLE X SUNSET SHERBERT BLUNT - RIC FLAIR DRIP","units":2,"revenue":49.5,"cost":30.0,"profit":19.5,"transactions":2,"margin":39.400001525878906}]},"store_summary":[{"store_clean":"Thrive Sammy","units":43,"revenue":1058.5,"cost":550.0,"profit":508.5,"discounts":208.0,"margin":48.0,"discount_rate":16.399999618530273}],"recommendations":[{"severity":"red","title":"PRE ROLL: BELOW CATEGORY AVERAGE","detail":"Margin (38.2%) is 10 pts below PRE ROLL average. Ranked #41 of 46. Strong case for cost negotiation.","action":"Request 5% cost reduction or evaluate alternative PRE ROLL brands."},{"severity":"yellow","title":"CATEGORY BENCHMARK GAP","detail":"Overall margin (48.0%) trails FLOWER average (54.1%) by 6.1 pts.","action":"Negotiate cost reduction or increase retail price."}],"comparison":null}