{"brand":"INCREDIBLES","date_range":"2024-01-01 00:00:00 to 2026-01-31 00:00:00","period_label":"All Time","summary":{"total_units":6528,"total_revenue":106596.3671875,"total_cost":49886.97265625,"total_discounts":17373.62548828125,"total_profit":56709.39453125,"overall_margin":53.20000076293945,"fp_margin":59.20000076293945,"disc_margin":43.099998474121094,"pct_full_price":62.599998474121094,"avg_discount_rate":14.0,"fp_revenue":66757.5,"disc_revenue":39838.8720703125,"brand":"INCREDIBLES","date_range":"2024-01-01 00:00:00 to 2026-01-31 00:00:00","primary_category":"EDIBLE","store_coverage":"6/7","stores_present":["Elevation Springs","Elevation Mesa","Elevation Oasis","Elevation Midtown","Elevation Boulevard","Elevation Parkway"],"stores_missing":["Elevation Downtown"],"velocity_rank":20,"velocity_total":32},"distribution":[{"store":"Elevation Springs","carries_brand":true,"sku_count":12,"revenue":19361.4501953125,"units":1184,"store_total_revenue":51138750.0,"brand_share_pct":0.0},{"store":"Elevation Mesa","carries_brand":true,"sku_count":12,"revenue":19785.2001953125,"units":1296,"store_total_revenue":47532240.0,"brand_share_pct":0.0},{"store":"Elevation Oasis","carries_brand":true,"sku_count":12,"revenue":21419.67529296875,"units":1294,"store_total_revenue":56050145.0,"brand_share_pct":0.0},{"store":"Elevation Downtown","carries_brand":false,"sku_count":0,"revenue":0.0,"units":0,"store_total_revenue":1945237.1875,"brand_share_pct":0},{"store":"Elevation Midtown","carries_brand":true,"sku_count":12,"revenue":15675.050048828125,"units":940,"store_total_revenue":30850185.0,"brand_share_pct":0.10000000149011612},{"store":"Elevation Boulevard","carries_brand":true,"sku_count":12,"revenue":13125.374755859375,"units":896,"store_total_revenue":28757865.0,"brand_share_pct":0.0},{"store":"Elevation Parkway","carries_brand":true,"sku_count":12,"revenue":17229.625244140625,"units":918,"store_total_revenue":21987007.5,"brand_share_pct":0.10000000149011612}],"share_of_category":[{"category":"EDIBLE","brand_revenue":106596.3671875,"category_revenue":29378492.5,"revenue_share_pct":0.4000000059604645,"brand_units":6528,"category_units":1706530,"units_share_pct":0.4}],"share_of_category_trend":{"EDIBLE":[{"period":"2024-01","brand_revenue":0.0,"category_revenue":1115754.921875,"share_pct":0.0},{"period":"2024-02","brand_revenue":0.0,"category_revenue":1235210.0,"share_pct":0.0},{"period":"2024-03","brand_revenue":0.0,"category_revenue":1273343.671875,"share_pct":0.0},{"period":"2024-04","brand_revenue":0.0,"category_revenue":1298159.0625,"share_pct":0.0},{"period":"2024-05","brand_revenue":0.0,"category_revenue":1215880.78125,"share_pct":0.0},{"period":"2024-06","brand_revenue":0.0,"category_revenue":1181362.421875,"share_pct":0.0},{"period":"2024-07","brand_revenue":0.0,"category_revenue":1128302.8125,"share_pct":0.0},{"period":"2024-08","brand_revenue":0.0,"category_revenue":1167724.921875,"share_pct":0.0},{"period":"2024-09","brand_revenue":0.0,"category_revenue":1114619.53125,"share_pct":0.0},{"period":"2024-10","brand_revenue":8847.39990234375,"category_revenue":1205149.0625,"share_pct":0.699999988079071},{"period":"2024-11","brand_revenue":16517.249755859375,"category_revenue":1236132.421875,"share_pct":1.2999999523162842},{"period":"2024-12","brand_revenue":4201.499938964844,"category_revenue":1207318.046875,"share_pct":0.30000001192092896},{"period":"2025-01","brand_revenue":4810.0,"category_revenue":1176202.578125,"share_pct":0.4000000059604645},{"period":"2025-02","brand_revenue":13497.5,"category_revenue":1097683.359375,"share_pct":1.2000000476837158},{"period":"2025-03","brand_revenue":11694.749755859375,"category_revenue":1228067.265625,"share_pct":1.0},{"period":"2025-04","brand_revenue":13566.25,"category_revenue":1290106.171875,"share_pct":1.100000023841858},{"period":"2025-05","brand_revenue":18691.600341796875,"category_revenue":1191670.3125,"share_pct":1.600000023841858},{"period":"2025-06","brand_revenue":12721.99951171875,"category_revenue":1110702.109375,"share_pct":1.100000023841858},{"period":"2025-07","brand_revenue":2048.125,"category_revenue":1096938.125,"share_pct":0.20000000298023224},{"period":"2025-08","brand_revenue":0.0,"category_revenue":1145920.859375,"share_pct":0.0},{"period":"2025-09","brand_revenue":0.0,"category_revenue":1070074.53125,"share_pct":0.0},{"period":"2025-10","brand_revenue":0.0,"category_revenue":1168865.78125,"share_pct":0.0},{"period":"2025-11","brand_revenue":0.0,"category_revenue":1192334.453125,"share_pct":0.0},{"period":"2025-12","brand_revenue":0.0,"category_revenue":1138094.375,"share_pct":0.0},{"period":"2026-01","brand_revenue":0.0,"category_revenue":1092874.21875,"share_pct":0.0}]},"velocity_by_category":[{"category":"EDIBLE","brand_units_per_day":8.56,"category_avg_units_per_day":69.98,"velocity_index":12.2,"brand_rev_per_unit":13.06,"category_rev_per_unit":13.77,"brands_in_category":32}],"store_gaps":[{"store":"Elevation Downtown","category":"EDIBLE","category_revenue_at_store":354431.015625,"opportunity":"Brand not carried"}],"product_mix":{"top":[{"product":"STRAWBERRY CRUNCH CHOCOLATE BAR - INCREDIBLES","units":1580,"revenue":25297.62451171875,"cost":12802.5,"profit":12495.12451171875,"stores":6,"transactions":1344,"margin":49.400001525878906},{"product":"SIN CITY CHOCOLATE BAR - INCREDIBLES","units":1394,"revenue":23758.57421875,"cost":11269.49951171875,"profit":12489.07470703125,"stores":6,"transactions":1156,"margin":52.599998474121094},{"product":"PEANUT BUDDA BUDDHA CHOCOLATE BAR - INCREDIBLES","units":1282,"revenue":20628.44970703125,"cost":8743.875122070312,"profit":11884.5751953125,"stores":6,"transactions":1028,"margin":57.599998474121094},{"product":"MILE HIGH MINT CHOCOLATE BAR - INCREDIBLES","units":1126,"revenue":17584.825439453125,"cost":8984.249877929688,"profit":8600.574951171875,"stores":6,"transactions":922,"margin":48.900001525878906},{"product":"5:1 SNOOZZZEBERRY CHOCOLATE BAR - INCREDIBLES","units":848,"revenue":14410.12451171875,"cost":7651.25,"profit":6758.8751220703125,"stores":6,"transactions":658,"margin":46.900001525878906},{"product":"MONKEY BAR CHOCOLATE BAR - INCREDIBLES","units":298,"revenue":4916.77490234375,"cost":435.60001373291016,"profit":4481.1749267578125,"stores":6,"transactions":256,"margin":91.0999984741211}],"bottom":[],"expansion":[]},"pricing_consistency":[{"product":"STRAWBERRY CRUNCH CHOCOLATE BAR - INCREDIBLES","min_price":29.04040404040404,"max_price":38.739495798319325,"avg_price":32.12977928818803,"std_dev":1.3817065032565055,"store_count":12,"price_range":9.699091757915287,"range_pct":30.2},{"product":"5:1 SNOOZZZEBERRY CHOCOLATE BAR - INCREDIBLES","min_price":29.758333333333336,"max_price":39.11499938964844,"avg_price":34.270348997373844,"std_dev":1.2565549977162729,"store_count":12,"price_range":9.356666056315103,"range_pct":27.3},{"product":"PEANUT BUDDA BUDDHA CHOCOLATE BAR - INCREDIBLES","min_price":27.66000061035156,"max_price":36.42636651862158,"avg_price":32.248828980496185,"std_dev":1.2143891402403468,"store_count":12,"price_range":8.766365908270014,"range_pct":27.2},{"product":"MILE HIGH MINT CHOCOLATE BAR - INCREDIBLES","min_price":27.862399961890244,"max_price":36.41304347826087,"avg_price":31.587553484532954,"std_dev":1.2915109126006132,"store_count":12,"price_range":8.550643516370627,"range_pct":27.1},{"product":"MONKEY BAR CHOCOLATE BAR - INCREDIBLES","min_price":29.55,"max_price":36.150000000000006,"avg_price":33.00870819091797,"std_dev":0.94351533207143,"store_count":12,"price_range":6.600000000000001,"range_pct":20.0},{"product":"SIN CITY CHOCOLATE BAR - INCREDIBLES","min_price":31.85810810810811,"max_price":37.30488102610518,"avg_price":33.96297252613753,"std_dev":0.764851813225117,"store_count":12,"price_range":5.446772917997071,"range_pct":16.0}],"promotional_effectiveness":{"lift":{"fp_units_per_day":14.92,"disc_units_per_day":14.0,"lift_pct":-6.2,"fp_avg_revenue_per_unit":38.075,"disc_avg_revenue_per_unit":26.375},"by_deal":[{"deal_name":"Industry - 30% Off","uses":192,"revenue":7155.500001907349,"discounts":3121.9999980926514,"units":546.0,"cost":4061.550030261278,"margin":43.2,"discount_depth":60.8},{"deal_name":"4/20 2025 - Edibles","uses":137,"revenue":4204.749999046326,"discounts":4232.750000953674,"units":450.0,"cost":3405.0,"margin":19.0,"discount_depth":100.4},{"deal_name":"Industry 30% Off","uses":86,"revenue":3086.25,"discounts":1338.75,"units":236.0,"cost":1649.1749999905005,"margin":46.6,"discount_depth":60.6},{"deal_name":"Employee 30% - NOT FRIDAYS","uses":76,"revenue":3013.5000014305115,"discounts":1291.4999985694885,"units":228.0,"cost":1540.2750073792413,"margin":48.9,"discount_depth":60.0},{"deal_name":"Senior - 10% Off","uses":70,"revenue":3417.7500009536743,"discounts":379.74999994039536,"units":202.0,"cost":1679.7750038141385,"margin":50.9,"discount_depth":20.0},{"deal_name":"Employee - 40% OFF","uses":56,"revenue":2160.0,"discounts":1440.0,"units":192.0,"cost":1339.1750035667792,"margin":38.0,"discount_depth":80.0},{"deal_name":"Senior / Veterans - 20% Off","uses":46,"revenue":2130.0,"discounts":532.5,"units":142.0,"cost":1174.5750052435324,"margin":44.9,"discount_depth":40.0},{"deal_name":"Veterans - 10% Off","uses":40,"revenue":2270.2500009536743,"discounts":252.24999994039536,"units":134.0,"cost":909.0000035753474,"margin":60.0,"discount_depth":20.0},{"deal_name":"Jackpot - Locals 30% Off","uses":34,"revenue":1207.5,"discounts":517.5,"units":92.0,"cost":635.9250028571114,"margin":47.3,"discount_depth":60.0},{"deal_name":"LVAC - 25% Off","uses":10,"revenue":365.625,"discounts":121.875,"units":26.0,"cost":213.00000071525574,"margin":41.7,"discount_depth":50.0},{"deal_name":"30% Off Special","uses":2,"revenue":52.5,"discounts":22.5,"units":4.0,"cost":32.5,"margin":38.1,"discount_depth":60.0},{"deal_name":"Veterans Day - 30% Off For Veterans!","uses":2,"revenue":78.75,"discounts":33.75,"units":6.0,"cost":48.00000071525574,"margin":39.0,"discount_depth":60.0},{"deal_name":"Medical - 10%","uses":1,"revenue":67.5,"discounts":7.5,"units":4.0,"cost":32.00000047683716,"margin":52.6,"discount_depth":20.0},{"deal_name":"Senior Sunday - RENO ONLY - 20% Off","uses":1,"revenue":60.0,"discounts":15.0,"units":4.0,"cost":32.5,"margin":45.8,"discount_depth":40.0}]},"growth_opportunities":[{"type":"distribution","title":"Expand to Elevation Downtown","detail":"Store has $141,772 in EDIBLE \u2014 categories where INCREDIBLES competes.","priority":"high"},{"type":"velocity","title":"Improve velocity in EDIBLE","detail":"Velocity index 12 (below category average). 4.3 units/day vs 35.0 avg.","priority":"medium"}],"trend":[{"period":"2024-10","revenue":8847.39990234375,"cost":4591.750183105469,"margin":48.1,"units":530,"transactions":322,"profit":4255.6500244140625,"revenue_change_pct":null,"units_change_pct":null,"margin_change_pts":null},{"period":"2024-11","revenue":16517.249755859375,"cost":7751.25,"margin":53.1,"units":952,"transactions":650,"profit":8766.000366210938,"revenue_change_pct":86.7,"units_change_pct":79.6,"margin_change_pts":5.0},{"period":"2024-12","revenue":4201.499938964844,"cost":1856.0000610351562,"margin":55.8,"units":232,"transactions":188,"profit":2345.500030517578,"revenue_change_pct":-74.6,"units_change_pct":-75.6,"margin_change_pts":2.8},{"period":"2025-01","revenue":4810.0,"cost":1923.5249328613281,"margin":60.0,"units":290,"transactions":190,"profit":2886.4749145507812,"revenue_change_pct":14.5,"units_change_pct":25.0,"margin_change_pts":4.2},{"period":"2025-02","revenue":13497.5,"cost":5954.4500732421875,"margin":55.9,"units":820,"transactions":588,"profit":7543.0499267578125,"revenue_change_pct":180.6,"units_change_pct":182.8,"margin_change_pts":-4.1},{"period":"2025-03","revenue":11694.749755859375,"cost":5546.9000244140625,"margin":52.6,"units":690,"transactions":420,"profit":6147.8497314453125,"revenue_change_pct":-13.4,"units_change_pct":-15.9,"margin_change_pts":-3.3},{"period":"2025-04","revenue":13566.25,"cost":7777.5,"margin":42.7,"units":1024,"transactions":690,"profit":5788.75,"revenue_change_pct":16.0,"units_change_pct":48.4,"margin_change_pts":-9.9},{"period":"2025-05","revenue":18691.600341796875,"cost":7935.999755859375,"margin":57.5,"units":1116,"transactions":702,"profit":10755.599365234375,"revenue_change_pct":37.8,"units_change_pct":9.0,"margin_change_pts":14.9},{"period":"2025-06","revenue":12721.99951171875,"cost":5769.27490234375,"margin":54.7,"units":752,"transactions":504,"profit":6952.7252197265625,"revenue_change_pct":-31.9,"units_change_pct":-32.6,"margin_change_pts":-2.9},{"period":"2025-07","revenue":2048.125,"cost":780.3250122070312,"margin":61.9,"units":122,"transactions":104,"profit":1267.7999877929688,"revenue_change_pct":-83.9,"units_change_pct":-83.8,"margin_change_pts":7.2}]}