{"brand":"INCREDIBLES","date_range":"2024-01-01 00:00:00 to 2026-01-31 00:00:00","period_label":"All Time","summary":{"total_units":6528,"total_revenue":106596.3671875,"total_cost":49886.97265625,"total_discounts":17373.62548828125,"total_profit":56709.39453125,"overall_margin":53.20000076293945,"fp_margin":59.20000076293945,"disc_margin":43.099998474121094,"pct_full_price":62.599998474121094,"avg_discount_rate":14.0,"fp_revenue":66757.5,"disc_revenue":39838.8720703125,"unique_customers":3330,"brand":"INCREDIBLES","date_range":"2024-01-01 00:00:00 to 2026-01-31 00:00:00","months_count":20,"avg_monthly_cost":4988.7,"cost_per_unit":15.275,"primary_category":"EDIBLE","primary_cat_margin":50.0,"category_rank":19,"category_total":32,"margin_vs_category":3.200000047683716,"velocity_rank":20},"category_breakdown":[{"category_clean":"EDIBLE","units":6528,"revenue":106596.376953125,"cost":49886.9775390625,"profit":56709.3994140625,"discounts":17373.62548828125,"margin":53.20000076293945,"category_avg_margin":50.0,"vs_category":3.2,"rank":19.0,"total_brands":32.0}],"trend":[{"period":"2024-10","revenue":8847.39990234375,"cost":4591.750183105469,"margin":48.1,"units":530,"transactions":322,"profit":4255.6500244140625,"revenue_change_pct":null,"units_change_pct":null,"margin_change_pts":null},{"period":"2024-11","revenue":16517.249755859375,"cost":7751.25,"margin":53.1,"units":952,"transactions":650,"profit":8766.000366210938,"revenue_change_pct":86.7,"units_change_pct":79.6,"margin_change_pts":5.0},{"period":"2024-12","revenue":4201.499938964844,"cost":1856.0000610351562,"margin":55.8,"units":232,"transactions":188,"profit":2345.500030517578,"revenue_change_pct":-74.6,"units_change_pct":-75.6,"margin_change_pts":2.8},{"period":"2025-01","revenue":4810.0,"cost":1923.5249328613281,"margin":60.0,"units":290,"transactions":190,"profit":2886.4749145507812,"revenue_change_pct":14.5,"units_change_pct":25.0,"margin_change_pts":4.2},{"period":"2025-02","revenue":13497.5,"cost":5954.4500732421875,"margin":55.9,"units":820,"transactions":588,"profit":7543.0499267578125,"revenue_change_pct":180.6,"units_change_pct":182.8,"margin_change_pts":-4.1},{"period":"2025-03","revenue":11694.749755859375,"cost":5546.9000244140625,"margin":52.6,"units":690,"transactions":420,"profit":6147.8497314453125,"revenue_change_pct":-13.4,"units_change_pct":-15.9,"margin_change_pts":-3.3},{"period":"2025-04","revenue":13566.25,"cost":7777.5,"margin":42.7,"units":1024,"transactions":690,"profit":5788.75,"revenue_change_pct":16.0,"units_change_pct":48.4,"margin_change_pts":-9.9},{"period":"2025-05","revenue":18691.600341796875,"cost":7935.999755859375,"margin":57.5,"units":1116,"transactions":702,"profit":10755.599365234375,"revenue_change_pct":37.8,"units_change_pct":9.0,"margin_change_pts":14.9},{"period":"2025-06","revenue":12721.99951171875,"cost":5769.27490234375,"margin":54.7,"units":752,"transactions":504,"profit":6952.7252197265625,"revenue_change_pct":-31.9,"units_change_pct":-32.6,"margin_change_pts":-2.9},{"period":"2025-07","revenue":2048.125,"cost":780.3250122070312,"margin":61.9,"units":122,"transactions":104,"profit":1267.7999877929688,"revenue_change_pct":-83.9,"units_change_pct":-83.8,"margin_change_pts":7.2}],"share_of_category":[{"category":"EDIBLE","brand_revenue":106596.3671875,"category_revenue":29378492.5,"revenue_share_pct":0.4000000059604645,"brand_units":6528,"category_units":1706530,"units_share_pct":0.4}],"share_of_category_trend":{"EDIBLE":[{"period":"2024-01","brand_revenue":0.0,"category_revenue":1115754.921875,"share_pct":0.0},{"period":"2024-02","brand_revenue":0.0,"category_revenue":1235210.0,"share_pct":0.0},{"period":"2024-03","brand_revenue":0.0,"category_revenue":1273343.671875,"share_pct":0.0},{"period":"2024-04","brand_revenue":0.0,"category_revenue":1298159.0625,"share_pct":0.0},{"period":"2024-05","brand_revenue":0.0,"category_revenue":1215880.78125,"share_pct":0.0},{"period":"2024-06","brand_revenue":0.0,"category_revenue":1181362.421875,"share_pct":0.0},{"period":"2024-07","brand_revenue":0.0,"category_revenue":1128302.8125,"share_pct":0.0},{"period":"2024-08","brand_revenue":0.0,"category_revenue":1167724.921875,"share_pct":0.0},{"period":"2024-09","brand_revenue":0.0,"category_revenue":1114619.53125,"share_pct":0.0},{"period":"2024-10","brand_revenue":8847.39990234375,"category_revenue":1205149.0625,"share_pct":0.699999988079071},{"period":"2024-11","brand_revenue":16517.249755859375,"category_revenue":1236132.421875,"share_pct":1.2999999523162842},{"period":"2024-12","brand_revenue":4201.499938964844,"category_revenue":1207318.046875,"share_pct":0.30000001192092896},{"period":"2025-01","brand_revenue":4810.0,"category_revenue":1176202.578125,"share_pct":0.4000000059604645},{"period":"2025-02","brand_revenue":13497.5,"category_revenue":1097683.359375,"share_pct":1.2000000476837158},{"period":"2025-03","brand_revenue":11694.749755859375,"category_revenue":1228067.265625,"share_pct":1.0},{"period":"2025-04","brand_revenue":13566.25,"category_revenue":1290106.171875,"share_pct":1.100000023841858},{"period":"2025-05","brand_revenue":18691.600341796875,"category_revenue":1191670.3125,"share_pct":1.600000023841858},{"period":"2025-06","brand_revenue":12721.99951171875,"category_revenue":1110702.109375,"share_pct":1.100000023841858},{"period":"2025-07","brand_revenue":2048.125,"category_revenue":1096938.125,"share_pct":0.20000000298023224},{"period":"2025-08","brand_revenue":0.0,"category_revenue":1145920.859375,"share_pct":0.0},{"period":"2025-09","brand_revenue":0.0,"category_revenue":1070074.53125,"share_pct":0.0},{"period":"2025-10","brand_revenue":0.0,"category_revenue":1168865.78125,"share_pct":0.0},{"period":"2025-11","brand_revenue":0.0,"category_revenue":1192334.453125,"share_pct":0.0},{"period":"2025-12","brand_revenue":0.0,"category_revenue":1138094.375,"share_pct":0.0},{"period":"2026-01","brand_revenue":0.0,"category_revenue":1092874.21875,"share_pct":0.0}]},"discount_depth":[{"tier":"0% (Full Price)","transactions":2898,"pct_of_transactions":54.0,"revenue":66757.5,"avg_discount":0.0},{"tier":"1-10%","transactions":396,"pct_of_transactions":7.4,"revenue":8942.625122070312,"avg_discount":20.0},{"tier":"11-20%","transactions":170,"pct_of_transactions":3.2,"revenue":3797.449951171875,"avg_discount":39.599998474121094},{"tier":"21-30%","transactions":106,"pct_of_transactions":2.0,"revenue":1836.3749694824219,"avg_discount":52.400001525878906},{"tier":"31%+","transactions":642,"pct_of_transactions":12.0,"revenue":7989.9249267578125,"avg_discount":95.5999984741211}],"velocity":{"units_per_day":23.4,"revenue_per_day":382.0750045776367,"avg_units_per_txn":3.0,"days_of_data":279,"total_units":6528,"total_transactions":4358},"velocity_by_category":[{"category":"EDIBLE","brand_units_per_day":8.56,"category_avg_units_per_day":69.98,"velocity_index":12.2,"brand_rev_per_unit":13.06,"category_rev_per_unit":13.77,"brands_in_category":32}],"deals":[{"deal_name":"Industry - 30% Off","times_used":384,"units":546.0,"revenue":7155.500001907349,"discounts":3121.9999980926514,"cost":4061.550030261278,"profit":3093.9499609172344,"pre_discount_revenue":10277.5,"margin":43.2,"avg_discount":60.8},{"deal_name":"4/20 2025 - Edibles","times_used":274,"units":450.0,"revenue":4204.749999046326,"discounts":4232.750000953674,"cost":3405.0,"profit":799.7500002384186,"pre_discount_revenue":8437.5,"margin":19.0,"avg_discount":100.4},{"deal_name":"Industry 30% Off","times_used":172,"units":236.0,"revenue":3086.25,"discounts":1338.75,"cost":1649.1749999905005,"profit":1437.074990272522,"pre_discount_revenue":4425.0,"margin":46.6,"avg_discount":60.6},{"deal_name":"Employee 30% - NOT FRIDAYS","times_used":152,"units":228.0,"revenue":3013.5000014305115,"discounts":1291.4999985694885,"cost":1540.2750073792413,"profit":1473.2249820232391,"pre_discount_revenue":4305.0,"margin":48.9,"avg_discount":60.0},{"deal_name":"Senior - 10% Off","times_used":140,"units":202.0,"revenue":3417.7500009536743,"discounts":379.74999994039536,"cost":1679.7750038141385,"profit":1737.9749953746796,"pre_discount_revenue":3797.5,"margin":50.9,"avg_discount":20.0},{"deal_name":"Employee - 40% OFF","times_used":112,"units":192.0,"revenue":2160.0,"discounts":1440.0,"cost":1339.1750035667792,"profit":820.8249819278717,"pre_discount_revenue":3600.0,"margin":38.0,"avg_discount":80.0},{"deal_name":"Senior / Veterans - 20% Off","times_used":92,"units":142.0,"revenue":2130.0,"discounts":532.5,"cost":1174.5750052435324,"profit":955.4249930381775,"pre_discount_revenue":2662.5,"margin":44.9,"avg_discount":40.0},{"deal_name":"Veterans - 10% Off","times_used":80,"units":134.0,"revenue":2270.2500009536743,"discounts":252.24999994039536,"cost":909.0000035753474,"profit":1361.2499856948853,"pre_discount_revenue":2522.5,"margin":60.0,"avg_discount":20.0},{"deal_name":"Jackpot - Locals 30% Off","times_used":68,"units":92.0,"revenue":1207.5,"discounts":517.5,"cost":635.9250028571114,"profit":571.5749931335449,"pre_discount_revenue":1725.0,"margin":47.3,"avg_discount":60.0},{"deal_name":"LVAC - 25% Off","times_used":20,"units":26.0,"revenue":365.625,"discounts":121.875,"cost":213.00000071525574,"profit":152.62499928474426,"pre_discount_revenue":487.5,"margin":41.7,"avg_discount":50.0},{"deal_name":"30% Off Special","times_used":4,"units":4.0,"revenue":52.5,"discounts":22.5,"cost":32.5,"profit":20.0,"pre_discount_revenue":75.0,"margin":38.1,"avg_discount":60.0},{"deal_name":"Veterans Day - 30% Off For Veterans!","times_used":4,"units":6.0,"revenue":78.75,"discounts":33.75,"cost":48.00000071525574,"profit":30.749999284744263,"pre_discount_revenue":112.5,"margin":39.0,"avg_discount":60.0},{"deal_name":"Medical - 10%","times_used":2,"units":4.0,"revenue":67.5,"discounts":7.5,"cost":32.00000047683716,"profit":35.49999952316284,"pre_discount_revenue":75.0,"margin":52.6,"avg_discount":20.0},{"deal_name":"Senior Sunday - RENO ONLY - 20% Off","times_used":2,"units":4.0,"revenue":60.0,"discounts":15.0,"cost":32.5,"profit":27.5,"pre_discount_revenue":75.0,"margin":45.8,"avg_discount":40.0}],"top_products":[{"product":"STRAWBERRY CRUNCH CHOCOLATE BAR - INCREDIBLES","units":1580,"revenue":25297.62451171875,"cost":12802.5,"profit":12495.12451171875,"transactions":1344,"margin":49.400001525878906},{"product":"SIN CITY CHOCOLATE BAR - INCREDIBLES","units":1394,"revenue":23758.57421875,"cost":11269.49951171875,"profit":12489.07470703125,"transactions":1156,"margin":52.599998474121094},{"product":"PEANUT BUDDA BUDDHA CHOCOLATE BAR - INCREDIBLES","units":1282,"revenue":20628.44970703125,"cost":8743.875122070312,"profit":11884.5751953125,"transactions":1028,"margin":57.599998474121094},{"product":"MILE HIGH MINT CHOCOLATE BAR - INCREDIBLES","units":1126,"revenue":17584.825439453125,"cost":8984.249877929688,"profit":8600.574951171875,"transactions":922,"margin":48.900001525878906},{"product":"5:1 SNOOZZZEBERRY CHOCOLATE BAR - INCREDIBLES","units":848,"revenue":14410.12451171875,"cost":7651.25,"profit":6758.8751220703125,"transactions":658,"margin":46.900001525878906},{"product":"MONKEY BAR CHOCOLATE BAR - INCREDIBLES","units":298,"revenue":4916.77490234375,"cost":435.60001373291016,"profit":4481.1749267578125,"transactions":256,"margin":91.0999984741211}],"products_by_store":{"Elevation Springs":[{"product":"SIN CITY CHOCOLATE BAR - INCREDIBLES","units":298,"revenue":5085.0750732421875,"cost":2131.875,"profit":2953.2000732421875,"transactions":256,"margin":58.099998474121094},{"product":"STRAWBERRY CRUNCH CHOCOLATE BAR - INCREDIBLES","units":296,"revenue":4609.599914550781,"cost":2331.25,"profit":2278.350067138672,"transactions":254,"margin":49.400001525878906},{"product":"PEANUT BUDDA BUDDHA CHOCOLATE BAR - INCREDIBLES","units":198,"revenue":3225.3250122070312,"cost":1541.25,"profit":1684.0750122070312,"transactions":164,"margin":52.20000076293945},{"product":"MILE HIGH MINT CHOCOLATE BAR - INCREDIBLES","units":196,"revenue":3122.0748901367188,"cost":1523.9999389648438,"profit":1598.074951171875,"transactions":158,"margin":51.20000076293945},{"product":"5:1 SNOOZZZEBERRY CHOCOLATE BAR - INCREDIBLES","units":148,"revenue":2490.625,"cost":1318.75,"profit":1171.875,"transactions":110,"margin":47.099998474121094},{"product":"MONKEY BAR CHOCOLATE BAR - INCREDIBLES","units":48,"revenue":828.75,"cost":0.5999999865889549,"profit":828.1499481201172,"transactions":38,"margin":99.9000015258789}],"Elevation Mesa":[{"product":"STRAWBERRY CRUNCH CHOCOLATE BAR - INCREDIBLES","units":352,"revenue":5250.625,"cost":2986.25,"profit":2264.375,"transactions":290,"margin":43.099998474121094},{"product":"SIN CITY CHOCOLATE BAR - INCREDIBLES","units":252,"revenue":4145.0,"cost":2282.5,"profit":1862.5,"transactions":186,"margin":44.900001525878906},{"product":"PEANUT BUDDA BUDDHA CHOCOLATE BAR - INCREDIBLES","units":246,"revenue":3775.625,"cost":1618.2499694824219,"profit":2157.375030517578,"transactions":212,"margin":57.099998474121094},{"product":"MILE HIGH MINT CHOCOLATE BAR - INCREDIBLES","units":246,"revenue":3427.0748901367188,"cost":1931.25,"profit":1495.8250427246094,"transactions":204,"margin":43.599998474121094},{"product":"5:1 SNOOZZZEBERRY CHOCOLATE BAR - INCREDIBLES","units":150,"revenue":2448.125,"cost":1337.5,"profit":1110.625,"transactions":110,"margin":45.400001525878906},{"product":"MONKEY BAR CHOCOLATE BAR - INCREDIBLES","units":50,"revenue":738.75,"cost":0.625,"profit":738.125,"transactions":44,"margin":99.9000015258789}],"Elevation Oasis":[{"product":"PEANUT BUDDA BUDDHA CHOCOLATE BAR - INCREDIBLES","units":296,"revenue":5095.625,"cost":2033.125,"profit":3062.5,"transactions":212,"margin":60.099998474121094},{"product":"STRAWBERRY CRUNCH CHOCOLATE BAR - INCREDIBLES","units":298,"revenue":4811.050109863281,"cost":2391.4999389648438,"profit":2419.550018310547,"transactions":240,"margin":50.29999923706055},{"product":"SIN CITY CHOCOLATE BAR - INCREDIBLES","units":250,"revenue":4117.5,"cost":2056.4999389648438,"profit":2061.0000610351562,"transactions":190,"margin":50.099998474121094},{"product":"MILE HIGH MINT CHOCOLATE BAR - INCREDIBLES","units":250,"revenue":3964.2498779296875,"cost":2062.5,"profit":1901.7500305175781,"transactions":206,"margin":48.0},{"product":"5:1 SNOOZZZEBERRY CHOCOLATE BAR - INCREDIBLES","units":150,"revenue":2598.75,"cost":1437.5,"profit":1161.25,"transactions":112,"margin":44.70000076293945},{"product":"MONKEY BAR CHOCOLATE BAR - INCREDIBLES","units":50,"revenue":832.5,"cost":0.625,"profit":831.875,"transactions":44,"margin":99.9000015258789}],"Elevation Midtown":[{"product":"SIN CITY CHOCOLATE BAR - INCREDIBLES","units":200,"revenue":3465.0,"cost":1743.75,"profit":1721.25,"transactions":190,"margin":49.70000076293945},{"product":"STRAWBERRY CRUNCH CHOCOLATE BAR - INCREDIBLES","units":198,"revenue":3141.35009765625,"cost":1565.0,"profit":1576.3499450683594,"transactions":176,"margin":50.20000076293945},{"product":"PEANUT BUDDA BUDDHA CHOCOLATE BAR - INCREDIBLES","units":196,"revenue":3106.7498779296875,"cost":1151.875,"profit":1954.8750305175781,"transactions":164,"margin":62.900001525878906},{"product":"5:1 SNOOZZZEBERRY CHOCOLATE BAR - INCREDIBLES","units":150,"revenue":2685.0,"cost":1337.5,"profit":1347.5,"transactions":110,"margin":50.20000076293945},{"product":"MILE HIGH MINT CHOCOLATE BAR - INCREDIBLES","units":146,"revenue":2442.675018310547,"cost":1148.75,"profit":1293.9250183105469,"transactions":112,"margin":53.0},{"product":"MONKEY BAR CHOCOLATE BAR - INCREDIBLES","units":50,"revenue":834.2749786376953,"cost":0.625,"profit":833.6499786376953,"transactions":38,"margin":99.9000015258789}],"Elevation Boulevard":[{"product":"STRAWBERRY CRUNCH CHOCOLATE BAR - INCREDIBLES","units":198,"revenue":2875.0,"cost":1565.2499389648438,"profit":1309.7500610351562,"transactions":168,"margin":45.599998474121094},{"product":"PEANUT BUDDA BUDDHA CHOCOLATE BAR - INCREDIBLES","units":200,"revenue":2766.0000610351562,"cost":1181.875,"profit":1584.1250610351562,"transactions":150,"margin":57.29999923706055},{"product":"SIN CITY CHOCOLATE BAR - INCREDIBLES","units":148,"revenue":2357.5,"cost":1256.25,"profit":1101.25,"transactions":124,"margin":46.70000076293945},{"product":"5:1 SNOOZZZEBERRY CHOCOLATE BAR - INCREDIBLES","units":150,"revenue":2231.875,"cost":1337.5,"profit":894.375,"transactions":122,"margin":40.099998474121094},{"product":"MILE HIGH MINT CHOCOLATE BAR - INCREDIBLES","units":150,"revenue":2116.25,"cost":1181.25,"profit":935.0,"transactions":122,"margin":44.20000076293945},{"product":"MONKEY BAR CHOCOLATE BAR - INCREDIBLES","units":50,"revenue":778.75,"cost":0.625,"profit":778.125,"transactions":42,"margin":99.9000015258789}],"Elevation Parkway":[{"product":"STRAWBERRY CRUNCH CHOCOLATE BAR - INCREDIBLES","units":238,"revenue":4610.0,"cost":1963.2499694824219,"profit":2646.7501831054688,"transactions":216,"margin":57.400001525878906},{"product":"SIN CITY CHOCOLATE BAR - INCREDIBLES","units":246,"revenue":4588.500061035156,"cost":1798.6250305175781,"profit":2789.8748779296875,"transactions":210,"margin":60.79999923706055},{"product":"PEANUT BUDDA BUDDHA CHOCOLATE BAR - INCREDIBLES","units":146,"revenue":2659.1250610351562,"cost":1217.5,"profit":1441.6250610351562,"transactions":126,"margin":54.20000076293945},{"product":"MILE HIGH MINT CHOCOLATE BAR - INCREDIBLES","units":138,"revenue":2512.5,"cost":1136.500015258789,"profit":1376.0000610351562,"transactions":120,"margin":54.79999923706055},{"product":"5:1 SNOOZZZEBERRY CHOCOLATE BAR - INCREDIBLES","units":100,"revenue":1955.7499694824219,"cost":882.5,"profit":1073.2500457763672,"transactions":94,"margin":54.900001525878906},{"product":"MONKEY BAR CHOCOLATE BAR - INCREDIBLES","units":50,"revenue":903.75,"cost":432.5,"profit":471.25,"transactions":50,"margin":52.099998474121094}]},"store_summary":[{"store_clean":"Elevation Oasis","units":1294,"revenue":21419.67529296875,"cost":9981.749877929688,"profit":11437.9248046875,"discounts":2842.8250122070312,"margin":53.400001525878906,"discount_rate":11.699999809265137},{"store_clean":"Elevation Mesa","units":1296,"revenue":19785.2001953125,"cost":10156.375122070312,"profit":9628.825073242188,"discounts":4514.800109863281,"margin":48.70000076293945,"discount_rate":18.600000381469727},{"store_clean":"Elevation Springs","units":1184,"revenue":19361.4501953125,"cost":8847.725219726562,"profit":10513.7255859375,"discounts":2908.5501098632812,"margin":54.29999923706055,"discount_rate":13.100000381469727},{"store_clean":"Elevation Parkway","units":918,"revenue":17229.625244140625,"cost":7430.875244140625,"profit":9798.75,"discounts":1402.8750610351562,"margin":56.900001525878906,"discount_rate":7.5},{"store_clean":"Elevation Midtown","units":940,"revenue":15675.050048828125,"cost":6947.5,"profit":8727.550048828125,"discounts":2029.949951171875,"margin":55.70000076293945,"discount_rate":11.5},{"store_clean":"Elevation Boulevard","units":896,"revenue":13125.374755859375,"cost":6522.750244140625,"profit":6602.6251220703125,"discounts":3674.6249389648438,"margin":50.29999923706055,"discount_rate":21.899999618530273}],"recommendations":[{"severity":"info","title":"VOLUME LEVERAGE","detail":"$42,639 revenue provides negotiating leverage.","action":"Use volume as leverage in next vendor meeting."}],"comparison":null}