{"brand":"KEEF","date_range":"2024-01-01 00:00:00 to 2026-01-31 00:00:00","period_label":"All Time","summary":{"total_units":60070,"total_revenue":677924.84375,"total_cost":313634.140625,"total_discounts":152625.15625,"total_profit":364290.7421875,"overall_margin":53.70000076293945,"fp_margin":62.400001525878906,"disc_margin":47.0,"pct_full_price":43.599998474121094,"avg_discount_rate":18.399999618530273,"fp_revenue":295840.0,"disc_revenue":382084.84375,"brand":"KEEF","date_range":"2024-01-01 00:00:00 to 2026-01-31 00:00:00","primary_category":"EDIBLE","store_coverage":"7/7","stores_present":["Elevation Springs","Elevation Mesa","Elevation Oasis","Elevation Downtown","Elevation Midtown","Elevation Boulevard","Elevation Parkway"],"stores_missing":[],"velocity_rank":10,"velocity_total":32},"distribution":[{"store":"Elevation Springs","carries_brand":true,"sku_count":22,"revenue":127171.42578125,"units":11306,"store_total_revenue":51138750.0,"brand_share_pct":0.20000000298023224},{"store":"Elevation Mesa","carries_brand":true,"sku_count":22,"revenue":106704.052734375,"units":9574,"store_total_revenue":47532240.0,"brand_share_pct":0.20000000298023224},{"store":"Elevation Oasis","carries_brand":true,"sku_count":22,"revenue":141073.203125,"units":11810,"store_total_revenue":56050145.0,"brand_share_pct":0.30000001192092896},{"store":"Elevation Downtown","carries_brand":true,"sku_count":20,"revenue":16724.7509765625,"units":1594,"store_total_revenue":1945237.1875,"brand_share_pct":0.8999999761581421},{"store":"Elevation Midtown","carries_brand":true,"sku_count":22,"revenue":127004.423828125,"units":11748,"store_total_revenue":30850185.0,"brand_share_pct":0.4000000059604645},{"store":"Elevation Boulevard","carries_brand":true,"sku_count":22,"revenue":75290.8544921875,"units":7040,"store_total_revenue":28757865.0,"brand_share_pct":0.30000001192092896},{"store":"Elevation Parkway","carries_brand":true,"sku_count":22,"revenue":83956.15234375,"units":6998,"store_total_revenue":21987007.5,"brand_share_pct":0.4000000059604645}],"share_of_category":[{"category":"EDIBLE","brand_revenue":677924.84375,"category_revenue":29378492.5,"revenue_share_pct":2.299999952316284,"brand_units":60070,"category_units":1706530,"units_share_pct":3.5}],"share_of_category_trend":{"EDIBLE":[{"period":"2024-01","brand_revenue":0.0,"category_revenue":1115754.921875,"share_pct":0.0},{"period":"2024-02","brand_revenue":1157.5,"category_revenue":1235210.0,"share_pct":0.10000000149011612},{"period":"2024-03","brand_revenue":16109.49951171875,"category_revenue":1273343.671875,"share_pct":1.2999999523162842},{"period":"2024-04","brand_revenue":21214.7509765625,"category_revenue":1298159.0625,"share_pct":1.600000023841858},{"period":"2024-05","brand_revenue":26308.44970703125,"category_revenue":1215880.78125,"share_pct":2.200000047683716},{"period":"2024-06","brand_revenue":28337.32421875,"category_revenue":1181362.421875,"share_pct":2.4000000953674316},{"period":"2024-07","brand_revenue":25109.6240234375,"category_revenue":1128302.8125,"share_pct":2.200000047683716},{"period":"2024-08","brand_revenue":25871.75048828125,"category_revenue":1167724.921875,"share_pct":2.200000047683716},{"period":"2024-09","brand_revenue":20993.00048828125,"category_revenue":1114619.53125,"share_pct":1.899999976158142},{"period":"2024-10","brand_revenue":23756.57470703125,"category_revenue":1205149.0625,"share_pct":2.0},{"period":"2024-11","brand_revenue":27040.12451171875,"category_revenue":1236132.421875,"share_pct":2.200000047683716},{"period":"2024-12","brand_revenue":29582.099609375,"category_revenue":1207318.046875,"share_pct":2.5},{"period":"2025-01","brand_revenue":29900.52490234375,"category_revenue":1176202.578125,"share_pct":2.5},{"period":"2025-02","brand_revenue":24077.37548828125,"category_revenue":1097683.359375,"share_pct":2.200000047683716},{"period":"2025-03","brand_revenue":27081.79931640625,"category_revenue":1228067.265625,"share_pct":2.200000047683716},{"period":"2025-04","brand_revenue":31633.92578125,"category_revenue":1290106.171875,"share_pct":2.5},{"period":"2025-05","brand_revenue":31773.04931640625,"category_revenue":1191670.3125,"share_pct":2.700000047683716},{"period":"2025-06","brand_revenue":32137.94921875,"category_revenue":1110702.109375,"share_pct":2.9000000953674316},{"period":"2025-07","brand_revenue":29461.99951171875,"category_revenue":1096938.125,"share_pct":2.700000047683716},{"period":"2025-08","brand_revenue":30811.4990234375,"category_revenue":1145920.859375,"share_pct":2.700000047683716},{"period":"2025-09","brand_revenue":35294.05029296875,"category_revenue":1070074.53125,"share_pct":3.299999952316284},{"period":"2025-10","brand_revenue":35552.77587890625,"category_revenue":1168865.78125,"share_pct":3.0},{"period":"2025-11","brand_revenue":43286.474609375,"category_revenue":1192334.453125,"share_pct":3.5999999046325684},{"period":"2025-12","brand_revenue":34971.79931640625,"category_revenue":1138094.375,"share_pct":3.0999999046325684},{"period":"2026-01","brand_revenue":46460.9228515625,"category_revenue":1092874.21875,"share_pct":4.300000190734863}]},"velocity_by_category":[{"category":"EDIBLE","brand_units_per_day":78.84,"category_avg_units_per_day":69.98,"velocity_index":112.6,"brand_rev_per_unit":9.03,"category_rev_per_unit":13.77,"brands_in_category":32}],"store_gaps":[],"product_mix":{"top":[{"product":"BUBBA KUSH ROOT BEER SODA - KEEF","units":14058,"revenue":146945.029296875,"cost":69003.798828125,"profit":77941.2255859375,"stores":7,"transactions":9448,"margin":53.0},{"product":"ORANGE KUSH SODA - KEEF","units":13450,"revenue":139159.19921875,"cost":62142.2509765625,"profit":77016.9482421875,"stores":7,"transactions":9298,"margin":55.29999923706055},{"product":"PURPLE PASSION SODA - KEEF","units":12878,"revenue":132900.673828125,"cost":60908.6767578125,"profit":71992.001953125,"stores":7,"transactions":8582,"margin":54.20000076293945},{"product":"ORIGINAL COLA SODA - KEEF","units":4850,"revenue":67112.0751953125,"cost":34180.6005859375,"profit":32931.474609375,"stores":7,"transactions":3446,"margin":49.099998474121094},{"product":"MR PUFFER SODA - KEEF","units":3650,"revenue":50217.451171875,"cost":25283.076171875,"profit":24934.375,"stores":7,"transactions":2686,"margin":49.70000076293945},{"product":"PINEAPPLE MOCKTAIL - KEEF","units":2802,"revenue":34511.875,"cost":14718.399658203125,"profit":19793.475341796875,"stores":7,"transactions":1936,"margin":57.400001525878906},{"product":"LEMONADE MOCKTAIL - KEEF","units":2740,"revenue":33509.1259765625,"cost":13844.07470703125,"profit":19665.050048828125,"stores":7,"transactions":1974,"margin":58.70000076293945},{"product":"FRUIT PUNCH MOCKTAIL - KEEF","units":2638,"revenue":32948.62548828125,"cost":13618.24951171875,"profit":19330.374755859375,"stores":7,"transactions":1942,"margin":58.70000076293945},{"product":"PINEAPPLE X-PRESS SODA - KEEF","units":1214,"revenue":15929.100341796875,"cost":7615.0,"profit":8314.100341796875,"stores":7,"transactions":964,"margin":52.20000076293945},{"product":"BLUE RAZZ SODA - KEEF","units":906,"revenue":13243.75,"cost":6795.0,"profit":6448.75,"stores":6,"transactions":732,"margin":48.70000076293945},{"product":"HIGH OCTANE ENERGY SODA - KEEF","units":884,"revenue":11447.950439453125,"cost":5525.0,"profit":5922.9498291015625,"stores":7,"transactions":682,"margin":51.70000076293945}],"bottom":[],"expansion":[{"product":"BLUE RAZZ SODA - KEEF","current_stores":6,"total_stores":7,"missing_stores":["Elevation Downtown"],"revenue":13243.75}]},"pricing_consistency":[{"product":"ORANGE KUSH SODA - KEEF","min_price":17.387566137566136,"max_price":22.463413523204288,"avg_price":20.265964297416474,"std_dev":0.6943925023645873,"store_count":14,"price_range":5.075847385638152,"range_pct":25.0},{"product":"BUBBA KUSH ROOT BEER SODA - KEEF","min_price":18.37878787878788,"max_price":22.808587758819016,"avg_price":20.600171160353927,"std_dev":0.7093388296258085,"store_count":14,"price_range":4.429799880031138,"range_pct":21.5},{"product":"HIGH OCTANE ENERGY SODA - KEEF","min_price":24.568178581468985,"max_price":29.666664123535156,"avg_price":26.269685377693545,"std_dev":0.6550541195167077,"store_count":14,"price_range":5.098485542066173,"range_pct":19.4},{"product":"PURPLE PASSION SODA - KEEF","min_price":18.417355876323604,"max_price":22.376297660495922,"avg_price":20.405192715209978,"std_dev":0.5549239119827961,"store_count":14,"price_range":3.9589417841723185,"range_pct":19.4},{"product":"MR PUFFER SODA - KEEF","min_price":25.3125,"max_price":30.502144949776785,"avg_price":27.512825073385365,"std_dev":0.6293302083320828,"store_count":14,"price_range":5.189644949776784,"range_pct":18.9},{"product":"BLUE RAZZ SODA - KEEF","min_price":26.39706395253414,"max_price":31.5,"avg_price":29.44052491667326,"std_dev":0.7006861988551918,"store_count":12,"price_range":5.10293604746586,"range_pct":17.3},{"product":"LEMONADE MOCKTAIL - KEEF","min_price":22.315896094878976,"max_price":26.553695015285328,"avg_price":24.67650756554448,"std_dev":0.6459399929026695,"store_count":14,"price_range":4.237798920406353,"range_pct":17.2},{"product":"PINEAPPLE MOCKTAIL - KEEF","min_price":22.785750473101523,"max_price":26.28901686623832,"avg_price":24.44197279999785,"std_dev":0.5148896371005715,"store_count":14,"price_range":3.503266393136797,"range_pct":14.3},{"product":"ORIGINAL COLA SODA - KEEF","min_price":26.05697844749273,"max_price":29.923612307878884,"avg_price":27.638791574241278,"std_dev":0.6038690051064466,"store_count":14,"price_range":3.8666338603861483,"range_pct":14.0},{"product":"PINEAPPLE X-PRESS SODA - KEEF","min_price":24.583693794582203,"max_price":27.905263800370065,"avg_price":26.439676520626175,"std_dev":0.5203479857411274,"store_count":14,"price_range":3.321570005787864,"range_pct":12.6},{"product":"FRUIT PUNCH MOCKTAIL - KEEF","min_price":24.025684703480113,"max_price":26.844978506706624,"avg_price":25.063428827772363,"std_dev":0.4646859644925246,"store_count":14,"price_range":2.8192938032265102,"range_pct":11.2}],"promotional_effectiveness":{"lift":{"fp_units_per_day":31.58,"disc_units_per_day":54.04,"lift_pct":71.1,"fp_avg_revenue_per_unit":27.0,"disc_avg_revenue_per_unit":20.025},"by_deal":[{"deal_name":"Industry - 30% Off","uses":1639,"revenue":59588.77524316311,"discounts":25786.224172711372,"units":5704.0,"cost":32795.14986350667,"margin":45.0,"discount_depth":60.4},{"deal_name":"Industry 30% Off","uses":1064,"revenue":42323.95418862502,"discounts":18433.545197645824,"units":4140.333333333333,"cost":23080.88323103109,"margin":45.5,"discount_depth":60.6},{"deal_name":"Lit4Less - Edibles 4 for $40","uses":760,"revenue":65943.69999945164,"discounts":24621.29999756813,"units":5294.0,"cost":33137.624999997206,"margin":49.7,"discount_depth":54.4},{"deal_name":"4/20 2025 - Edibles","uses":367,"revenue":11834.549998044968,"discounts":11955.450004339218,"units":1702.0,"cost":9988.874959945679,"margin":15.6,"discount_depth":100.6},{"deal_name":"Lit4Less - Keef 10mg 4 for $20","uses":325,"revenue":22896.875,"discounts":4623.125,"units":3664.0,"cost":10776.249741315842,"margin":52.9,"discount_depth":33.6},{"deal_name":"Veterans - 10% Off","uses":293,"revenue":14904.350344836712,"discounts":1715.649984329939,"units":1082.0,"cost":6418.924985677004,"margin":56.9,"discount_depth":20.6},{"deal_name":"Senior - 10% Off","uses":242,"revenue":10279.2502450943,"discounts":1220.7499967515469,"units":798.0,"cost":4331.087481388822,"margin":57.9,"discount_depth":21.2},{"deal_name":"Jackpot - Locals 30% Off","uses":218,"revenue":7556.5000104904175,"discounts":3238.499890565872,"units":766.0,"cost":4265.249979016371,"margin":43.6,"discount_depth":60.0},{"deal_name":"GW - 50% Off Edibles","uses":212,"revenue":7438.9999985694885,"discounts":7426.0000014305115,"units":1032.0,"cost":4664.924986343831,"margin":37.3,"discount_depth":100.0},{"deal_name":"50% Off - G2B","uses":203,"revenue":8969.387500286102,"discounts":9005.612499713898,"units":1246.0,"cost":6773.149984502234,"margin":24.5,"discount_depth":100.2},{"deal_name":"Stock n Save - Keef 100mg - 4 for $45","uses":174,"revenue":24368.374996185303,"discounts":4346.625000238419,"units":1722.0,"cost":11960.19999999553,"margin":50.9,"discount_depth":30.2},{"deal_name":"Employee 30% - NOT FRIDAYS","uses":174,"revenue":5696.337552964687,"discounts":2456.1623990535736,"units":503.0,"cost":3147.6499954611063,"margin":44.7,"discount_depth":60.2},{"deal_name":"Lit4Less - Keef 100mg - 4 for $40","uses":130,"revenue":16305.0,"discounts":5800.0,"units":1306.0,"cost":8218.224999988452,"margin":49.6,"discount_depth":52.4},{"deal_name":"30% Off Special","uses":123,"revenue":4186.624963283539,"discounts":1833.3749508857727,"units":377.0,"cost":2279.0249999938533,"margin":45.6,"discount_depth":61.0},{"deal_name":"4/20 40% Off!!!!","uses":113,"revenue":4033.4998750686646,"discounts":2701.4999639987946,"units":470.0,"cost":1432.2749927965924,"margin":64.5,"discount_depth":80.2},{"deal_name":"Stock n Save - Keef 10mg 4 for $20","uses":98,"revenue":7772.5,"discounts":1437.5,"units":1228.0,"cost":3384.949956825003,"margin":56.4,"discount_depth":31.2},{"deal_name":"Employee - 40% OFF","uses":86,"revenue":2819.8249077796936,"discounts":1905.174970626831,"units":282.0,"cost":1838.8499983260408,"margin":34.8,"discount_depth":80.6},{"deal_name":"Senior / Veterans - 20% Off","uses":65,"revenue":2153.625002205372,"discounts":558.8749995827675,"units":203.0,"cost":1043.8499928452075,"margin":51.5,"discount_depth":41.2},{"deal_name":"Keef 100mg 3 for $30","uses":61,"revenue":4720.0,"discounts":1860.0,"units":376.0,"cost":2595.374999991618,"margin":45.0,"discount_depth":56.6},{"deal_name":"LVAC - 25% Off","uses":28,"revenue":1567.5,"discounts":522.5,"units":130.0,"cost":816.8249995214865,"margin":47.9,"discount_depth":50.0}]},"growth_opportunities":[{"type":"sku_expansion","title":"Add 'BLUE RAZZ SODA - KEEF' to 1 more store(s)","detail":"Carried in 6 stores. Missing from: Elevation Downtown","priority":"medium"}],"trend":[{"period":"2024-02","revenue":1157.5,"cost":422.99999237060547,"margin":63.5,"units":144,"transactions":64,"profit":734.5000457763672,"revenue_change_pct":null,"units_change_pct":null,"margin_change_pts":null},{"period":"2024-03","revenue":16109.49951171875,"cost":6797.7496337890625,"margin":57.8,"units":1522,"transactions":750,"profit":9311.749877929688,"revenue_change_pct":1291.7,"units_change_pct":956.9,"margin_change_pts":-5.7},{"period":"2024-04","revenue":21214.7509765625,"cost":7507.0501708984375,"margin":64.6,"units":1944,"transactions":976,"profit":13707.7001953125,"revenue_change_pct":31.7,"units_change_pct":27.7,"margin_change_pts":6.8},{"period":"2024-05","revenue":26308.44970703125,"cost":9076.77490234375,"margin":65.5,"units":1926,"transactions":1110,"profit":17231.6748046875,"revenue_change_pct":24.0,"units_change_pct":-0.9,"margin_change_pts":0.9},{"period":"2024-06","revenue":28337.32421875,"cost":12957.449951171875,"margin":54.3,"units":2408,"transactions":1212,"profit":15379.87548828125,"revenue_change_pct":7.7,"units_change_pct":25.0,"margin_change_pts":-11.2},{"period":"2024-07","revenue":25109.6240234375,"cost":11980.50048828125,"margin":52.3,"units":1904,"transactions":1052,"profit":13129.124755859375,"revenue_change_pct":-11.4,"units_change_pct":-20.9,"margin_change_pts":-2.0},{"period":"2024-08","revenue":25871.75048828125,"cost":11947.125244140625,"margin":53.8,"units":2312,"transactions":1252,"profit":13924.625244140625,"revenue_change_pct":3.0,"units_change_pct":21.4,"margin_change_pts":1.5},{"period":"2024-09","revenue":20993.00048828125,"cost":9946.624755859375,"margin":52.6,"units":1690,"transactions":960,"profit":11046.37451171875,"revenue_change_pct":-18.9,"units_change_pct":-26.9,"margin_change_pts":-1.2},{"period":"2024-10","revenue":23756.57470703125,"cost":9854.600219726562,"margin":58.5,"units":1868,"transactions":1062,"profit":13901.97509765625,"revenue_change_pct":13.2,"units_change_pct":10.5,"margin_change_pts":5.9},{"period":"2024-11","revenue":27040.12451171875,"cost":11248.00048828125,"margin":58.4,"units":2668,"transactions":1402,"profit":15792.125244140625,"revenue_change_pct":13.8,"units_change_pct":42.8,"margin_change_pts":-0.1},{"period":"2024-12","revenue":29582.099609375,"cost":12061.700439453125,"margin":59.2,"units":2518,"transactions":1442,"profit":17520.400390625,"revenue_change_pct":9.4,"units_change_pct":-5.6,"margin_change_pts":0.8},{"period":"2025-01","revenue":29900.52490234375,"cost":13936.500244140625,"margin":53.4,"units":2432,"transactions":1392,"profit":15964.024658203125,"revenue_change_pct":1.1,"units_change_pct":-3.4,"margin_change_pts":-5.8},{"period":"2025-02","revenue":24077.37548828125,"cost":11578.00048828125,"margin":51.9,"units":2072,"transactions":1198,"profit":12499.375,"revenue_change_pct":-19.5,"units_change_pct":-14.8,"margin_change_pts":-1.5},{"period":"2025-03","revenue":27081.79931640625,"cost":13245.999755859375,"margin":51.1,"units":2306,"transactions":1166,"profit":13835.799560546875,"revenue_change_pct":12.5,"units_change_pct":11.3,"margin_change_pts":-0.8},{"period":"2025-04","revenue":31633.92578125,"cost":19710.775146484375,"margin":37.7,"units":3418,"transactions":1626,"profit":11923.1494140625,"revenue_change_pct":16.8,"units_change_pct":48.2,"margin_change_pts":-13.4},{"period":"2025-05","revenue":31773.04931640625,"cost":14670.72509765625,"margin":53.8,"units":2652,"transactions":1408,"profit":17102.325439453125,"revenue_change_pct":0.4,"units_change_pct":-22.4,"margin_change_pts":16.1},{"period":"2025-06","revenue":32137.94921875,"cost":15138.62548828125,"margin":52.9,"units":2800,"transactions":1344,"profit":16999.324951171875,"revenue_change_pct":1.1,"units_change_pct":5.6,"margin_change_pts":-0.9},{"period":"2025-07","revenue":29461.99951171875,"cost":14037.674560546875,"margin":52.4,"units":2534,"transactions":1288,"profit":15424.324951171875,"revenue_change_pct":-8.3,"units_change_pct":-9.5,"margin_change_pts":-0.5},{"period":"2025-08","revenue":30811.4990234375,"cost":13495.150146484375,"margin":56.2,"units":2844,"transactions":1360,"profit":17316.35009765625,"revenue_change_pct":4.6,"units_change_pct":12.2,"margin_change_pts":3.8},{"period":"2025-09","revenue":35294.05029296875,"cost":16219.775390625,"margin":54.0,"units":3206,"transactions":1386,"profit":19074.27490234375,"revenue_change_pct":14.5,"units_change_pct":12.7,"margin_change_pts":-2.2},{"period":"2025-10","revenue":35552.77587890625,"cost":16850.474853515625,"margin":52.6,"units":3322,"transactions":1484,"profit":18702.2998046875,"revenue_change_pct":0.7,"units_change_pct":3.6,"margin_change_pts":-1.4},{"period":"2025-11","revenue":43286.474609375,"cost":22810.10009765625,"margin":47.3,"units":4316,"transactions":1754,"profit":20476.375732421875,"revenue_change_pct":21.8,"units_change_pct":29.9,"margin_change_pts":-5.3},{"period":"2025-12","revenue":34971.79931640625,"cost":16330.50048828125,"margin":53.3,"units":3192,"transactions":1376,"profit":18641.300048828125,"revenue_change_pct":-19.2,"units_change_pct":-26.0,"margin_change_pts":6.0},{"period":"2026-01","revenue":46460.9228515625,"cost":21809.25048828125,"margin":53.1,"units":4072,"transactions":1706,"profit":24651.6748046875,"revenue_change_pct":32.9,"units_change_pct":27.6,"margin_change_pts":-0.2}]}