{"brand":"KEEF","date_range":"2024-01-01 00:00:00 to 2026-01-31 00:00:00","period_label":"All Time","summary":{"total_units":60070,"total_revenue":677924.84375,"total_cost":313634.140625,"total_discounts":152625.15625,"total_profit":364290.7421875,"overall_margin":53.70000076293945,"fp_margin":62.400001525878906,"disc_margin":47.0,"pct_full_price":43.599998474121094,"avg_discount_rate":18.399999618530273,"fp_revenue":295840.0,"disc_revenue":382084.84375,"unique_customers":16578,"brand":"KEEF","date_range":"2024-01-01 00:00:00 to 2026-01-31 00:00:00","months_count":48,"avg_monthly_cost":13068.099999999999,"cost_per_unit":10.45,"primary_category":"EDIBLE","primary_cat_margin":50.0,"category_rank":11,"category_total":32,"margin_vs_category":3.700000047683716,"velocity_rank":10},"category_breakdown":[{"category_clean":"EDIBLE","units":60070,"revenue":677924.84375,"cost":313634.12109375,"profit":364290.7421875,"discounts":152625.146484375,"margin":53.70000076293945,"category_avg_margin":50.0,"vs_category":3.7,"rank":11.0,"total_brands":32.0}],"trend":[{"period":"2024-02","revenue":1157.5,"cost":422.99999237060547,"margin":63.5,"units":144,"transactions":64,"profit":734.5000457763672,"revenue_change_pct":null,"units_change_pct":null,"margin_change_pts":null},{"period":"2024-03","revenue":16109.49951171875,"cost":6797.7496337890625,"margin":57.8,"units":1522,"transactions":750,"profit":9311.749877929688,"revenue_change_pct":1291.7,"units_change_pct":956.9,"margin_change_pts":-5.7},{"period":"2024-04","revenue":21214.7509765625,"cost":7507.0501708984375,"margin":64.6,"units":1944,"transactions":976,"profit":13707.7001953125,"revenue_change_pct":31.7,"units_change_pct":27.7,"margin_change_pts":6.8},{"period":"2024-05","revenue":26308.44970703125,"cost":9076.77490234375,"margin":65.5,"units":1926,"transactions":1110,"profit":17231.6748046875,"revenue_change_pct":24.0,"units_change_pct":-0.9,"margin_change_pts":0.9},{"period":"2024-06","revenue":28337.32421875,"cost":12957.449951171875,"margin":54.3,"units":2408,"transactions":1212,"profit":15379.87548828125,"revenue_change_pct":7.7,"units_change_pct":25.0,"margin_change_pts":-11.2},{"period":"2024-07","revenue":25109.6240234375,"cost":11980.50048828125,"margin":52.3,"units":1904,"transactions":1052,"profit":13129.124755859375,"revenue_change_pct":-11.4,"units_change_pct":-20.9,"margin_change_pts":-2.0},{"period":"2024-08","revenue":25871.75048828125,"cost":11947.125244140625,"margin":53.8,"units":2312,"transactions":1252,"profit":13924.625244140625,"revenue_change_pct":3.0,"units_change_pct":21.4,"margin_change_pts":1.5},{"period":"2024-09","revenue":20993.00048828125,"cost":9946.624755859375,"margin":52.6,"units":1690,"transactions":960,"profit":11046.37451171875,"revenue_change_pct":-18.9,"units_change_pct":-26.9,"margin_change_pts":-1.2},{"period":"2024-10","revenue":23756.57470703125,"cost":9854.600219726562,"margin":58.5,"units":1868,"transactions":1062,"profit":13901.97509765625,"revenue_change_pct":13.2,"units_change_pct":10.5,"margin_change_pts":5.9},{"period":"2024-11","revenue":27040.12451171875,"cost":11248.00048828125,"margin":58.4,"units":2668,"transactions":1402,"profit":15792.125244140625,"revenue_change_pct":13.8,"units_change_pct":42.8,"margin_change_pts":-0.1},{"period":"2024-12","revenue":29582.099609375,"cost":12061.700439453125,"margin":59.2,"units":2518,"transactions":1442,"profit":17520.400390625,"revenue_change_pct":9.4,"units_change_pct":-5.6,"margin_change_pts":0.8},{"period":"2025-01","revenue":29900.52490234375,"cost":13936.500244140625,"margin":53.4,"units":2432,"transactions":1392,"profit":15964.024658203125,"revenue_change_pct":1.1,"units_change_pct":-3.4,"margin_change_pts":-5.8},{"period":"2025-02","revenue":24077.37548828125,"cost":11578.00048828125,"margin":51.9,"units":2072,"transactions":1198,"profit":12499.375,"revenue_change_pct":-19.5,"units_change_pct":-14.8,"margin_change_pts":-1.5},{"period":"2025-03","revenue":27081.79931640625,"cost":13245.999755859375,"margin":51.1,"units":2306,"transactions":1166,"profit":13835.799560546875,"revenue_change_pct":12.5,"units_change_pct":11.3,"margin_change_pts":-0.8},{"period":"2025-04","revenue":31633.92578125,"cost":19710.775146484375,"margin":37.7,"units":3418,"transactions":1626,"profit":11923.1494140625,"revenue_change_pct":16.8,"units_change_pct":48.2,"margin_change_pts":-13.4},{"period":"2025-05","revenue":31773.04931640625,"cost":14670.72509765625,"margin":53.8,"units":2652,"transactions":1408,"profit":17102.325439453125,"revenue_change_pct":0.4,"units_change_pct":-22.4,"margin_change_pts":16.1},{"period":"2025-06","revenue":32137.94921875,"cost":15138.62548828125,"margin":52.9,"units":2800,"transactions":1344,"profit":16999.324951171875,"revenue_change_pct":1.1,"units_change_pct":5.6,"margin_change_pts":-0.9},{"period":"2025-07","revenue":29461.99951171875,"cost":14037.674560546875,"margin":52.4,"units":2534,"transactions":1288,"profit":15424.324951171875,"revenue_change_pct":-8.3,"units_change_pct":-9.5,"margin_change_pts":-0.5},{"period":"2025-08","revenue":30811.4990234375,"cost":13495.150146484375,"margin":56.2,"units":2844,"transactions":1360,"profit":17316.35009765625,"revenue_change_pct":4.6,"units_change_pct":12.2,"margin_change_pts":3.8},{"period":"2025-09","revenue":35294.05029296875,"cost":16219.775390625,"margin":54.0,"units":3206,"transactions":1386,"profit":19074.27490234375,"revenue_change_pct":14.5,"units_change_pct":12.7,"margin_change_pts":-2.2},{"period":"2025-10","revenue":35552.77587890625,"cost":16850.474853515625,"margin":52.6,"units":3322,"transactions":1484,"profit":18702.2998046875,"revenue_change_pct":0.7,"units_change_pct":3.6,"margin_change_pts":-1.4},{"period":"2025-11","revenue":43286.474609375,"cost":22810.10009765625,"margin":47.3,"units":4316,"transactions":1754,"profit":20476.375732421875,"revenue_change_pct":21.8,"units_change_pct":29.9,"margin_change_pts":-5.3},{"period":"2025-12","revenue":34971.79931640625,"cost":16330.50048828125,"margin":53.3,"units":3192,"transactions":1376,"profit":18641.300048828125,"revenue_change_pct":-19.2,"units_change_pct":-26.0,"margin_change_pts":6.0},{"period":"2026-01","revenue":46460.9228515625,"cost":21809.25048828125,"margin":53.1,"units":4072,"transactions":1706,"profit":24651.6748046875,"revenue_change_pct":32.9,"units_change_pct":27.6,"margin_change_pts":-0.2}],"share_of_category":[{"category":"EDIBLE","brand_revenue":677924.84375,"category_revenue":29378492.5,"revenue_share_pct":2.299999952316284,"brand_units":60070,"category_units":1706530,"units_share_pct":3.5}],"share_of_category_trend":{"EDIBLE":[{"period":"2024-01","brand_revenue":0.0,"category_revenue":1115754.921875,"share_pct":0.0},{"period":"2024-02","brand_revenue":1157.5,"category_revenue":1235210.0,"share_pct":0.10000000149011612},{"period":"2024-03","brand_revenue":16109.49951171875,"category_revenue":1273343.671875,"share_pct":1.2999999523162842},{"period":"2024-04","brand_revenue":21214.7509765625,"category_revenue":1298159.0625,"share_pct":1.600000023841858},{"period":"2024-05","brand_revenue":26308.44970703125,"category_revenue":1215880.78125,"share_pct":2.200000047683716},{"period":"2024-06","brand_revenue":28337.32421875,"category_revenue":1181362.421875,"share_pct":2.4000000953674316},{"period":"2024-07","brand_revenue":25109.6240234375,"category_revenue":1128302.8125,"share_pct":2.200000047683716},{"period":"2024-08","brand_revenue":25871.75048828125,"category_revenue":1167724.921875,"share_pct":2.200000047683716},{"period":"2024-09","brand_revenue":20993.00048828125,"category_revenue":1114619.53125,"share_pct":1.899999976158142},{"period":"2024-10","brand_revenue":23756.57470703125,"category_revenue":1205149.0625,"share_pct":2.0},{"period":"2024-11","brand_revenue":27040.12451171875,"category_revenue":1236132.421875,"share_pct":2.200000047683716},{"period":"2024-12","brand_revenue":29582.099609375,"category_revenue":1207318.046875,"share_pct":2.5},{"period":"2025-01","brand_revenue":29900.52490234375,"category_revenue":1176202.578125,"share_pct":2.5},{"period":"2025-02","brand_revenue":24077.37548828125,"category_revenue":1097683.359375,"share_pct":2.200000047683716},{"period":"2025-03","brand_revenue":27081.79931640625,"category_revenue":1228067.265625,"share_pct":2.200000047683716},{"period":"2025-04","brand_revenue":31633.92578125,"category_revenue":1290106.171875,"share_pct":2.5},{"period":"2025-05","brand_revenue":31773.04931640625,"category_revenue":1191670.3125,"share_pct":2.700000047683716},{"period":"2025-06","brand_revenue":32137.94921875,"category_revenue":1110702.109375,"share_pct":2.9000000953674316},{"period":"2025-07","brand_revenue":29461.99951171875,"category_revenue":1096938.125,"share_pct":2.700000047683716},{"period":"2025-08","brand_revenue":30811.4990234375,"category_revenue":1145920.859375,"share_pct":2.700000047683716},{"period":"2025-09","brand_revenue":35294.05029296875,"category_revenue":1070074.53125,"share_pct":3.299999952316284},{"period":"2025-10","brand_revenue":35552.77587890625,"category_revenue":1168865.78125,"share_pct":3.0},{"period":"2025-11","brand_revenue":43286.474609375,"category_revenue":1192334.453125,"share_pct":3.5999999046325684},{"period":"2025-12","brand_revenue":34971.79931640625,"category_revenue":1138094.375,"share_pct":3.0999999046325684},{"period":"2026-01","brand_revenue":46460.9228515625,"category_revenue":1092874.21875,"share_pct":4.300000190734863}]},"discount_depth":[{"tier":"0% (Full Price)","transactions":17588,"pct_of_transactions":42.2,"revenue":295840.0,"avg_discount":0.0},{"tier":"1-10%","transactions":2310,"pct_of_transactions":5.5,"revenue":46263.603515625,"avg_discount":19.200000762939453},{"tier":"11-20%","transactions":4146,"pct_of_transactions":9.9,"revenue":72913.0029296875,"avg_discount":34.599998474121094},{"tier":"21-30%","transactions":13110,"pct_of_transactions":31.4,"revenue":203657.5390625,"avg_discount":58.79999923706055},{"tier":"31%+","transactions":3844,"pct_of_transactions":9.2,"revenue":43948.73046875,"avg_discount":96.4000015258789}],"velocity":{"units_per_day":84.84,"revenue_per_day":957.5250244140625,"avg_units_per_txn":4.04,"days_of_data":708,"total_units":60070,"total_transactions":29770},"velocity_by_category":[{"category":"EDIBLE","brand_units_per_day":78.84,"category_avg_units_per_day":69.98,"velocity_index":112.6,"brand_rev_per_unit":9.03,"category_rev_per_unit":13.77,"brands_in_category":32}],"deals":[{"deal_name":"Industry - 30% Off","times_used":3278,"units":5704.0,"revenue":59588.77524316311,"discounts":25786.224172711372,"cost":32795.14986350667,"profit":26793.624920826405,"pre_discount_revenue":85375.0,"margin":45.0,"avg_discount":60.4},{"deal_name":"Industry 30% Off","times_used":2128,"units":4140.333333333333,"revenue":42323.95418862502,"discounts":18433.545197645824,"cost":23080.88323103109,"profit":19243.071252958227,"pre_discount_revenue":60757.5,"margin":45.5,"avg_discount":60.6},{"deal_name":"Lit4Less - Edibles 4 for $40","times_used":1520,"units":5294.0,"revenue":65943.69999945164,"discounts":24621.29999756813,"cost":33137.624999997206,"profit":32806.07499733567,"pre_discount_revenue":90565.0,"margin":49.7,"avg_discount":54.4},{"deal_name":"4/20 2025 - Edibles","times_used":734,"units":1702.0,"revenue":11834.549998044968,"discounts":11955.450004339218,"cost":9988.874959945679,"profit":1845.6749895960093,"pre_discount_revenue":23790.0,"margin":15.6,"avg_discount":100.6},{"deal_name":"Lit4Less - Keef 10mg 4 for $20","times_used":650,"units":3664.0,"revenue":22896.875,"discounts":4623.125,"cost":10776.249741315842,"profit":12120.625258684158,"pre_discount_revenue":27520.0,"margin":52.9,"avg_discount":33.6},{"deal_name":"Veterans - 10% Off","times_used":586,"units":1082.0,"revenue":14904.350344836712,"discounts":1715.649984329939,"cost":6418.924985677004,"profit":8485.4248970747,"pre_discount_revenue":16620.0,"margin":56.9,"avg_discount":20.6},{"deal_name":"Senior - 10% Off","times_used":484,"units":798.0,"revenue":10279.2502450943,"discounts":1220.7499967515469,"cost":4331.087481388822,"profit":5948.1624537706375,"pre_discount_revenue":11500.0,"margin":57.9,"avg_discount":21.2},{"deal_name":"Jackpot - Locals 30% Off","times_used":436,"units":766.0,"revenue":7556.5000104904175,"discounts":3238.499890565872,"cost":4265.249979016371,"profit":3291.250030398369,"pre_discount_revenue":10795.0,"margin":43.6,"avg_discount":60.0},{"deal_name":"GW - 50% Off Edibles","times_used":424,"units":1032.0,"revenue":7438.9999985694885,"discounts":7426.0000014305115,"cost":4664.924986343831,"profit":2774.074930846691,"pre_discount_revenue":14865.0,"margin":37.3,"avg_discount":100.0},{"deal_name":"50% Off - G2B","times_used":406,"units":1246.0,"revenue":8969.387500286102,"discounts":9005.612499713898,"cost":6773.149984502234,"profit":2196.2374950945377,"pre_discount_revenue":17975.0,"margin":24.5,"avg_discount":100.2},{"deal_name":"Stock n Save - Keef 100mg - 4 for $45","times_used":348,"units":1722.0,"revenue":24368.374996185303,"discounts":4346.625000238419,"cost":11960.19999999553,"profit":12408.174991607666,"pre_discount_revenue":28715.0,"margin":50.9,"avg_discount":30.2},{"deal_name":"Employee 30% - NOT FRIDAYS","times_used":348,"units":503.0,"revenue":5696.337552964687,"discounts":2456.1623990535736,"cost":3147.6499954611063,"profit":2548.6875218153,"pre_discount_revenue":8152.5,"margin":44.7,"avg_discount":60.2},{"deal_name":"Lit4Less - Keef 100mg - 4 for $40","times_used":260,"units":1306.0,"revenue":16305.0,"discounts":5800.0,"cost":8218.224999988452,"profit":8086.7749881744385,"pre_discount_revenue":22105.0,"margin":49.6,"avg_discount":52.4},{"deal_name":"30% Off Special","times_used":246,"units":377.0,"revenue":4186.624963283539,"discounts":1833.3749508857727,"cost":2279.0249999938533,"profit":1907.6000314205885,"pre_discount_revenue":6020.0,"margin":45.6,"avg_discount":61.0},{"deal_name":"4/20 40% Off!!!!","times_used":226,"units":470.0,"revenue":4033.4998750686646,"discounts":2701.4999639987946,"cost":1432.2749927965924,"profit":2601.225084066391,"pre_discount_revenue":6735.0,"margin":64.5,"avg_discount":80.2},{"deal_name":"Stock n Save - Keef 10mg 4 for $20","times_used":196,"units":1228.0,"revenue":7772.5,"discounts":1437.5,"cost":3384.949956825003,"profit":4387.550028562546,"pre_discount_revenue":9210.0,"margin":56.4,"avg_discount":31.2},{"deal_name":"Employee - 40% OFF","times_used":172,"units":282.0,"revenue":2819.8249077796936,"discounts":1905.174970626831,"cost":1838.8499983260408,"profit":980.9750258922577,"pre_discount_revenue":4725.0,"margin":34.8,"avg_discount":80.6},{"deal_name":"Senior / Veterans - 20% Off","times_used":130,"units":203.0,"revenue":2153.625002205372,"discounts":558.8749995827675,"cost":1043.8499928452075,"profit":1109.774977862835,"pre_discount_revenue":2712.5,"margin":51.5,"avg_discount":41.2},{"deal_name":"Keef 100mg 3 for $30","times_used":122,"units":376.0,"revenue":4720.0,"discounts":1860.0,"cost":2595.374999991618,"profit":2124.624991416931,"pre_discount_revenue":6580.0,"margin":45.0,"avg_discount":56.6},{"deal_name":"LVAC - 25% Off","times_used":56,"units":130.0,"revenue":1567.5,"discounts":522.5,"cost":816.8249995214865,"profit":750.6749987602234,"pre_discount_revenue":2090.0,"margin":47.9,"avg_discount":50.0},{"deal_name":"Store Credit - $15","times_used":42,"units":68.0,"revenue":496.08750373125076,"discounts":486.4124983549118,"cost":371.99999928474426,"profit":124.08750053495169,"pre_discount_revenue":982.5,"margin":25.0,"avg_discount":99.0},{"deal_name":"Keef 10mg Sodas 4 for $20","times_used":32,"units":176.0,"revenue":1105.0,"discounts":375.0,"cost":516.9999814033508,"profit":588.0000185966492,"pre_discount_revenue":1480.0,"margin":53.2,"avg_discount":50.6},{"deal_name":"Store Credit - $25","times_used":26,"units":45.333333333333336,"revenue":326.3916675249735,"discounts":338.60833624998725,"cost":250.20833333333331,"profit":76.18333216135701,"pre_discount_revenue":665.0,"margin":23.3,"avg_discount":101.8},{"deal_name":"Main St Happy Hour - 25% Off","times_used":18,"units":18.0,"revenue":187.5,"discounts":62.5,"cost":80.14999928418547,"profit":107.35000014305115,"pre_discount_revenue":250.0,"margin":57.3,"avg_discount":50.0},{"deal_name":"Medical - 10%","times_used":10,"units":24.0,"revenue":290.24999380111694,"discounts":59.74999934434891,"cost":144.24999952316284,"profit":146.00000143051147,"pre_discount_revenue":350.0,"margin":50.3,"avg_discount":34.2},{"deal_name":"Store Credit - $50","times_used":10,"units":13.0,"revenue":52.69999980926514,"discounts":169.79999780654907,"cost":81.25,"profit":-28.549999445676804,"pre_discount_revenue":222.5,"margin":-54.2,"avg_discount":152.6},{"deal_name":"Reno - Early Bird - Senior / Veterans - 20%","times_used":4,"units":50.0,"revenue":300.0000023841858,"discounts":75.00000059604645,"cost":146.8749988079071,"profit":153.12499821186066,"pre_discount_revenue":375.0,"margin":51.0,"avg_discount":40.0},{"deal_name":"Sammy Davis Early Bird - 15% Off","times_used":2,"units":2.0,"revenue":29.749999046325684,"discounts":5.249999761581421,"cost":12.5,"profit":17.25000023841858,"pre_discount_revenue":35.0,"margin":58.0,"avg_discount":30.0},{"deal_name":"Employee - 40%","times_used":2,"units":8.0,"revenue":126.00000381469727,"discounts":13.999999761581421,"cost":60.0,"profit":65.99999904632568,"pre_discount_revenue":140.0,"margin":52.4,"avg_discount":20.0},{"deal_name":"40% Off Special","times_used":2,"units":2.0,"revenue":20.999999046325684,"discounts":13.999999761581421,"cost":0.024999999441206455,"profit":20.975000858306885,"pre_discount_revenue":35.0,"margin":99.9,"avg_discount":80.0},{"deal_name":"Store Credit - $100","times_used":2,"units":11.0,"revenue":13.24999988079071,"discounts":69.24999952316284,"cost":32.31250047683716,"profit":-19.062499403953552,"pre_discount_revenue":82.5,"margin":-143.9,"avg_discount":167.8},{"deal_name":"Store Credit - $150","times_used":2,"units":9.333333333333334,"revenue":49.3916670481364,"discounts":90.60833613077799,"cost":58.33333333333333,"profit":-8.94166628519694,"pre_discount_revenue":140.0,"margin":-18.1,"avg_discount":129.4},{"deal_name":"Voucher - 35% Off One Item","times_used":2,"units":2.0,"revenue":22.750000953674316,"discounts":12.250000238418579,"cost":0.024999999441206455,"profit":22.725000381469727,"pre_discount_revenue":35.0,"margin":99.9,"avg_discount":70.0}],"top_products":[{"product":"BUBBA KUSH ROOT BEER SODA - KEEF","units":14058,"revenue":146945.029296875,"cost":69003.798828125,"profit":77941.2255859375,"transactions":9448,"margin":53.0},{"product":"ORANGE KUSH SODA - KEEF","units":13450,"revenue":139159.19921875,"cost":62142.2509765625,"profit":77016.9482421875,"transactions":9298,"margin":55.29999923706055},{"product":"PURPLE PASSION SODA - KEEF","units":12878,"revenue":132900.673828125,"cost":60908.6767578125,"profit":71992.001953125,"transactions":8582,"margin":54.20000076293945},{"product":"ORIGINAL COLA SODA - KEEF","units":4850,"revenue":67112.0751953125,"cost":34180.6005859375,"profit":32931.474609375,"transactions":3446,"margin":49.099998474121094},{"product":"MR PUFFER SODA - KEEF","units":3650,"revenue":50217.451171875,"cost":25283.076171875,"profit":24934.375,"transactions":2686,"margin":49.70000076293945},{"product":"PINEAPPLE MOCKTAIL - KEEF","units":2802,"revenue":34511.875,"cost":14718.399658203125,"profit":19793.475341796875,"transactions":1936,"margin":57.400001525878906},{"product":"LEMONADE MOCKTAIL - KEEF","units":2740,"revenue":33509.1259765625,"cost":13844.07470703125,"profit":19665.050048828125,"transactions":1974,"margin":58.70000076293945},{"product":"FRUIT PUNCH MOCKTAIL - KEEF","units":2638,"revenue":32948.62548828125,"cost":13618.24951171875,"profit":19330.374755859375,"transactions":1942,"margin":58.70000076293945},{"product":"PINEAPPLE X-PRESS SODA - KEEF","units":1214,"revenue":15929.100341796875,"cost":7615.0,"profit":8314.100341796875,"transactions":964,"margin":52.20000076293945},{"product":"BLUE RAZZ SODA - KEEF","units":906,"revenue":13243.75,"cost":6795.0,"profit":6448.75,"transactions":732,"margin":48.70000076293945},{"product":"HIGH OCTANE ENERGY SODA - KEEF","units":884,"revenue":11447.950439453125,"cost":5525.0,"profit":5922.9498291015625,"transactions":682,"margin":51.70000076293945}],"products_by_store":{"Elevation Springs":[{"product":"BUBBA KUSH ROOT BEER SODA - KEEF","units":2560,"revenue":27287.84912109375,"cost":13133.375244140625,"profit":14154.47509765625,"transactions":1768,"margin":51.900001525878906},{"product":"ORANGE KUSH SODA - KEEF","units":2420,"revenue":26140.0,"cost":12290.4248046875,"profit":13849.5751953125,"transactions":1716,"margin":53.0},{"product":"PURPLE PASSION SODA - KEEF","units":2392,"revenue":23837.19970703125,"cost":11317.574462890625,"profit":12519.625244140625,"transactions":1588,"margin":52.5},{"product":"ORIGINAL COLA SODA - KEEF","units":946,"revenue":12679.625244140625,"cost":6750.0,"profit":5929.625244140625,"transactions":690,"margin":46.79999923706055},{"product":"MR PUFFER SODA - KEEF","units":808,"revenue":10815.0,"cost":5712.5,"profit":5102.5,"transactions":562,"margin":47.20000076293945},{"product":"PINEAPPLE MOCKTAIL - KEEF","units":620,"revenue":7582.5,"cost":3276.199951171875,"profit":4306.300048828125,"transactions":478,"margin":56.79999923706055},{"product":"LEMONADE MOCKTAIL - KEEF","units":590,"revenue":6828.9996337890625,"cost":3088.699951171875,"profit":3740.2999877929688,"transactions":464,"margin":54.79999923706055},{"product":"FRUIT PUNCH MOCKTAIL - KEEF","units":552,"revenue":6643.2501220703125,"cost":2851.199951171875,"profit":3792.0501708984375,"transactions":380,"margin":57.099998474121094},{"product":"PINEAPPLE X-PRESS SODA - KEEF","units":238,"revenue":3030.4998779296875,"cost":1487.5,"profit":1543.0000305175781,"transactions":198,"margin":50.900001525878906},{"product":"HIGH OCTANE ENERGY SODA - KEEF","units":132,"revenue":1621.5000915527344,"cost":825.0,"profit":796.5000152587891,"transactions":102,"margin":49.099998474121094},{"product":"BLUE RAZZ SODA - KEEF","units":48,"revenue":705.0,"cost":360.0,"profit":345.0,"transactions":40,"margin":48.900001525878906}],"Elevation Mesa":[{"product":"BUBBA KUSH ROOT BEER SODA - KEEF","units":2066,"revenue":21740.6494140625,"cost":11044.749755859375,"profit":10695.899658203125,"transactions":1474,"margin":49.20000076293945},{"product":"PURPLE PASSION SODA - KEEF","units":2056,"revenue":21657.7001953125,"cost":10423.800048828125,"profit":11233.900146484375,"transactions":1486,"margin":51.900001525878906},{"product":"ORANGE KUSH SODA - KEEF","units":1960,"revenue":19034.324951171875,"cost":8971.6748046875,"profit":10062.650146484375,"transactions":1412,"margin":52.900001525878906},{"product":"ORIGINAL COLA SODA - KEEF","units":1090,"revenue":14281.57470703125,"cost":7820.0,"profit":6461.57470703125,"transactions":720,"margin":45.20000076293945},{"product":"MR PUFFER SODA - KEEF","units":606,"revenue":8397.775268554688,"cost":4325.0,"profit":4072.7749633789062,"transactions":458,"margin":48.5},{"product":"FRUIT PUNCH MOCKTAIL - KEEF","units":440,"revenue":5285.6500244140625,"cost":2151.199951171875,"profit":3134.4500732421875,"transactions":348,"margin":59.29999923706055},{"product":"PINEAPPLE MOCKTAIL - KEEF","units":386,"revenue":4397.649841308594,"cost":1813.699951171875,"profit":2583.9498901367188,"transactions":288,"margin":58.79999923706055},{"product":"LEMONADE MOCKTAIL - KEEF","units":346,"revenue":3860.6500244140625,"cost":1264.3000030517578,"profit":2596.35009765625,"transactions":276,"margin":67.30000305175781},{"product":"PINEAPPLE X-PRESS SODA - KEEF","units":254,"revenue":3218.3248901367188,"cost":1615.0,"profit":1603.3250427246094,"transactions":176,"margin":49.79999923706055},{"product":"BLUE RAZZ SODA - KEEF","units":238,"revenue":3141.25,"cost":1785.0,"profit":1356.25,"transactions":184,"margin":43.20000076293945},{"product":"HIGH OCTANE ENERGY SODA - KEEF","units":132,"revenue":1688.5000610351562,"cost":825.0,"profit":863.4999847412109,"transactions":114,"margin":51.099998474121094}],"Elevation Oasis":[{"product":"BUBBA KUSH ROOT BEER SODA - KEEF","units":2710,"revenue":30300.625,"cost":14243.02490234375,"profit":16057.60009765625,"transactions":1818,"margin":53.0},{"product":"ORANGE KUSH SODA - KEEF","units":2680,"revenue":30100.97412109375,"cost":12951.650390625,"profit":17149.324951171875,"transactions":1898,"margin":57.0},{"product":"PURPLE PASSION SODA - KEEF","units":2294,"revenue":24966.8994140625,"cost":11186.424560546875,"profit":13780.474853515625,"transactions":1590,"margin":55.20000076293945},{"product":"ORIGINAL COLA SODA - KEEF","units":906,"revenue":13251.875,"cost":6317.5,"profit":6934.375,"transactions":626,"margin":52.29999923706055},{"product":"MR PUFFER SODA - KEEF","units":940,"revenue":13000.74951171875,"cost":6592.5,"profit":6408.2501220703125,"transactions":640,"margin":49.29999923706055},{"product":"FRUIT PUNCH MOCKTAIL - KEEF","units":672,"revenue":8379.149780273438,"cost":4025.3500366210938,"profit":4353.800048828125,"transactions":424,"margin":52.0},{"product":"LEMONADE MOCKTAIL - KEEF","units":528,"revenue":6836.099853515625,"cost":3013.074951171875,"profit":3823.02490234375,"transactions":360,"margin":55.900001525878906},{"product":"PINEAPPLE MOCKTAIL - KEEF","units":522,"revenue":6685.7501220703125,"cost":3025.474853515625,"profit":3660.2749633789062,"transactions":334,"margin":54.70000076293945},{"product":"PINEAPPLE X-PRESS SODA - KEEF","units":232,"revenue":3104.5001220703125,"cost":1450.0,"profit":1654.4999694824219,"transactions":182,"margin":53.29999923706055},{"product":"HIGH OCTANE ENERGY SODA - KEEF","units":182,"revenue":2360.574951171875,"cost":1137.5,"profit":1223.0750274658203,"transactions":110,"margin":51.79999923706055},{"product":"BLUE RAZZ SODA - KEEF","units":144,"revenue":2086.0000610351562,"cost":1080.0,"profit":1005.9999847412109,"transactions":122,"margin":48.20000076293945}],"Elevation Downtown":[{"product":"ORANGE KUSH SODA - KEEF","units":378,"revenue":3286.25,"cost":1034.949951171875,"profit":2251.300048828125,"transactions":280,"margin":68.5},{"product":"BUBBA KUSH ROOT BEER SODA - KEEF","units":330,"revenue":3032.5,"cost":946.1750030517578,"profit":2086.324920654297,"transactions":238,"margin":68.80000305175781},{"product":"PURPLE PASSION SODA - KEEF","units":242,"revenue":2228.5000610351562,"cost":555.9499740600586,"profit":1672.550048828125,"transactions":188,"margin":75.0999984741211},{"product":"PINEAPPLE MOCKTAIL - KEEF","units":164,"revenue":1879.2500305175781,"cost":725.5999755859375,"profit":1153.6499786376953,"transactions":90,"margin":61.400001525878906},{"product":"ORIGINAL COLA SODA - KEEF","units":96,"revenue":1299.2500305175781,"cost":300.5999946594238,"profit":998.6499786376953,"transactions":68,"margin":76.9000015258789},{"product":"MR PUFFER SODA - KEEF","units":82,"revenue":1101.9999694824219,"cost":225.57500839233398,"profit":876.4250183105469,"transactions":74,"margin":79.5},{"product":"PINEAPPLE X-PRESS SODA - KEEF","units":78,"revenue":1069.4999694824219,"cost":487.5,"profit":582.0000076293945,"transactions":64,"margin":54.400001525878906},{"product":"LEMONADE MOCKTAIL - KEEF","units":84,"revenue":1054.4999694824219,"cost":225.59999465942383,"profit":828.8999938964844,"transactions":72,"margin":78.5999984741211},{"product":"FRUIT PUNCH MOCKTAIL - KEEF","units":78,"revenue":941.9999694824219,"cost":188.09999465942383,"profit":753.8999938964844,"transactions":62,"margin":80.0},{"product":"HIGH OCTANE ENERGY SODA - KEEF","units":62,"revenue":830.9999847412109,"cost":387.5,"profit":443.49998474121094,"transactions":58,"margin":53.400001525878906}],"Elevation Midtown":[{"product":"BUBBA KUSH ROOT BEER SODA - KEEF","units":2968,"revenue":29454.951171875,"cost":13481.724853515625,"profit":15973.22509765625,"transactions":1606,"margin":54.20000076293945},{"product":"PURPLE PASSION SODA - KEEF","units":2880,"revenue":28409.67529296875,"cost":12693.349609375,"profit":15716.324462890625,"transactions":1518,"margin":55.29999923706055},{"product":"ORANGE KUSH SODA - KEEF","units":2838,"revenue":27380.576171875,"cost":12031.37451171875,"profit":15349.200439453125,"transactions":1604,"margin":56.099998474121094},{"product":"ORIGINAL COLA SODA - KEEF","units":770,"revenue":10840.875244140625,"cost":5410.0,"profit":5430.875244140625,"transactions":506,"margin":50.099998474121094},{"product":"MR PUFFER SODA - KEEF","units":516,"revenue":7159.67529296875,"cost":3517.5,"profit":3642.1749877929688,"transactions":376,"margin":50.900001525878906},{"product":"FRUIT PUNCH MOCKTAIL - KEEF","units":438,"revenue":5879.05029296875,"cost":2138.699951171875,"profit":3740.3500366210938,"transactions":374,"margin":63.599998474121094},{"product":"PINEAPPLE MOCKTAIL - KEEF","units":428,"revenue":5625.8502197265625,"cost":2076.199951171875,"profit":3549.6499633789062,"transactions":378,"margin":63.099998474121094},{"product":"LEMONADE MOCKTAIL - KEEF","units":408,"revenue":5298.275146484375,"cost":1951.199951171875,"profit":3347.0748901367188,"transactions":364,"margin":63.20000076293945},{"product":"PINEAPPLE X-PRESS SODA - KEEF","units":190,"revenue":2651.0000610351562,"cost":1187.5,"profit":1463.5000610351562,"transactions":166,"margin":55.20000076293945},{"product":"HIGH OCTANE ENERGY SODA - KEEF","units":170,"revenue":2194.499969482422,"cost":1062.5,"profit":1131.9999694824219,"transactions":128,"margin":51.599998474121094},{"product":"BLUE RAZZ SODA - KEEF","units":142,"revenue":2110.0,"cost":1065.0,"profit":1045.0,"transactions":116,"margin":49.5}],"Elevation Boulevard":[{"product":"BUBBA KUSH ROOT BEER SODA - KEEF","units":1794,"revenue":16539.449462890625,"cost":7917.1246337890625,"profit":8622.324829101562,"transactions":1288,"margin":52.099998474121094},{"product":"ORANGE KUSH SODA - KEEF","units":1378,"revenue":13910.699462890625,"cost":6353.0499267578125,"profit":7557.650146484375,"transactions":964,"margin":54.29999923706055},{"product":"PURPLE PASSION SODA - KEEF","units":1358,"revenue":13273.125,"cost":6262.19970703125,"profit":7010.92529296875,"transactions":976,"margin":52.79999923706055},{"product":"LEMONADE MOCKTAIL - KEEF","units":554,"revenue":6576.925048828125,"cost":3163.0999755859375,"profit":3413.8250732421875,"transactions":268,"margin":51.900001525878906},{"product":"ORIGINAL COLA SODA - KEEF","units":430,"revenue":5602.249755859375,"cost":3102.5,"profit":2499.7500610351562,"transactions":332,"margin":44.599998474121094},{"product":"PINEAPPLE MOCKTAIL - KEEF","units":434,"revenue":5277.249755859375,"cost":2400.625,"profit":2876.6250610351562,"transactions":222,"margin":54.5},{"product":"MR PUFFER SODA - KEEF","units":348,"revenue":4404.375,"cost":2420.0,"profit":1984.375,"transactions":266,"margin":45.099998474121094},{"product":"FRUIT PUNCH MOCKTAIL - KEEF","units":316,"revenue":3939.6249389648438,"cost":1675.5999755859375,"profit":2264.0249633789062,"transactions":234,"margin":57.5},{"product":"BLUE RAZZ SODA - KEEF","units":144,"revenue":2209.0000915527344,"cost":1080.0,"profit":1129.000015258789,"transactions":112,"margin":51.099998474121094},{"product":"HIGH OCTANE ENERGY SODA - KEEF","units":146,"revenue":1861.875,"cost":912.5,"profit":949.375,"transactions":112,"margin":51.0},{"product":"PINEAPPLE X-PRESS SODA - KEEF","units":138,"revenue":1696.2750244140625,"cost":862.5,"profit":833.7750244140625,"transactions":108,"margin":49.20000076293945}],"Elevation Parkway":[{"product":"ORANGE KUSH SODA - KEEF","units":1796,"revenue":19306.37451171875,"cost":8509.124755859375,"profit":10797.249755859375,"transactions":1424,"margin":55.900001525878906},{"product":"BUBBA KUSH ROOT BEER SODA - KEEF","units":1630,"revenue":18589.000244140625,"cost":8237.625122070312,"profit":10351.37451171875,"transactions":1256,"margin":55.70000076293945},{"product":"PURPLE PASSION SODA - KEEF","units":1656,"revenue":18527.574462890625,"cost":8469.375,"profit":10058.200073242188,"transactions":1236,"margin":54.29999923706055},{"product":"ORIGINAL COLA SODA - KEEF","units":612,"revenue":9156.624755859375,"cost":4480.0,"profit":4676.625061035156,"transactions":504,"margin":51.099998474121094},{"product":"MR PUFFER SODA - KEEF","units":350,"revenue":5337.874755859375,"cost":2490.0,"profit":2847.8750610351562,"transactions":310,"margin":53.400001525878906},{"product":"PINEAPPLE MOCKTAIL - KEEF","units":248,"revenue":3063.6248779296875,"cost":1400.5999755859375,"profit":1663.0250549316406,"transactions":146,"margin":54.29999923706055},{"product":"LEMONADE MOCKTAIL - KEEF","units":230,"revenue":3053.6749267578125,"cost":1138.0999755859375,"profit":1915.574951171875,"transactions":170,"margin":62.70000076293945},{"product":"BLUE RAZZ SODA - KEEF","units":190,"revenue":2992.5,"cost":1425.0,"profit":1567.5,"transactions":158,"margin":52.400001525878906},{"product":"FRUIT PUNCH MOCKTAIL - KEEF","units":142,"revenue":1879.9000549316406,"cost":588.1000137329102,"profit":1291.7999267578125,"transactions":120,"margin":68.69999694824219},{"product":"PINEAPPLE X-PRESS SODA - KEEF","units":84,"revenue":1159.000015258789,"cost":525.0,"profit":634.0000152587891,"transactions":70,"margin":54.70000076293945},{"product":"HIGH OCTANE ENERGY SODA - KEEF","units":60,"revenue":890.0,"cost":375.0,"profit":515.0,"transactions":58,"margin":57.900001525878906}]},"store_summary":[{"store_clean":"Elevation Oasis","units":11810,"revenue":141073.203125,"cost":65022.5,"profit":76050.6982421875,"discounts":29231.79931640625,"margin":53.900001525878906,"discount_rate":17.200000762939453},{"store_clean":"Elevation Springs","units":11306,"revenue":127171.42578125,"cost":61092.4755859375,"profit":66078.9501953125,"discounts":32653.57421875,"margin":52.0,"discount_rate":20.399999618530273},{"store_clean":"Elevation Midtown","units":11748,"revenue":127004.423828125,"cost":56615.048828125,"profit":70389.375,"discounts":23060.57373046875,"margin":55.400001525878906,"discount_rate":15.399999618530273},{"store_clean":"Elevation Mesa","units":9574,"revenue":106704.052734375,"cost":52039.423828125,"profit":54664.6240234375,"discounts":30650.94970703125,"margin":51.20000076293945,"discount_rate":22.299999237060547},{"store_clean":"Elevation Parkway","units":6998,"revenue":83956.15234375,"cost":37637.9248046875,"profit":46318.2275390625,"discounts":12153.85009765625,"margin":55.20000076293945,"discount_rate":12.600000381469727},{"store_clean":"Elevation Boulevard","units":7040,"revenue":75290.849609375,"cost":36149.19921875,"profit":39141.650390625,"discounts":20839.150390625,"margin":52.0,"discount_rate":21.700000762939453},{"store_clean":"Elevation Downtown","units":1594,"revenue":16724.749755859375,"cost":5077.550048828125,"profit":11647.19970703125,"discounts":4035.2499389648438,"margin":69.5999984741211,"discount_rate":19.399999618530273}],"recommendations":[{"severity":"info","title":"VOLUME LEVERAGE","detail":"$271,170 revenue provides negotiating leverage.","action":"Use volume as leverage in next vendor meeting."}],"comparison":null}