{"brand":"HIGH HEMP","date_range":"2024-01-01 00:00:00 to 2026-01-31 00:00:00","period_label":"All Time","summary":{"total_units":124,"total_revenue":304.50000762939453,"total_cost":79.6750020980835,"total_discounts":23.000001907348633,"total_profit":224.82498168945312,"overall_margin":73.80000305175781,"fp_margin":75.9000015258789,"disc_margin":66.0999984741211,"pct_full_price":78.80000305175781,"avg_discount_rate":7.0,"fp_revenue":240.0,"disc_revenue":64.49999809265137,"brand":"HIGH HEMP","date_range":"2024-01-01 00:00:00 to 2026-01-31 00:00:00","primary_category":"ACCESSORY","store_coverage":"2/7","stores_present":["Elevation Oasis","Elevation Parkway"],"stores_missing":["Elevation Springs","Elevation Mesa","Elevation Downtown","Elevation Midtown","Elevation Boulevard"],"velocity_rank":33,"velocity_total":136},"distribution":[{"store":"Elevation Springs","carries_brand":false,"sku_count":0,"revenue":0.0,"units":0,"store_total_revenue":51138750.0,"brand_share_pct":0},{"store":"Elevation Mesa","carries_brand":false,"sku_count":0,"revenue":0.0,"units":0,"store_total_revenue":47532240.0,"brand_share_pct":0},{"store":"Elevation Oasis","carries_brand":true,"sku_count":6,"revenue":186.50001525878906,"units":74,"store_total_revenue":56050145.0,"brand_share_pct":0.0},{"store":"Elevation Downtown","carries_brand":false,"sku_count":0,"revenue":0.0,"units":0,"store_total_revenue":1945237.1875,"brand_share_pct":0},{"store":"Elevation Midtown","carries_brand":false,"sku_count":0,"revenue":0.0,"units":0,"store_total_revenue":30850185.0,"brand_share_pct":0},{"store":"Elevation Boulevard","carries_brand":false,"sku_count":0,"revenue":0.0,"units":0,"store_total_revenue":28757865.0,"brand_share_pct":0},{"store":"Elevation Parkway","carries_brand":true,"sku_count":2,"revenue":118.00000190734863,"units":50,"store_total_revenue":21987007.5,"brand_share_pct":0.0}],"share_of_category":[{"category":"ACCESSORY","brand_revenue":304.50000762939453,"category_revenue":4128754.0625,"revenue_share_pct":0.0,"brand_units":124,"category_units":2130096,"units_share_pct":0.0}],"share_of_category_trend":{"ACCESSORY":[{"period":"2024-01","brand_revenue":0.0,"category_revenue":153543.9453125,"share_pct":0.0},{"period":"2024-02","brand_revenue":0.0,"category_revenue":152399.47265625,"share_pct":0.0},{"period":"2024-03","brand_revenue":0.0,"category_revenue":154678.876953125,"share_pct":0.0},{"period":"2024-04","brand_revenue":0.0,"category_revenue":163353.65234375,"share_pct":0.0},{"period":"2024-05","brand_revenue":0.0,"category_revenue":179676.4453125,"share_pct":0.0},{"period":"2024-06","brand_revenue":0.0,"category_revenue":185008.828125,"share_pct":0.0},{"period":"2024-07","brand_revenue":0.0,"category_revenue":186675.46875,"share_pct":0.0},{"period":"2024-08","brand_revenue":0.0,"category_revenue":180226.328125,"share_pct":0.0},{"period":"2024-09","brand_revenue":0.0,"category_revenue":162386.298828125,"share_pct":0.0},{"period":"2024-10","brand_revenue":0.0,"category_revenue":166088.73046875,"share_pct":0.0},{"period":"2024-11","brand_revenue":0.0,"category_revenue":171706.09375,"share_pct":0.0},{"period":"2024-12","brand_revenue":15.499999523162842,"category_revenue":176502.03125,"share_pct":0.0},{"period":"2025-01","brand_revenue":37.00000047683716,"category_revenue":167261.34765625,"share_pct":0.0},{"period":"2025-02","brand_revenue":5.0,"category_revenue":155260.927734375,"share_pct":0.0},{"period":"2025-03","brand_revenue":33.999998569488525,"category_revenue":176420.390625,"share_pct":0.0},{"period":"2025-04","brand_revenue":30.0,"category_revenue":182694.82421875,"share_pct":0.0},{"period":"2025-05","brand_revenue":5.0,"category_revenue":179904.4921875,"share_pct":0.0},{"period":"2025-06","brand_revenue":15.0,"category_revenue":161148.75,"share_pct":0.0},{"period":"2025-07","brand_revenue":42.5,"category_revenue":165549.8046875,"share_pct":0.0},{"period":"2025-08","brand_revenue":84.49999809265137,"category_revenue":171752.05078125,"share_pct":0.0},{"period":"2025-09","brand_revenue":25.0,"category_revenue":168198.9453125,"share_pct":0.0},{"period":"2025-10","brand_revenue":3.4999999403953552,"category_revenue":171844.55078125,"share_pct":0.0},{"period":"2025-11","brand_revenue":7.5,"category_revenue":172839.74609375,"share_pct":0.0},{"period":"2025-12","brand_revenue":0.0,"category_revenue":141954.873046875,"share_pct":0.0},{"period":"2026-01","brand_revenue":0.0,"category_revenue":81677.1484375,"share_pct":0.0}]},"velocity_by_category":[{"category":"ACCESSORY","brand_units_per_day":0.16,"category_avg_units_per_day":20.56,"velocity_index":0.8,"brand_rev_per_unit":1.96,"category_rev_per_unit":1.55,"brands_in_category":136}],"store_gaps":[{"store":"Elevation Springs","category":"ACCESSORY","category_revenue_at_store":898382.421875,"opportunity":"Brand not carried"},{"store":"Elevation Midtown","category":"ACCESSORY","category_revenue_at_store":796566.25,"opportunity":"Brand not carried"},{"store":"Elevation Mesa","category":"ACCESSORY","category_revenue_at_store":552719.140625,"opportunity":"Brand not carried"},{"store":"Elevation Boulevard","category":"ACCESSORY","category_revenue_at_store":466482.890625,"opportunity":"Brand not carried"},{"store":"Elevation Downtown","category":"ACCESSORY","category_revenue_at_store":61539.7021484375,"opportunity":"Brand not carried"}],"product_mix":{"top":[{"product":"HIGH HEMP (STRAWBERRY MILK) ORGANIC WRAPS - HIGH HEMP","units":86,"revenue":205.49999237060547,"cost":55.45000076293945,"profit":150.05000114440918,"stores":2,"transactions":80,"margin":73.0},{"product":"HIGH HEMP (PINK CLOUDS) ORGANIC WRAPS - HIGH HEMP","units":26,"revenue":73.49999904632568,"cost":16.575000286102295,"profit":56.92500114440918,"stores":1,"transactions":22,"margin":77.4000015258789},{"product":"HIGH HEMP (BAKED KOOKIE) ORGANIC WRAPS - HIGH HEMP","units":12,"revenue":25.499999523162842,"cost":7.6499998569488525,"profit":17.84999966621399,"stores":1,"transactions":12,"margin":70.0}],"bottom":[],"expansion":[]},"pricing_consistency":[{"product":"HIGH HEMP (STRAWBERRY MILK) ORGANIC WRAPS - HIGH HEMP","min_price":4.720000076293945,"max_price":4.861111640930176,"avg_price":4.790555858612061,"std_dev":0.03991237770324894,"store_count":4,"price_range":0.14111156463623042,"range_pct":2.9}],"promotional_effectiveness":{"lift":{"fp_units_per_day":2.58,"disc_units_per_day":2.42,"lift_pct":-5.6,"fp_avg_revenue_per_unit":5.324999999999999,"disc_avg_revenue_per_unit":3.8},"by_deal":[{"deal_name":"Jackpot - Locals 30% Off","uses":3,"revenue":13.999999761581421,"discounts":6.000000238418579,"units":8.0,"cost":5.099999904632568,"margin":63.6,"discount_depth":60.0},{"deal_name":"Employee 30% - NOT FRIDAYS","uses":2,"revenue":10.499999821186066,"discounts":4.500000178813934,"units":6.0,"cost":3.8249999284744263,"margin":63.6,"discount_depth":60.0},{"deal_name":"Industry - 30% Off","uses":2,"revenue":6.9999998807907104,"discounts":3.0000001192092896,"units":4.0,"cost":2.549999952316284,"margin":63.6,"discount_depth":60.0},{"deal_name":"Industry 30% Off","uses":2,"revenue":6.9999998807907104,"discounts":3.0000001192092896,"units":4.0,"cost":2.5999999046325684,"margin":62.9,"discount_depth":60.0}]},"growth_opportunities":[{"type":"distribution","title":"Expand to Elevation Springs","detail":"Store has $359,353 in ACCESSORY \u2014 categories where HIGH HEMP competes.","priority":"high"},{"type":"distribution","title":"Expand to Elevation Mesa","detail":"Store has $221,088 in ACCESSORY \u2014 categories where HIGH HEMP competes.","priority":"high"},{"type":"distribution","title":"Expand to Elevation Downtown","detail":"Store has $24,616 in ACCESSORY \u2014 categories where HIGH HEMP competes.","priority":"high"},{"type":"distribution","title":"Expand to Elevation Midtown","detail":"Store has $318,626 in ACCESSORY \u2014 categories where HIGH HEMP competes.","priority":"high"},{"type":"distribution","title":"Expand to Elevation Boulevard","detail":"Store has $186,593 in ACCESSORY \u2014 categories where HIGH HEMP competes.","priority":"high"},{"type":"velocity","title":"Improve velocity in ACCESSORY","detail":"Velocity index 1 (below category average). 0.1 units/day vs 10.3 avg.","priority":"medium"}],"trend":[{"period":"2024-12","revenue":15.499999523162842,"cost":5.099999904632568,"margin":67.1,"units":8,"transactions":6,"profit":10.399999618530273,"revenue_change_pct":null,"units_change_pct":null,"margin_change_pts":null},{"period":"2025-01","revenue":37.00000047683716,"cost":10.199999809265137,"margin":72.4,"units":16,"transactions":14,"profit":26.80000066757202,"revenue_change_pct":138.7,"units_change_pct":100.0,"margin_change_pts":5.3},{"period":"2025-02","revenue":5.0,"cost":1.274999976158142,"margin":74.5,"units":2,"transactions":2,"profit":3.725000023841858,"revenue_change_pct":-86.5,"units_change_pct":-87.5,"margin_change_pts":2.1},{"period":"2025-03","revenue":33.999998569488525,"cost":10.199999809265137,"margin":70.0,"units":16,"transactions":12,"profit":23.80000114440918,"revenue_change_pct":580.0,"units_change_pct":700.0,"margin_change_pts":-4.5},{"period":"2025-04","revenue":30.0,"cost":7.6499998569488525,"margin":74.5,"units":12,"transactions":8,"profit":22.350001335144043,"revenue_change_pct":-11.8,"units_change_pct":-25.0,"margin_change_pts":4.5},{"period":"2025-05","revenue":5.0,"cost":1.274999976158142,"margin":74.5,"units":2,"transactions":2,"profit":3.725000023841858,"revenue_change_pct":-83.3,"units_change_pct":-83.3,"margin_change_pts":0.0},{"period":"2025-06","revenue":15.0,"cost":3.8249999284744263,"margin":74.5,"units":6,"transactions":4,"profit":11.175000667572021,"revenue_change_pct":200.0,"units_change_pct":200.0,"margin_change_pts":0.0},{"period":"2025-07","revenue":42.5,"cost":7.674999833106995,"margin":81.9,"units":12,"transactions":10,"profit":34.82500076293945,"revenue_change_pct":183.3,"units_change_pct":100.0,"margin_change_pts":7.4},{"period":"2025-08","revenue":84.49999809265137,"cost":23.399999141693115,"margin":72.3,"units":36,"transactions":32,"profit":61.10000133514404,"revenue_change_pct":98.8,"units_change_pct":200.0,"margin_change_pts":-9.6},{"period":"2025-09","revenue":25.0,"cost":6.499999761581421,"margin":74.0,"units":10,"transactions":8,"profit":18.50000023841858,"revenue_change_pct":-70.4,"units_change_pct":-72.2,"margin_change_pts":1.7},{"period":"2025-10","revenue":3.4999999403953552,"cost":1.2999999523162842,"margin":62.9,"units":2,"transactions":2,"profit":2.199999988079071,"revenue_change_pct":-86.0,"units_change_pct":-80.0,"margin_change_pts":-11.1},{"period":"2025-11","revenue":7.5,"cost":1.274999976158142,"margin":83.0,"units":2,"transactions":2,"profit":6.225000023841858,"revenue_change_pct":114.3,"units_change_pct":0,"margin_change_pts":20.1}]}