{"brand":"NUGG LIFE","date_range":"2024-01-01 00:00:00 to 2026-01-31 00:00:00","period_label":"All Time","summary":{"total_units":60,"total_revenue":4832.9998779296875,"total_cost":2132.5,"total_discounts":1201.9999694824219,"total_profit":2700.4998779296875,"overall_margin":55.900001525878906,"fp_margin":63.79999923706055,"disc_margin":52.900001525878906,"pct_full_price":27.0,"avg_discount_rate":19.899999618530273,"fp_revenue":1305.0,"disc_revenue":3528.0001831054688,"unique_customers":56,"brand":"NUGG LIFE","date_range":"2024-01-01 00:00:00 to 2026-01-31 00:00:00","months_count":14,"avg_monthly_cost":304.65,"cost_per_unit":71.075,"primary_category":"ACCESSORY","primary_cat_margin":61.099998474121094,"category_rank":23,"category_total":136,"margin_vs_category":-5.199999809265137,"velocity_rank":55},"category_breakdown":[{"category_clean":"ACCESSORY","units":52,"revenue":4202.9998779296875,"cost":1882.5,"profit":2320.500030517578,"discounts":1031.9999694824219,"margin":55.20000076293945,"category_avg_margin":61.099998474121094,"vs_category":-5.9,"rank":23.0,"total_brands":136.0}],"trend":[{"period":"2025-05","revenue":350.0,"cost":125.0,"margin":64.3,"units":4,"transactions":4,"profit":225.0,"revenue_change_pct":null,"units_change_pct":null,"margin_change_pts":null},{"period":"2025-06","revenue":100.0,"cost":62.5,"margin":37.5,"units":2,"transactions":2,"profit":37.5,"revenue_change_pct":-71.4,"units_change_pct":-50.0,"margin_change_pts":-26.8},{"period":"2025-08","revenue":180.0,"cost":62.5,"margin":65.3,"units":2,"transactions":2,"profit":117.5,"revenue_change_pct":80.0,"units_change_pct":0,"margin_change_pts":27.8},{"period":"2025-10","revenue":525.0,"cost":275.0,"margin":47.6,"units":4,"transactions":4,"profit":250.0,"revenue_change_pct":191.7,"units_change_pct":100.0,"margin_change_pts":-17.7},{"period":"2025-11","revenue":1429.2500305175781,"cost":655.0,"margin":54.2,"units":24,"transactions":24,"profit":774.2500305175781,"revenue_change_pct":172.2,"units_change_pct":500.0,"margin_change_pts":6.6},{"period":"2025-12","revenue":2077.2500610351562,"cost":862.5,"margin":58.5,"units":20,"transactions":20,"profit":1214.749984741211,"revenue_change_pct":45.3,"units_change_pct":-16.7,"margin_change_pts":4.3},{"period":"2026-01","revenue":171.49999618530273,"cost":90.0,"margin":47.5,"units":4,"transactions":4,"profit":81.49999618530273,"revenue_change_pct":-91.7,"units_change_pct":-80.0,"margin_change_pts":-11.0}],"share_of_category":[{"category":"ACCESSORY","brand_revenue":4202.9998779296875,"category_revenue":4128754.0625,"revenue_share_pct":0.10000000149011612,"brand_units":52,"category_units":2130096,"units_share_pct":0.0},{"category":0.0,"brand_revenue":0.0,"category_revenue":0.0,"revenue_share_pct":0.0,"brand_units":0,"category_units":0,"units_share_pct":0.0}],"share_of_category_trend":{"ACCESSORY":[{"period":"2024-01","brand_revenue":0.0,"category_revenue":153543.9453125,"share_pct":0.0},{"period":"2024-02","brand_revenue":0.0,"category_revenue":152399.47265625,"share_pct":0.0},{"period":"2024-03","brand_revenue":0.0,"category_revenue":154678.876953125,"share_pct":0.0},{"period":"2024-04","brand_revenue":0.0,"category_revenue":163353.65234375,"share_pct":0.0},{"period":"2024-05","brand_revenue":0.0,"category_revenue":179676.4453125,"share_pct":0.0},{"period":"2024-06","brand_revenue":0.0,"category_revenue":185008.828125,"share_pct":0.0},{"period":"2024-07","brand_revenue":0.0,"category_revenue":186675.46875,"share_pct":0.0},{"period":"2024-08","brand_revenue":0.0,"category_revenue":180226.328125,"share_pct":0.0},{"period":"2024-09","brand_revenue":0.0,"category_revenue":162386.298828125,"share_pct":0.0},{"period":"2024-10","brand_revenue":0.0,"category_revenue":166088.73046875,"share_pct":0.0},{"period":"2024-11","brand_revenue":0.0,"category_revenue":171706.09375,"share_pct":0.0},{"period":"2024-12","brand_revenue":0.0,"category_revenue":176502.03125,"share_pct":0.0},{"period":"2025-01","brand_revenue":0.0,"category_revenue":167261.34765625,"share_pct":0.0},{"period":"2025-02","brand_revenue":0.0,"category_revenue":155260.927734375,"share_pct":0.0},{"period":"2025-03","brand_revenue":0.0,"category_revenue":176420.390625,"share_pct":0.0},{"period":"2025-04","brand_revenue":0.0,"category_revenue":182694.82421875,"share_pct":0.0},{"period":"2025-05","brand_revenue":0.0,"category_revenue":179904.4921875,"share_pct":0.0},{"period":"2025-06","brand_revenue":0.0,"category_revenue":161148.75,"share_pct":0.0},{"period":"2025-07","brand_revenue":0.0,"category_revenue":165549.8046875,"share_pct":0.0},{"period":"2025-08","brand_revenue":0.0,"category_revenue":171752.05078125,"share_pct":0.0},{"period":"2025-09","brand_revenue":0.0,"category_revenue":168198.9453125,"share_pct":0.0},{"period":"2025-10","brand_revenue":525.0,"category_revenue":171844.55078125,"share_pct":0.30000001192092896},{"period":"2025-11","brand_revenue":1429.2500305175781,"category_revenue":172839.74609375,"share_pct":0.800000011920929},{"period":"2025-12","brand_revenue":2077.2500610351562,"category_revenue":141954.873046875,"share_pct":1.5},{"period":"2026-01","brand_revenue":171.49999618530273,"category_revenue":81677.1484375,"share_pct":0.20000000298023224}]},"discount_depth":[{"tier":"0% (Full Price)","transactions":12,"pct_of_transactions":20.0,"revenue":1305.0,"avg_discount":0.0},{"tier":"1-10%","transactions":10,"pct_of_transactions":16.7,"revenue":1055.250015258789,"avg_discount":20.0},{"tier":"11-20%","transactions":8,"pct_of_transactions":13.3,"revenue":730.0,"avg_discount":40.0},{"tier":"21-30%","transactions":18,"pct_of_transactions":30.0,"revenue":843.9999389648438,"avg_discount":57.79999923706055},{"tier":"31%+","transactions":4,"pct_of_transactions":6.7,"revenue":312.5,"avg_discount":100.0}],"velocity":{"units_per_day":0.24,"revenue_per_day":18.65000009536743,"avg_units_per_txn":2.0,"days_of_data":259,"total_units":60,"total_transactions":60},"velocity_by_category":[{"category":"ACCESSORY","brand_units_per_day":0.06,"category_avg_units_per_day":20.56,"velocity_index":0.3,"brand_rev_per_unit":64.66,"category_rev_per_unit":1.55,"brands_in_category":136},{"category":0.0,"brand_units_per_day":0.0,"category_avg_units_per_day":0,"velocity_index":0,"brand_rev_per_unit":0.0,"category_rev_per_unit":0.0,"brands_in_category":0}],"deals":[{"deal_name":"Jackpot - Locals 30% Off","times_used":8,"units":8.0,"revenue":346.49999618530273,"discounts":148.49999904632568,"cost":165.0,"profit":181.49999618530273,"pre_discount_revenue":495.0,"margin":52.4,"avg_discount":60.0},{"deal_name":"Senior - 10% Off","times_used":8,"units":8.0,"revenue":717.7499961853027,"discounts":79.75000023841858,"cost":282.5,"profit":435.2500009536743,"pre_discount_revenue":797.5,"margin":60.6,"avg_discount":20.0},{"deal_name":"Industry 30% Off","times_used":4,"units":4.0,"revenue":171.49999618530273,"discounts":73.49999904632568,"cost":90.0,"profit":81.49999618530273,"pre_discount_revenue":245.0,"margin":47.5,"avg_discount":60.0},{"deal_name":"Veterans - 10% Off","times_used":2,"units":2.0,"revenue":337.5,"discounts":37.5,"cost":137.5,"profit":200.0,"pre_discount_revenue":375.0,"margin":59.3,"avg_discount":20.0}],"top_products":[{"product":"GLYCERIN BONG","units":12,"revenue":1818.75,"cost":800.0,"profit":1018.75,"transactions":12,"margin":56.0},{"product":"SUB ZERO GLYCERIN PIPE","units":22,"revenue":1298.75,"cost":512.5,"profit":786.25,"transactions":22,"margin":60.5},{"product":"ARCTIC NECTAR COLLECTOR","units":22,"revenue":1077.9999542236328,"cost":495.0,"profit":582.9999923706055,"transactions":22,"margin":54.099998474121094},{"product":"SQUARE GLYCERIN FREEZE BONG","units":4,"revenue":637.5,"cost":325.0,"profit":312.5,"transactions":4,"margin":49.0}],"products_by_store":{"Elevation Oasis":[{"product":"GLYCERIN BONG","units":12,"revenue":1818.75,"cost":800.0,"profit":1018.75,"transactions":12,"margin":56.0},{"product":"SUB ZERO GLYCERIN PIPE","units":22,"revenue":1298.75,"cost":512.5,"profit":786.25,"transactions":22,"margin":60.5},{"product":"ARCTIC NECTAR COLLECTOR","units":22,"revenue":1077.9999542236328,"cost":495.0,"profit":582.9999923706055,"transactions":22,"margin":54.099998474121094},{"product":"SQUARE GLYCERIN FREEZE BONG","units":4,"revenue":637.5,"cost":325.0,"profit":312.5,"transactions":4,"margin":49.0}]},"store_summary":[{"store_clean":"Elevation Oasis","units":60,"revenue":4832.9998779296875,"cost":2132.5,"profit":2700.4998779296875,"discounts":1201.9999694824219,"margin":55.900001525878906,"discount_rate":19.899999618530273}],"recommendations":[{"severity":"yellow","title":"CATEGORY BENCHMARK GAP","detail":"Overall margin (55.9%) trails ACCESSORY average (61.1%) by 5.2 pts.","action":"Negotiate cost reduction or increase retail price."}],"comparison":null}