{"brand":"TRICHOME","date_range":"2024-01-01 00:00:00 to 2026-01-31 00:00:00","period_label":"All Time","summary":{"total_units":1924,"total_revenue":97602.28515625,"total_cost":42502.5,"total_discounts":22275.224609375,"total_profit":55099.775390625,"overall_margin":56.5,"fp_margin":63.099998474121094,"disc_margin":49.79999923706055,"pct_full_price":50.0,"avg_discount_rate":18.600000381469727,"fp_revenue":48845.0,"disc_revenue":48757.275390625,"brand":"TRICHOME","date_range":"2024-01-01 00:00:00 to 2026-01-31 00:00:00","primary_category":"DISPOSABLE VAPE","store_coverage":"5/7","stores_present":["Elevation Springs","Elevation Mesa","Elevation Oasis","Elevation Midtown","Elevation Parkway"],"stores_missing":["Elevation Downtown","Elevation Boulevard"],"velocity_rank":28,"velocity_total":35},"distribution":[{"store":"Elevation Springs","carries_brand":true,"sku_count":12,"revenue":23590.0,"units":494,"store_total_revenue":51138750.0,"brand_share_pct":0.0},{"store":"Elevation Mesa","carries_brand":true,"sku_count":10,"revenue":15330.775146484375,"units":356,"store_total_revenue":47532240.0,"brand_share_pct":0.0},{"store":"Elevation Oasis","carries_brand":true,"sku_count":12,"revenue":19548.24951171875,"units":394,"store_total_revenue":56050145.0,"brand_share_pct":0.0},{"store":"Elevation Downtown","carries_brand":false,"sku_count":0,"revenue":0.0,"units":0,"store_total_revenue":1945237.1875,"brand_share_pct":0},{"store":"Elevation Midtown","carries_brand":true,"sku_count":10,"revenue":12892.37548828125,"units":248,"store_total_revenue":30850185.0,"brand_share_pct":0.0},{"store":"Elevation Boulevard","carries_brand":false,"sku_count":0,"revenue":0.0,"units":0,"store_total_revenue":28757865.0,"brand_share_pct":0},{"store":"Elevation Parkway","carries_brand":true,"sku_count":12,"revenue":26240.87646484375,"units":432,"store_total_revenue":21987007.5,"brand_share_pct":0.10000000149011612}],"share_of_category":[{"category":"DISPOSABLE VAPE","brand_revenue":84683.525390625,"category_revenue":30552405.0,"revenue_share_pct":0.30000001192092896,"brand_units":1520,"category_units":756548,"units_share_pct":0.2},{"category":"CARTRIDGE","brand_revenue":12918.75,"category_revenue":46155130.0,"revenue_share_pct":0.0,"brand_units":404,"category_units":1532896,"units_share_pct":0.0}],"share_of_category_trend":{"DISPOSABLE VAPE":[{"period":"2024-01","brand_revenue":0.0,"category_revenue":933474.921875,"share_pct":0.0},{"period":"2024-02","brand_revenue":0.0,"category_revenue":877782.109375,"share_pct":0.0},{"period":"2024-03","brand_revenue":0.0,"category_revenue":990692.03125,"share_pct":0.0},{"period":"2024-04","brand_revenue":0.0,"category_revenue":971952.1875,"share_pct":0.0},{"period":"2024-05","brand_revenue":0.0,"category_revenue":1035100.46875,"share_pct":0.0},{"period":"2024-06","brand_revenue":0.0,"category_revenue":1039794.21875,"share_pct":0.0},{"period":"2024-07","brand_revenue":0.0,"category_revenue":1081636.5625,"share_pct":0.0},{"period":"2024-08","brand_revenue":0.0,"category_revenue":1098658.125,"share_pct":0.0},{"period":"2024-09","brand_revenue":0.0,"category_revenue":1056394.53125,"share_pct":0.0},{"period":"2024-10","brand_revenue":0.0,"category_revenue":1197041.171875,"share_pct":0.0},{"period":"2024-11","brand_revenue":0.0,"category_revenue":1193980.234375,"share_pct":0.0},{"period":"2024-12","brand_revenue":0.0,"category_revenue":1222008.984375,"share_pct":0.0},{"period":"2025-01","brand_revenue":0.0,"category_revenue":1100552.421875,"share_pct":0.0},{"period":"2025-02","brand_revenue":0.0,"category_revenue":1167271.25,"share_pct":0.0},{"period":"2025-03","brand_revenue":0.0,"category_revenue":1348856.71875,"share_pct":0.0},{"period":"2025-04","brand_revenue":0.0,"category_revenue":1414639.84375,"share_pct":0.0},{"period":"2025-05","brand_revenue":2072.7749633789062,"category_revenue":1460588.4375,"share_pct":0.10000000149011612},{"period":"2025-06","brand_revenue":12376.75048828125,"category_revenue":1320852.96875,"share_pct":0.8999999761581421},{"period":"2025-07","brand_revenue":21227.62451171875,"category_revenue":1451194.84375,"share_pct":1.5},{"period":"2025-08","brand_revenue":7110.250244140625,"category_revenue":1403520.625,"share_pct":0.5},{"period":"2025-09","brand_revenue":4030.7501220703125,"category_revenue":1317518.125,"share_pct":0.30000001192092896},{"period":"2025-10","brand_revenue":4183.6248779296875,"category_revenue":1511693.75,"share_pct":0.30000001192092896},{"period":"2025-11","brand_revenue":18031.75048828125,"category_revenue":1481709.21875,"share_pct":1.2000000476837158},{"period":"2025-12","brand_revenue":10308.75,"category_revenue":1476896.875,"share_pct":0.699999988079071},{"period":"2026-01","brand_revenue":5341.25,"category_revenue":1398594.84375,"share_pct":0.4000000059604645}],"CARTRIDGE":[{"period":"2024-01","brand_revenue":0.0,"category_revenue":2057675.625,"share_pct":0.0},{"period":"2024-02","brand_revenue":0.0,"category_revenue":2141777.8125,"share_pct":0.0},{"period":"2024-03","brand_revenue":0.0,"category_revenue":2288552.1875,"share_pct":0.0},{"period":"2024-04","brand_revenue":0.0,"category_revenue":2096820.46875,"share_pct":0.0},{"period":"2024-05","brand_revenue":0.0,"category_revenue":2138038.59375,"share_pct":0.0},{"period":"2024-06","brand_revenue":0.0,"category_revenue":2017623.90625,"share_pct":0.0},{"period":"2024-07","brand_revenue":0.0,"category_revenue":2031918.28125,"share_pct":0.0},{"period":"2024-08","brand_revenue":0.0,"category_revenue":2132382.65625,"share_pct":0.0},{"period":"2024-09","brand_revenue":0.0,"category_revenue":1955407.03125,"share_pct":0.0},{"period":"2024-10","brand_revenue":0.0,"category_revenue":2083993.125,"share_pct":0.0},{"period":"2024-11","brand_revenue":0.0,"category_revenue":2038609.375,"share_pct":0.0},{"period":"2024-12","brand_revenue":0.0,"category_revenue":2003932.03125,"share_pct":0.0},{"period":"2025-01","brand_revenue":0.0,"category_revenue":1921719.21875,"share_pct":0.0},{"period":"2025-02","brand_revenue":0.0,"category_revenue":1668647.5,"share_pct":0.0},{"period":"2025-03","brand_revenue":0.0,"category_revenue":1758711.25,"share_pct":0.0},{"period":"2025-04","brand_revenue":0.0,"category_revenue":1735997.5,"share_pct":0.0},{"period":"2025-05","brand_revenue":0.0,"category_revenue":1688800.46875,"share_pct":0.0},{"period":"2025-06","brand_revenue":0.0,"category_revenue":1594515.0,"share_pct":0.0},{"period":"2025-07","brand_revenue":0.0,"category_revenue":1595739.53125,"share_pct":0.0},{"period":"2025-08","brand_revenue":0.0,"category_revenue":1677489.6875,"share_pct":0.0},{"period":"2025-09","brand_revenue":0.0,"category_revenue":1539547.96875,"share_pct":0.0},{"period":"2025-10","brand_revenue":157.5,"category_revenue":1548909.21875,"share_pct":0.0},{"period":"2025-11","brand_revenue":6595.0,"category_revenue":1545430.15625,"share_pct":0.4000000059604645},{"period":"2025-12","brand_revenue":4848.75,"category_revenue":1467828.28125,"share_pct":0.30000001192092896},{"period":"2026-01","brand_revenue":1317.5,"category_revenue":1425064.0625,"share_pct":0.10000000149011612}]},"velocity_by_category":[{"category":"DISPOSABLE VAPE","brand_units_per_day":2.0,"category_avg_units_per_day":28.36,"velocity_index":7.0,"brand_rev_per_unit":44.57,"category_rev_per_unit":32.31,"brands_in_category":35},{"category":"CARTRIDGE","brand_units_per_day":0.54,"category_avg_units_per_day":74.5,"velocity_index":0.7,"brand_rev_per_unit":25.58,"category_rev_per_unit":24.09,"brands_in_category":27}],"store_gaps":[{"store":"Elevation Boulevard","category":"CARTRIDGE","category_revenue_at_store":4639200.625,"opportunity":"Brand not carried"},{"store":"Elevation Boulevard","category":"DISPOSABLE VAPE","category_revenue_at_store":3324592.5,"opportunity":"Brand not carried"},{"store":"Elevation Downtown","category":"DISPOSABLE VAPE","category_revenue_at_store":386406.2890625,"opportunity":"Brand not carried"},{"store":"Elevation Downtown","category":"CARTRIDGE","category_revenue_at_store":190494.43359375,"opportunity":"Brand not carried"}],"product_mix":{"top":[{"product":"LEMON CHERRY GELATO X WHITE RUNTZ ROSIN DISPOSABLE VAPE - TRICHOME","units":670,"revenue":36943.7744140625,"cost":17837.5,"profit":19106.2744140625,"stores":5,"transactions":638,"margin":51.70000076293945},{"product":"WEDDING CRASHERS ROSIN DISPOSABLE VAPE - TRICHOME","units":306,"revenue":18119.375,"cost":8625.0,"profit":9494.375,"stores":5,"transactions":288,"margin":52.400001525878906},{"product":"LEMON OG GLUE ROSIN DISPOSABLE VAPE - TRICHOME","units":346,"revenue":16243.75,"cost":8650.0,"profit":7593.75,"stores":5,"transactions":320,"margin":46.70000076293945},{"product":"WHITE RUNTZ ROSIN DISPOSABLE VAPE - TRICHOME","units":198,"revenue":13376.624755859375,"cost":5875.0,"profit":7501.624755859375,"stores":3,"transactions":186,"margin":56.099998474121094},{"product":"STRAWBERRY DIESEL CART - TRICHOME","units":124,"revenue":4042.5,"cost":465.0,"profit":3577.5,"stores":3,"transactions":118,"margin":88.5},{"product":"PINEAPPLE OG CART - TRICHOME","units":98,"revenue":3090.0,"cost":367.5,"profit":2722.5,"stores":2,"transactions":96,"margin":88.0999984741211},{"product":"LEMON OG CART - TRICHOME","units":94,"revenue":2965.0,"cost":352.5,"profit":2612.5,"stores":2,"transactions":86,"margin":88.0999984741211},{"product":"WIFI OG CART - TRICHOME","units":88,"revenue":2821.25,"cost":330.0,"profit":2491.25,"stores":3,"transactions":80,"margin":88.30000305175781}],"bottom":[],"expansion":[{"product":"WHITE RUNTZ ROSIN DISPOSABLE VAPE - TRICHOME","current_stores":3,"total_stores":5,"missing_stores":["Elevation Mesa","Elevation Midtown"],"revenue":13376.624755859375},{"product":"STRAWBERRY DIESEL CART - TRICHOME","current_stores":3,"total_stores":5,"missing_stores":["Elevation Springs","Elevation Oasis"],"revenue":4042.5},{"product":"PINEAPPLE OG CART - TRICHOME","current_stores":2,"total_stores":5,"missing_stores":["Elevation Mesa","Elevation Midtown","Elevation Parkway"],"revenue":3090.0},{"product":"LEMON OG CART - TRICHOME","current_stores":2,"total_stores":5,"missing_stores":["Elevation Mesa","Elevation Midtown","Elevation Parkway"],"revenue":2965.0},{"product":"WIFI OG CART - TRICHOME","current_stores":3,"total_stores":5,"missing_stores":["Elevation Springs","Elevation Oasis"],"revenue":2821.25}]},"pricing_consistency":[{"product":"WEDDING CRASHERS ROSIN DISPOSABLE VAPE - TRICHOME","min_price":92.71000366210939,"max_price":157.8125,"avg_price":121.73394070579891,"std_dev":9.84285391347823,"store_count":10,"price_range":65.10249633789061,"range_pct":53.5},{"product":"LEMON CHERRY GELATO X WHITE RUNTZ ROSIN DISPOSABLE VAPE - TRICHOME","min_price":95.79336166381836,"max_price":125.60473467852619,"avg_price":110.57010874444963,"std_dev":4.588470007762573,"store_count":10,"price_range":29.81137301470783,"range_pct":27.0},{"product":"LEMON OG GLUE ROSIN DISPOSABLE VAPE - TRICHOME","min_price":84.275,"max_price":104.8800048828125,"avg_price":96.49497425624303,"std_dev":3.5840227170194012,"store_count":10,"price_range":20.605004882812494,"range_pct":21.4},{"product":"STRAWBERRY DIESEL CART - TRICHOME","min_price":57.91666666666667,"max_price":67.1,"avg_price":63.93888888888888,"std_dev":2.0870216240516672,"store_count":6,"price_range":9.18333333333333,"range_pct":14.4},{"product":"WIFI OG CART - TRICHOME","min_price":58.92857142857143,"max_price":66.66666666666667,"avg_price":63.31507936507936,"std_dev":1.5886006430262543,"store_count":6,"price_range":7.738095238095237,"range_pct":12.2},{"product":"WHITE RUNTZ ROSIN DISPOSABLE VAPE - TRICHOME","min_price":124.5,"max_price":140.09499511718752,"avg_price":133.4674289279514,"std_dev":3.222599854857483,"store_count":6,"price_range":15.594995117187516,"range_pct":11.7},{"product":"PINEAPPLE OG CART - TRICHOME","min_price":60.3125,"max_price":65.7,"avg_price":63.00625,"std_dev":1.5238151134570106,"store_count":4,"price_range":5.387500000000003,"range_pct":8.6},{"product":"LEMON OG CART - TRICHOME","min_price":61.2,"max_price":65.22727272727272,"avg_price":63.21363636363636,"std_dev":1.1390847420568737,"store_count":4,"price_range":4.027272727272724,"range_pct":6.4}],"promotional_effectiveness":{"lift":{"fp_units_per_day":4.78,"disc_units_per_day":6.82,"lift_pct":42.9,"fp_avg_revenue_per_unit":123.35000000000001,"disc_avg_revenue_per_unit":86.15},"by_deal":[{"deal_name":"Industry 30% Off","uses":150,"revenue":13984.166866938274,"discounts":6040.833388169607,"units":340.6666666666667,"cost":7345.833333333334,"margin":47.5,"discount_depth":60.4},{"deal_name":"Lit4Less - 3 for $75 Carts - Srene / Select / AMA / Optimum / BC","uses":51,"revenue":4062.5,"discounts":812.5,"units":130.0,"cost":487.5,"margin":88.0,"discount_depth":33.4},{"deal_name":"Pressure / Trichome- Rosin Disposables - 2 for $80","uses":39,"revenue":7800.0,"discounts":6680.0,"units":156.0,"cost":4850.0,"margin":37.8,"discount_depth":92.2},{"deal_name":"30% Off Special","uses":22,"revenue":1932.0000457763672,"discounts":828.0000114440918,"units":48.0,"cost":1200.0,"margin":37.9,"discount_depth":60.0},{"deal_name":"Senior - 10% Off","uses":16,"revenue":1572.7500343322754,"discounts":174.7499978542328,"units":34.0,"cost":565.0,"margin":64.1,"discount_depth":20.0},{"deal_name":"Trichome - 25% Off - Rosin Dispo","uses":14,"revenue":1882.8125,"discounts":648.4375,"units":27.0,"cost":843.75,"margin":55.2,"discount_depth":51.2},{"deal_name":"Veterans - 10% Off","uses":11,"revenue":1437.7500343322754,"discounts":159.7499978542328,"units":24.0,"cost":637.5,"margin":55.7,"discount_depth":20.0},{"deal_name":"Jackpot - Locals 30% Off","uses":7,"revenue":934.4999980926514,"discounts":400.500009059906,"units":26.0,"cost":480.0,"margin":48.6,"discount_depth":60.0},{"deal_name":"Employee 30% - NOT FRIDAYS","uses":7,"revenue":558.2500076293945,"discounts":239.25000190734863,"units":14.0,"cost":277.5,"margin":50.3,"discount_depth":60.0},{"deal_name":"Employee - 40% OFF","uses":5,"revenue":532.5250053405762,"discounts":417.4749946594238,"units":14.0,"cost":375.0,"margin":29.6,"discount_depth":87.8},{"deal_name":"Senior / Veterans - 20% Off","uses":3,"revenue":211.99999809265137,"discounts":52.99999952316284,"units":6.0,"cost":65.0,"margin":69.3,"discount_depth":40.0},{"deal_name":"LVAC - 25% Off","uses":2,"revenue":172.5,"discounts":57.5,"units":4.0,"cost":100.0,"margin":42.0,"discount_depth":50.0},{"deal_name":"Sammy Davis Early Bird - 15% Off","uses":2,"revenue":318.75,"discounts":56.25,"units":4.0,"cost":125.0,"margin":60.8,"discount_depth":30.0},{"deal_name":"Store Credit - $25","uses":2,"revenue":166.66666666666669,"discounts":83.33333333333331,"units":2.6666666666666665,"cost":83.33333333333334,"margin":50.0,"discount_depth":66.6},{"deal_name":"Pressure - Rosin Disposables - 2 for $80","uses":1,"revenue":200.0,"discounts":30.0,"units":4.0,"cost":100.0,"margin":50.0,"discount_depth":26.0},{"deal_name":"Store Credit - $15","uses":1,"revenue":10.416666666666668,"discounts":52.08333333333333,"units":0.6666666666666666,"cost":20.833333333333336,"margin":-100.0,"discount_depth":166.6},{"deal_name":"Store Credit - $50","uses":1,"revenue":54.6875,"discounts":39.0625,"units":1.0,"cost":31.25,"margin":42.9,"discount_depth":83.4}]},"growth_opportunities":[{"type":"distribution","title":"Expand to Elevation Downtown","detail":"Store has $230,760 in CARTRIDGE, DISPOSABLE VAPE \u2014 categories where TRICHOME competes.","priority":"high"},{"type":"distribution","title":"Expand to Elevation Boulevard","detail":"Store has $3,185,517 in CARTRIDGE, DISPOSABLE VAPE \u2014 categories where TRICHOME competes.","priority":"high"},{"type":"sku_expansion","title":"Add 'LEMON OG CART - TRICHOME' to 3 more store(s)","detail":"Carried in 2 stores. Missing from: Elevation Mesa, Elevation Midtown, Elevation Parkway","priority":"medium"},{"type":"sku_expansion","title":"Add 'PINEAPPLE OG CART - TRICHOME' to 3 more store(s)","detail":"Carried in 2 stores. Missing from: Elevation Mesa, Elevation Midtown, Elevation Parkway","priority":"medium"},{"type":"sku_expansion","title":"Add 'STRAWBERRY DIESEL CART - TRICHOME' to 2 more store(s)","detail":"Carried in 3 stores. Missing from: Elevation Springs, Elevation Oasis","priority":"medium"},{"type":"sku_expansion","title":"Add 'WHITE RUNTZ ROSIN DISPOSABLE VAPE - TRICHOME' to 2 more store(s)","detail":"Carried in 3 stores. Missing from: Elevation Mesa, Elevation Midtown","priority":"medium"},{"type":"sku_expansion","title":"Add 'WIFI OG CART - TRICHOME' to 2 more store(s)","detail":"Carried in 3 stores. Missing from: Elevation Springs, Elevation Oasis","priority":"medium"},{"type":"velocity","title":"Improve velocity in DISPOSABLE VAPE","detail":"Velocity index 7 (below category average). 1.0 units/day vs 14.2 avg.","priority":"medium"},{"type":"velocity","title":"Improve velocity in CARTRIDGE","detail":"Velocity index 1 (below category average). 0.3 units/day vs 37.2 avg.","priority":"medium"}],"trend":[{"period":"2025-05","revenue":2072.7749633789062,"cost":1150.0,"margin":44.5,"units":46,"transactions":42,"profit":922.7749633789062,"revenue_change_pct":null,"units_change_pct":null,"margin_change_pts":null},{"period":"2025-06","revenue":12376.75048828125,"cost":6250.0,"margin":49.5,"units":250,"transactions":214,"profit":6126.7498779296875,"revenue_change_pct":497.1,"units_change_pct":443.5,"margin_change_pts":5.0},{"period":"2025-07","revenue":21227.62451171875,"cost":10950.0,"margin":48.4,"units":438,"transactions":376,"profit":10277.62451171875,"revenue_change_pct":71.5,"units_change_pct":75.2,"margin_change_pts":-1.1},{"period":"2025-08","revenue":7110.250244140625,"cost":3500.0,"margin":50.8,"units":140,"transactions":118,"profit":3610.2499389648438,"revenue_change_pct":-66.5,"units_change_pct":-68.0,"margin_change_pts":2.4},{"period":"2025-09","revenue":4030.7501220703125,"cost":2050.0,"margin":49.1,"units":82,"transactions":70,"profit":1980.7499694824219,"revenue_change_pct":-43.3,"units_change_pct":-41.4,"margin_change_pts":-1.6},{"period":"2025-10","revenue":4341.1248779296875,"cost":2022.5,"margin":53.4,"units":82,"transactions":76,"profit":2318.625030517578,"revenue_change_pct":7.7,"units_change_pct":0,"margin_change_pts":4.3},{"period":"2025-11","revenue":24626.75048828125,"cost":9672.5,"margin":60.7,"units":494,"transactions":370,"profit":14954.25048828125,"revenue_change_pct":467.3,"units_change_pct":502.4,"margin_change_pts":7.3},{"period":"2025-12","revenue":15157.5,"cost":4750.0,"margin":68.7,"units":286,"transactions":258,"profit":10407.5,"revenue_change_pct":-38.5,"units_change_pct":-42.1,"margin_change_pts":7.9},{"period":"2026-01","revenue":6658.75,"cost":2157.5,"margin":67.6,"units":106,"transactions":98,"profit":4501.25,"revenue_change_pct":-56.1,"units_change_pct":-62.9,"margin_change_pts":-1.1}]}