{"brand":"JAMS JELLIES","date_range":"2024-01-01 00:00:00 to 2026-01-31 00:00:00","period_label":"All Time","summary":{"total_units":96368,"total_revenue":1217145.46875,"total_cost":598727.2265625,"total_discounts":346083.2421875,"total_profit":618418.3203125,"overall_margin":50.79999923706055,"fp_margin":61.400001525878906,"disc_margin":46.599998474121094,"pct_full_price":28.299999237060547,"avg_discount_rate":22.100000381469727,"fp_revenue":344650.0,"disc_revenue":872495.546875,"brand":"JAMS JELLIES","date_range":"2024-01-01 00:00:00 to 2026-01-31 00:00:00","primary_category":"EDIBLE","store_coverage":"7/7","stores_present":["Elevation Springs","Elevation Mesa","Elevation Oasis","Elevation Downtown","Elevation Midtown","Elevation Boulevard","Elevation Parkway"],"stores_missing":[],"velocity_rank":6,"velocity_total":32},"distribution":[{"store":"Elevation Springs","carries_brand":true,"sku_count":10,"revenue":176594.921875,"units":14082,"store_total_revenue":51138750.0,"brand_share_pct":0.30000001192092896},{"store":"Elevation Mesa","carries_brand":true,"sku_count":10,"revenue":203067.734375,"units":16422,"store_total_revenue":47532240.0,"brand_share_pct":0.4000000059604645},{"store":"Elevation Oasis","carries_brand":true,"sku_count":10,"revenue":424409.9609375,"units":33410,"store_total_revenue":56050145.0,"brand_share_pct":0.800000011920929},{"store":"Elevation Downtown","carries_brand":true,"sku_count":10,"revenue":8008.699951171875,"units":598,"store_total_revenue":1945237.1875,"brand_share_pct":0.4000000059604645},{"store":"Elevation Midtown","carries_brand":true,"sku_count":10,"revenue":115564.8828125,"units":9184,"store_total_revenue":30850185.0,"brand_share_pct":0.4000000059604645},{"store":"Elevation Boulevard","carries_brand":true,"sku_count":10,"revenue":179125.859375,"units":14578,"store_total_revenue":28757865.0,"brand_share_pct":0.6000000238418579},{"store":"Elevation Parkway","carries_brand":true,"sku_count":10,"revenue":110373.45703125,"units":8094,"store_total_revenue":21987007.5,"brand_share_pct":0.5}],"share_of_category":[{"category":"EDIBLE","brand_revenue":1217145.46875,"category_revenue":29378492.5,"revenue_share_pct":4.099999904632568,"brand_units":96368,"category_units":1706530,"units_share_pct":5.6}],"share_of_category_trend":{"EDIBLE":[{"period":"2024-01","brand_revenue":22759.19921875,"category_revenue":1115754.921875,"share_pct":2.0},{"period":"2024-02","brand_revenue":30161.72607421875,"category_revenue":1235210.0,"share_pct":2.4000000953674316},{"period":"2024-03","brand_revenue":35304.87548828125,"category_revenue":1273343.671875,"share_pct":2.799999952316284},{"period":"2024-04","brand_revenue":36533.04931640625,"category_revenue":1298159.0625,"share_pct":2.799999952316284},{"period":"2024-05","brand_revenue":33284.326171875,"category_revenue":1215880.78125,"share_pct":2.700000047683716},{"period":"2024-06","brand_revenue":41238.1005859375,"category_revenue":1181362.421875,"share_pct":3.5},{"period":"2024-07","brand_revenue":29778.02490234375,"category_revenue":1128302.8125,"share_pct":2.5999999046325684},{"period":"2024-08","brand_revenue":66508.1982421875,"category_revenue":1167724.921875,"share_pct":5.699999809265137},{"period":"2024-09","brand_revenue":39224.49951171875,"category_revenue":1114619.53125,"share_pct":3.5},{"period":"2024-10","brand_revenue":62491.826171875,"category_revenue":1205149.0625,"share_pct":5.199999809265137},{"period":"2024-11","brand_revenue":55847.4755859375,"category_revenue":1236132.421875,"share_pct":4.5},{"period":"2024-12","brand_revenue":82002.67578125,"category_revenue":1207318.046875,"share_pct":6.800000190734863},{"period":"2025-01","brand_revenue":61639.7998046875,"category_revenue":1176202.578125,"share_pct":5.199999809265137},{"period":"2025-02","brand_revenue":51730.751953125,"category_revenue":1097683.359375,"share_pct":4.699999809265137},{"period":"2025-03","brand_revenue":52520.498046875,"category_revenue":1228067.265625,"share_pct":4.300000190734863},{"period":"2025-04","brand_revenue":59346.2255859375,"category_revenue":1290106.171875,"share_pct":4.599999904632568},{"period":"2025-05","brand_revenue":53155.673828125,"category_revenue":1191670.3125,"share_pct":4.5},{"period":"2025-06","brand_revenue":46740.2490234375,"category_revenue":1110702.109375,"share_pct":4.199999809265137},{"period":"2025-07","brand_revenue":61663.4765625,"category_revenue":1096938.125,"share_pct":5.599999904632568},{"period":"2025-08","brand_revenue":51666.298828125,"category_revenue":1145920.859375,"share_pct":4.5},{"period":"2025-09","brand_revenue":61513.9990234375,"category_revenue":1070074.53125,"share_pct":5.699999809265137},{"period":"2025-10","brand_revenue":46545.3515625,"category_revenue":1168865.78125,"share_pct":4.0},{"period":"2025-11","brand_revenue":58368.1005859375,"category_revenue":1192334.453125,"share_pct":4.900000095367432},{"period":"2025-12","brand_revenue":46687.6513671875,"category_revenue":1138094.375,"share_pct":4.099999904632568},{"period":"2026-01","brand_revenue":30433.47412109375,"category_revenue":1092874.21875,"share_pct":2.799999952316284}]},"velocity_by_category":[{"category":"EDIBLE","brand_units_per_day":126.46,"category_avg_units_per_day":69.98,"velocity_index":180.7,"brand_rev_per_unit":10.1,"category_rev_per_unit":13.77,"brands_in_category":32}],"store_gaps":[],"product_mix":{"top":[{"product":"MIXED BERRY INDICA GUMMIES - JAMS JELLIES","units":27696,"revenue":342556.484375,"cost":171617.9296875,"profit":170938.57421875,"stores":7,"transactions":15942,"margin":49.900001525878906},{"product":"PEACH HYBRID GUMMIES - JAMS JELLIES","units":23298,"revenue":290984.1796875,"cost":143506.77734375,"profit":147477.40234375,"stores":7,"transactions":14780,"margin":50.70000076293945},{"product":"RUBY RED GRAPEFRUIT SATIVA GUMMIES - JAMS JELLIES","units":18678,"revenue":234375.68359375,"cost":116732.529296875,"profit":117643.154296875,"stores":7,"transactions":11460,"margin":50.20000076293945},{"product":"SOUR STRAWBERRY LEMONADE GUMMIES - JAMS JELLIES","units":13842,"revenue":182543.18359375,"cost":86577.5,"profit":95965.673828125,"stores":7,"transactions":8986,"margin":52.599998474121094},{"product":"SOUR WATERMELON LIME GUMMIES - JAMS JELLIES","units":12854,"revenue":166685.99609375,"cost":80292.5,"profit":86393.49609375,"stores":7,"transactions":8452,"margin":51.79999923706055}],"bottom":[],"expansion":[]},"pricing_consistency":[{"product":"PEACH HYBRID GUMMIES - JAMS JELLIES","min_price":23.947339695608783,"max_price":29.680232558139537,"avg_price":25.74115634247802,"std_dev":0.7938296446963696,"store_count":14,"price_range":5.732892862530754,"range_pct":22.3},{"product":"SOUR STRAWBERRY LEMONADE GUMMIES - JAMS JELLIES","min_price":25.49413791984072,"max_price":28.89542172434573,"avg_price":26.561867334261077,"std_dev":0.43610066187580276,"store_count":14,"price_range":3.4012838045050087,"range_pct":12.8},{"product":"RUBY RED GRAPEFRUIT SATIVA GUMMIES - JAMS JELLIES","min_price":24.331630784638072,"max_price":27.11856881458094,"avg_price":25.12860947504271,"std_dev":0.3847610988765086,"store_count":14,"price_range":2.786938029942867,"range_pct":11.1},{"product":"MIXED BERRY INDICA GUMMIES - JAMS JELLIES","min_price":24.268116284442204,"max_price":26.62464614622753,"avg_price":25.0982917467709,"std_dev":0.37919431229561035,"store_count":14,"price_range":2.356529861785326,"range_pct":9.4},{"product":"SOUR WATERMELON LIME GUMMIES - JAMS JELLIES","min_price":25.127059177036198,"max_price":27.080556291195855,"avg_price":26.159166313964157,"std_dev":0.2660311976189513,"store_count":14,"price_range":1.953497114159659,"range_pct":7.5}],"promotional_effectiveness":{"lift":{"fp_units_per_day":28.74,"disc_units_per_day":98.82,"lift_pct":243.9,"fp_avg_revenue_per_unit":32.125,"disc_avg_revenue_per_unit":23.3},"by_deal":[{"deal_name":"Stock & Save - Edibles 5 for $50","uses":3184,"revenue":329020.5625128746,"discounts":81932.56250023842,"units":26301.0,"cost":163545.42499997187,"margin":50.3,"discount_depth":39.8},{"deal_name":"Industry - 30% Off","uses":2037,"revenue":68541.46250009537,"discounts":29552.287499904633,"units":6278.0,"cost":39000.47499998938,"margin":43.1,"discount_depth":60.2},{"deal_name":"Lit4Less - Edibles 4 for $40","uses":1616,"revenue":140613.6874988675,"discounts":70586.31249845028,"units":11268.0,"cost":70560.0,"margin":49.8,"discount_depth":66.8},{"deal_name":"Select Saturday - BOGO Edibles","uses":1042,"revenue":53468.988144397736,"discounts":52640.38689374924,"units":6791.0,"cost":41657.82499996945,"margin":22.1,"discount_depth":99.2},{"deal_name":"Industry 30% Off","uses":644,"revenue":25414.424998760223,"discounts":11091.82499408722,"units":2197.0,"cost":13753.75,"margin":45.9,"discount_depth":60.8},{"deal_name":"Senior - 10% Off","uses":515,"revenue":25512.8125,"discounts":2977.8125,"units":1787.0,"cost":10951.674999995157,"margin":57.1,"discount_depth":21.0},{"deal_name":"Lit4Less - Edibles 5 for $50","uses":456,"revenue":63509.6749997139,"discounts":18189.075000286102,"units":5088.0,"cost":31725.0,"margin":50.0,"discount_depth":44.6},{"deal_name":"GW - 50% Off Edibles","uses":233,"revenue":7612.5,"discounts":7606.25,"units":974.0,"cost":6087.5,"margin":20.0,"discount_depth":100.0},{"deal_name":"Veterans - 10% Off","uses":209,"revenue":8751.5625,"discounts":1057.8125,"units":613.0,"cost":3776.349999997765,"margin":56.8,"discount_depth":21.6},{"deal_name":"Jackpot - Locals 30% Off","uses":197,"revenue":9715.687503814697,"discounts":4221.812496185303,"units":876.0,"cost":5462.524999999441,"margin":43.8,"discount_depth":60.6},{"deal_name":"50% Off - G2B","uses":177,"revenue":7451.675000190735,"discounts":7548.324999809265,"units":800.0,"cost":5000.0,"margin":32.9,"discount_depth":100.6},{"deal_name":"4/17-4/19  Select / Jams","uses":169,"revenue":6378.999999761581,"discounts":6464.749999046326,"units":822.0,"cost":5137.5,"margin":19.5,"discount_depth":100.6},{"deal_name":"Senior / Veterans - 20% Off","uses":148,"revenue":7067.549991607666,"discounts":1869.9499988555908,"units":558.0,"cost":3467.5499999988824,"margin":50.9,"discount_depth":41.8},{"deal_name":"4/20 50% Off!!!!","uses":118,"revenue":5062.624998092651,"discounts":4906.125001907349,"units":638.0,"cost":3987.5,"margin":21.2,"discount_depth":98.4},{"deal_name":"LVAC - 25% Off","uses":117,"revenue":3695.2249693870544,"discounts":1242.275037765503,"units":314.0,"cost":1962.5,"margin":46.9,"discount_depth":50.4},{"deal_name":"30% Off Special","uses":70,"revenue":2047.499988079071,"discounts":877.4999970197678,"units":190.0,"cost":1187.5,"margin":42.0,"discount_depth":60.0},{"deal_name":"Employee 30% - NOT FRIDAYS","uses":24,"revenue":634.375,"discounts":271.875,"units":58.0,"cost":362.5,"margin":42.9,"discount_depth":60.0},{"deal_name":"Employee - 40% OFF","uses":23,"revenue":705.0,"discounts":470.0,"units":74.0,"cost":462.5,"margin":34.4,"discount_depth":80.0},{"deal_name":"Store Credit - $15","uses":11,"revenue":649.3249994516373,"discounts":456.92499816417694,"units":59.0,"cost":368.75,"margin":43.2,"discount_depth":82.6},{"deal_name":"Sammy Davis Early Bird - 15% Off","uses":4,"revenue":159.375,"discounts":28.125,"units":10.0,"cost":62.5,"margin":60.8,"discount_depth":30.0}]},"growth_opportunities":[],"trend":[{"period":"2024-01","revenue":22759.19921875,"cost":12312.5,"margin":45.9,"units":1970,"transactions":1068,"profit":10446.700439453125,"revenue_change_pct":null,"units_change_pct":null,"margin_change_pts":null},{"period":"2024-02","revenue":30161.72607421875,"cost":17575.0,"margin":41.7,"units":2812,"transactions":1326,"profit":12586.724853515625,"revenue_change_pct":32.5,"units_change_pct":42.7,"margin_change_pts":-4.2},{"period":"2024-03","revenue":35304.87548828125,"cost":20687.5,"margin":41.4,"units":3310,"transactions":1600,"profit":14617.37548828125,"revenue_change_pct":17.1,"units_change_pct":17.7,"margin_change_pts":-0.3},{"period":"2024-04","revenue":36533.04931640625,"cost":20687.5,"margin":43.4,"units":3310,"transactions":1572,"profit":15845.550537109375,"revenue_change_pct":3.5,"units_change_pct":0,"margin_change_pts":2.0},{"period":"2024-05","revenue":33284.326171875,"cost":17300.0,"margin":48.0,"units":2768,"transactions":1438,"profit":15984.324951171875,"revenue_change_pct":-8.9,"units_change_pct":-16.4,"margin_change_pts":4.7},{"period":"2024-06","revenue":41238.1005859375,"cost":20765.625,"margin":49.6,"units":3572,"transactions":1766,"profit":20472.474365234375,"revenue_change_pct":23.9,"units_change_pct":29.0,"margin_change_pts":1.6},{"period":"2024-07","revenue":29778.02490234375,"cost":12140.12451171875,"margin":59.2,"units":2152,"transactions":1246,"profit":17637.900390625,"revenue_change_pct":-27.8,"units_change_pct":-39.8,"margin_change_pts":9.6},{"period":"2024-08","revenue":66508.1982421875,"cost":31463.974609375,"margin":52.7,"units":5152,"transactions":1836,"profit":35044.22607421875,"revenue_change_pct":123.3,"units_change_pct":139.4,"margin_change_pts":-6.5},{"period":"2024-09","revenue":39224.49951171875,"cost":19087.5,"margin":51.3,"units":3054,"transactions":1418,"profit":20136.99951171875,"revenue_change_pct":-41.0,"units_change_pct":-40.7,"margin_change_pts":-1.4},{"period":"2024-10","revenue":62491.826171875,"cost":29725.0,"margin":52.4,"units":4756,"transactions":2244,"profit":32766.826171875,"revenue_change_pct":59.3,"units_change_pct":55.7,"margin_change_pts":1.1},{"period":"2024-11","revenue":55847.4755859375,"cost":29325.0,"margin":47.5,"units":4692,"transactions":2380,"profit":26522.4755859375,"revenue_change_pct":-10.6,"units_change_pct":-1.3,"margin_change_pts":-4.9},{"period":"2024-12","revenue":82002.67578125,"cost":39800.0,"margin":51.5,"units":6368,"transactions":2900,"profit":42202.67578125,"revenue_change_pct":46.8,"units_change_pct":35.7,"margin_change_pts":4.0},{"period":"2025-01","revenue":61639.7998046875,"cost":29900.0,"margin":51.5,"units":4784,"transactions":2254,"profit":31739.7998046875,"revenue_change_pct":-24.8,"units_change_pct":-24.9,"margin_change_pts":0.0},{"period":"2025-02","revenue":51730.751953125,"cost":25287.5,"margin":51.1,"units":4046,"transactions":1924,"profit":26443.24951171875,"revenue_change_pct":-16.1,"units_change_pct":-15.4,"margin_change_pts":-0.4},{"period":"2025-03","revenue":52520.498046875,"cost":25475.0,"margin":51.5,"units":4076,"transactions":1728,"profit":27045.50048828125,"revenue_change_pct":1.5,"units_change_pct":0.7,"margin_change_pts":0.4},{"period":"2025-04","revenue":59346.2255859375,"cost":30950.0,"margin":47.8,"units":4952,"transactions":2228,"profit":28396.2255859375,"revenue_change_pct":13.0,"units_change_pct":21.5,"margin_change_pts":-3.6},{"period":"2025-05","revenue":53155.673828125,"cost":25687.5,"margin":51.7,"units":4110,"transactions":1830,"profit":27468.173828125,"revenue_change_pct":-10.4,"units_change_pct":-17.0,"margin_change_pts":3.8},{"period":"2025-06","revenue":46740.2490234375,"cost":22900.0,"margin":51.0,"units":3664,"transactions":1536,"profit":23840.2490234375,"revenue_change_pct":-12.1,"units_change_pct":-10.9,"margin_change_pts":-0.7},{"period":"2025-07","revenue":61663.4765625,"cost":29725.0,"margin":51.8,"units":4756,"transactions":1990,"profit":31938.47412109375,"revenue_change_pct":31.9,"units_change_pct":29.8,"margin_change_pts":0.8},{"period":"2025-08","revenue":51666.298828125,"cost":24485.0,"margin":52.6,"units":3944,"transactions":1628,"profit":27181.298828125,"revenue_change_pct":-16.2,"units_change_pct":-17.1,"margin_change_pts":0.8},{"period":"2025-09","revenue":61513.9990234375,"cost":28525.0,"margin":53.6,"units":4564,"transactions":1904,"profit":32988.9990234375,"revenue_change_pct":19.1,"units_change_pct":15.7,"margin_change_pts":1.0},{"period":"2025-10","revenue":46545.3515625,"cost":21392.5,"margin":54.0,"units":3404,"transactions":1768,"profit":25152.84912109375,"revenue_change_pct":-24.3,"units_change_pct":-25.4,"margin_change_pts":0.4},{"period":"2025-11","revenue":58368.1005859375,"cost":28330.0,"margin":51.5,"units":4520,"transactions":2024,"profit":30038.1005859375,"revenue_change_pct":25.4,"units_change_pct":32.8,"margin_change_pts":-2.6},{"period":"2025-12","revenue":46687.6513671875,"cost":21187.5,"margin":54.6,"units":3390,"transactions":1614,"profit":25500.14892578125,"revenue_change_pct":-20.0,"units_change_pct":-25.0,"margin_change_pts":3.2},{"period":"2026-01","revenue":30433.47412109375,"cost":14012.5,"margin":54.0,"units":2242,"transactions":974,"profit":16420.975341796875,"revenue_change_pct":-34.8,"units_change_pct":-33.9,"margin_change_pts":-0.7}]}