{"brand":"JAMS JELLIES","date_range":"2024-01-01 00:00:00 to 2026-01-31 00:00:00","period_label":"All Time","summary":{"total_units":96368,"total_revenue":1217145.46875,"total_cost":598727.2265625,"total_discounts":346083.2421875,"total_profit":618418.3203125,"overall_margin":50.79999923706055,"fp_margin":61.400001525878906,"disc_margin":46.599998474121094,"pct_full_price":28.299999237060547,"avg_discount_rate":22.100000381469727,"fp_revenue":344650.0,"disc_revenue":872495.546875,"unique_customers":26858,"brand":"JAMS JELLIES","date_range":"2024-01-01 00:00:00 to 2026-01-31 00:00:00","months_count":50,"avg_monthly_cost":23949.1,"cost_per_unit":12.424999999999999,"primary_category":"EDIBLE","primary_cat_margin":50.0,"category_rank":9,"category_total":32,"margin_vs_category":0.800000011920929,"velocity_rank":6},"category_breakdown":[{"category_clean":"EDIBLE","units":96368,"revenue":1217145.546875,"cost":598727.2265625,"profit":618418.28125,"discounts":346083.2421875,"margin":50.79999923706055,"category_avg_margin":50.0,"vs_category":0.8,"rank":9.0,"total_brands":32.0}],"trend":[{"period":"2024-01","revenue":22759.19921875,"cost":12312.5,"margin":45.9,"units":1970,"transactions":1068,"profit":10446.700439453125,"revenue_change_pct":null,"units_change_pct":null,"margin_change_pts":null},{"period":"2024-02","revenue":30161.72607421875,"cost":17575.0,"margin":41.7,"units":2812,"transactions":1326,"profit":12586.724853515625,"revenue_change_pct":32.5,"units_change_pct":42.7,"margin_change_pts":-4.2},{"period":"2024-03","revenue":35304.87548828125,"cost":20687.5,"margin":41.4,"units":3310,"transactions":1600,"profit":14617.37548828125,"revenue_change_pct":17.1,"units_change_pct":17.7,"margin_change_pts":-0.3},{"period":"2024-04","revenue":36533.04931640625,"cost":20687.5,"margin":43.4,"units":3310,"transactions":1572,"profit":15845.550537109375,"revenue_change_pct":3.5,"units_change_pct":0,"margin_change_pts":2.0},{"period":"2024-05","revenue":33284.326171875,"cost":17300.0,"margin":48.0,"units":2768,"transactions":1438,"profit":15984.324951171875,"revenue_change_pct":-8.9,"units_change_pct":-16.4,"margin_change_pts":4.7},{"period":"2024-06","revenue":41238.1005859375,"cost":20765.625,"margin":49.6,"units":3572,"transactions":1766,"profit":20472.474365234375,"revenue_change_pct":23.9,"units_change_pct":29.0,"margin_change_pts":1.6},{"period":"2024-07","revenue":29778.02490234375,"cost":12140.12451171875,"margin":59.2,"units":2152,"transactions":1246,"profit":17637.900390625,"revenue_change_pct":-27.8,"units_change_pct":-39.8,"margin_change_pts":9.6},{"period":"2024-08","revenue":66508.1982421875,"cost":31463.974609375,"margin":52.7,"units":5152,"transactions":1836,"profit":35044.22607421875,"revenue_change_pct":123.3,"units_change_pct":139.4,"margin_change_pts":-6.5},{"period":"2024-09","revenue":39224.49951171875,"cost":19087.5,"margin":51.3,"units":3054,"transactions":1418,"profit":20136.99951171875,"revenue_change_pct":-41.0,"units_change_pct":-40.7,"margin_change_pts":-1.4},{"period":"2024-10","revenue":62491.826171875,"cost":29725.0,"margin":52.4,"units":4756,"transactions":2244,"profit":32766.826171875,"revenue_change_pct":59.3,"units_change_pct":55.7,"margin_change_pts":1.1},{"period":"2024-11","revenue":55847.4755859375,"cost":29325.0,"margin":47.5,"units":4692,"transactions":2380,"profit":26522.4755859375,"revenue_change_pct":-10.6,"units_change_pct":-1.3,"margin_change_pts":-4.9},{"period":"2024-12","revenue":82002.67578125,"cost":39800.0,"margin":51.5,"units":6368,"transactions":2900,"profit":42202.67578125,"revenue_change_pct":46.8,"units_change_pct":35.7,"margin_change_pts":4.0},{"period":"2025-01","revenue":61639.7998046875,"cost":29900.0,"margin":51.5,"units":4784,"transactions":2254,"profit":31739.7998046875,"revenue_change_pct":-24.8,"units_change_pct":-24.9,"margin_change_pts":0.0},{"period":"2025-02","revenue":51730.751953125,"cost":25287.5,"margin":51.1,"units":4046,"transactions":1924,"profit":26443.24951171875,"revenue_change_pct":-16.1,"units_change_pct":-15.4,"margin_change_pts":-0.4},{"period":"2025-03","revenue":52520.498046875,"cost":25475.0,"margin":51.5,"units":4076,"transactions":1728,"profit":27045.50048828125,"revenue_change_pct":1.5,"units_change_pct":0.7,"margin_change_pts":0.4},{"period":"2025-04","revenue":59346.2255859375,"cost":30950.0,"margin":47.8,"units":4952,"transactions":2228,"profit":28396.2255859375,"revenue_change_pct":13.0,"units_change_pct":21.5,"margin_change_pts":-3.6},{"period":"2025-05","revenue":53155.673828125,"cost":25687.5,"margin":51.7,"units":4110,"transactions":1830,"profit":27468.173828125,"revenue_change_pct":-10.4,"units_change_pct":-17.0,"margin_change_pts":3.8},{"period":"2025-06","revenue":46740.2490234375,"cost":22900.0,"margin":51.0,"units":3664,"transactions":1536,"profit":23840.2490234375,"revenue_change_pct":-12.1,"units_change_pct":-10.9,"margin_change_pts":-0.7},{"period":"2025-07","revenue":61663.4765625,"cost":29725.0,"margin":51.8,"units":4756,"transactions":1990,"profit":31938.47412109375,"revenue_change_pct":31.9,"units_change_pct":29.8,"margin_change_pts":0.8},{"period":"2025-08","revenue":51666.298828125,"cost":24485.0,"margin":52.6,"units":3944,"transactions":1628,"profit":27181.298828125,"revenue_change_pct":-16.2,"units_change_pct":-17.1,"margin_change_pts":0.8},{"period":"2025-09","revenue":61513.9990234375,"cost":28525.0,"margin":53.6,"units":4564,"transactions":1904,"profit":32988.9990234375,"revenue_change_pct":19.1,"units_change_pct":15.7,"margin_change_pts":1.0},{"period":"2025-10","revenue":46545.3515625,"cost":21392.5,"margin":54.0,"units":3404,"transactions":1768,"profit":25152.84912109375,"revenue_change_pct":-24.3,"units_change_pct":-25.4,"margin_change_pts":0.4},{"period":"2025-11","revenue":58368.1005859375,"cost":28330.0,"margin":51.5,"units":4520,"transactions":2024,"profit":30038.1005859375,"revenue_change_pct":25.4,"units_change_pct":32.8,"margin_change_pts":-2.6},{"period":"2025-12","revenue":46687.6513671875,"cost":21187.5,"margin":54.6,"units":3390,"transactions":1614,"profit":25500.14892578125,"revenue_change_pct":-20.0,"units_change_pct":-25.0,"margin_change_pts":3.2},{"period":"2026-01","revenue":30433.47412109375,"cost":14012.5,"margin":54.0,"units":2242,"transactions":974,"profit":16420.975341796875,"revenue_change_pct":-34.8,"units_change_pct":-33.9,"margin_change_pts":-0.7}],"share_of_category":[{"category":"EDIBLE","brand_revenue":1217145.46875,"category_revenue":29378492.5,"revenue_share_pct":4.099999904632568,"brand_units":96368,"category_units":1706530,"units_share_pct":5.6}],"share_of_category_trend":{"EDIBLE":[{"period":"2024-01","brand_revenue":22759.19921875,"category_revenue":1115754.921875,"share_pct":2.0},{"period":"2024-02","brand_revenue":30161.72607421875,"category_revenue":1235210.0,"share_pct":2.4000000953674316},{"period":"2024-03","brand_revenue":35304.87548828125,"category_revenue":1273343.671875,"share_pct":2.799999952316284},{"period":"2024-04","brand_revenue":36533.04931640625,"category_revenue":1298159.0625,"share_pct":2.799999952316284},{"period":"2024-05","brand_revenue":33284.326171875,"category_revenue":1215880.78125,"share_pct":2.700000047683716},{"period":"2024-06","brand_revenue":41238.1005859375,"category_revenue":1181362.421875,"share_pct":3.5},{"period":"2024-07","brand_revenue":29778.02490234375,"category_revenue":1128302.8125,"share_pct":2.5999999046325684},{"period":"2024-08","brand_revenue":66508.1982421875,"category_revenue":1167724.921875,"share_pct":5.699999809265137},{"period":"2024-09","brand_revenue":39224.49951171875,"category_revenue":1114619.53125,"share_pct":3.5},{"period":"2024-10","brand_revenue":62491.826171875,"category_revenue":1205149.0625,"share_pct":5.199999809265137},{"period":"2024-11","brand_revenue":55847.4755859375,"category_revenue":1236132.421875,"share_pct":4.5},{"period":"2024-12","brand_revenue":82002.67578125,"category_revenue":1207318.046875,"share_pct":6.800000190734863},{"period":"2025-01","brand_revenue":61639.7998046875,"category_revenue":1176202.578125,"share_pct":5.199999809265137},{"period":"2025-02","brand_revenue":51730.751953125,"category_revenue":1097683.359375,"share_pct":4.699999809265137},{"period":"2025-03","brand_revenue":52520.498046875,"category_revenue":1228067.265625,"share_pct":4.300000190734863},{"period":"2025-04","brand_revenue":59346.2255859375,"category_revenue":1290106.171875,"share_pct":4.599999904632568},{"period":"2025-05","brand_revenue":53155.673828125,"category_revenue":1191670.3125,"share_pct":4.5},{"period":"2025-06","brand_revenue":46740.2490234375,"category_revenue":1110702.109375,"share_pct":4.199999809265137},{"period":"2025-07","brand_revenue":61663.4765625,"category_revenue":1096938.125,"share_pct":5.599999904632568},{"period":"2025-08","brand_revenue":51666.298828125,"category_revenue":1145920.859375,"share_pct":4.5},{"period":"2025-09","brand_revenue":61513.9990234375,"category_revenue":1070074.53125,"share_pct":5.699999809265137},{"period":"2025-10","brand_revenue":46545.3515625,"category_revenue":1168865.78125,"share_pct":4.0},{"period":"2025-11","brand_revenue":58368.1005859375,"category_revenue":1192334.453125,"share_pct":4.900000095367432},{"period":"2025-12","brand_revenue":46687.6513671875,"category_revenue":1138094.375,"share_pct":4.099999904632568},{"period":"2026-01","brand_revenue":30433.47412109375,"category_revenue":1092874.21875,"share_pct":2.799999952316284}]},"discount_depth":[{"tier":"0% (Full Price)","transactions":18400,"pct_of_transactions":30.9,"revenue":344650.0,"avg_discount":0.0},{"tier":"1-10%","transactions":2378,"pct_of_transactions":4.0,"revenue":48078.427734375,"avg_discount":20.0},{"tier":"11-20%","transactions":16932,"pct_of_transactions":28.4,"revenue":426234.140625,"avg_discount":40.0},{"tier":"21-30%","transactions":750,"pct_of_transactions":1.3,"revenue":12666.8994140625,"avg_discount":51.0},{"tier":"31%+","transactions":12682,"pct_of_transactions":21.3,"revenue":258417.94921875,"avg_discount":80.80000305175781}],"velocity":{"units_per_day":126.46,"revenue_per_day":1597.2999572753906,"avg_units_per_txn":4.36,"days_of_data":762,"total_units":96368,"total_transactions":44196},"velocity_by_category":[{"category":"EDIBLE","brand_units_per_day":126.46,"category_avg_units_per_day":69.98,"velocity_index":180.7,"brand_rev_per_unit":10.1,"category_rev_per_unit":13.77,"brands_in_category":32}],"deals":[{"deal_name":"Stock & Save - Edibles 5 for $50","times_used":6368,"units":26301.0,"revenue":329020.5625128746,"discounts":81932.56250023842,"cost":163545.42499997187,"profit":165475.13746857643,"pre_discount_revenue":410953.125,"margin":50.3,"avg_discount":39.8},{"deal_name":"Industry - 30% Off","times_used":4074,"units":6278.0,"revenue":68541.46250009537,"discounts":29552.287499904633,"cost":39000.47499998938,"profit":29540.98748959601,"pre_discount_revenue":98093.75,"margin":43.1,"avg_discount":60.2},{"deal_name":"Lit4Less - Edibles 4 for $40","times_used":3232,"units":11268.0,"revenue":140613.6874988675,"discounts":70586.31249845028,"cost":70560.0,"profit":70053.68750184774,"pre_discount_revenue":211200.0,"margin":49.8,"avg_discount":66.8},{"deal_name":"Select Saturday - BOGO Edibles","times_used":2084,"units":6791.0,"revenue":53468.988144397736,"discounts":52640.38689374924,"cost":41657.82499996945,"profit":11811.162503710948,"pre_discount_revenue":106109.375,"margin":22.1,"avg_discount":99.2},{"deal_name":"Industry 30% Off","times_used":1288,"units":2197.0,"revenue":25414.424998760223,"discounts":11091.82499408722,"cost":13753.75,"profit":11660.675002336502,"pre_discount_revenue":36506.25,"margin":45.9,"avg_discount":60.8},{"deal_name":"Senior - 10% Off","times_used":1030,"units":1787.0,"revenue":25512.8125,"discounts":2977.8125,"cost":10951.674999995157,"profit":14561.137495040894,"pre_discount_revenue":28490.625,"margin":57.1,"avg_discount":21.0},{"deal_name":"Lit4Less - Edibles 5 for $50","times_used":912,"units":5088.0,"revenue":63509.6749997139,"discounts":18189.075000286102,"cost":31725.0,"profit":31784.674999713898,"pre_discount_revenue":81698.75,"margin":50.0,"avg_discount":44.6},{"deal_name":"GW - 50% Off Edibles","times_used":466,"units":974.0,"revenue":7612.5,"discounts":7606.25,"cost":6087.5,"profit":1525.0,"pre_discount_revenue":15218.75,"margin":20.0,"avg_discount":100.0},{"deal_name":"Veterans - 10% Off","times_used":418,"units":613.0,"revenue":8751.5625,"discounts":1057.8125,"cost":3776.349999997765,"profit":4975.212497711182,"pre_discount_revenue":9809.375,"margin":56.8,"avg_discount":21.6},{"deal_name":"Jackpot - Locals 30% Off","times_used":394,"units":876.0,"revenue":9715.687503814697,"discounts":4221.812496185303,"cost":5462.524999999441,"profit":4253.162498474121,"pre_discount_revenue":13937.5,"margin":43.8,"avg_discount":60.6},{"deal_name":"50% Off - G2B","times_used":354,"units":800.0,"revenue":7451.675000190735,"discounts":7548.324999809265,"cost":5000.0,"profit":2451.6749998927116,"pre_discount_revenue":15000.0,"margin":32.9,"avg_discount":100.6},{"deal_name":"4/17-4/19  Select / Jams","times_used":338,"units":822.0,"revenue":6378.999999761581,"discounts":6464.749999046326,"cost":5137.5,"profit":1241.5000000596046,"pre_discount_revenue":12843.75,"margin":19.5,"avg_discount":100.6},{"deal_name":"Senior / Veterans - 20% Off","times_used":296,"units":558.0,"revenue":7067.549991607666,"discounts":1869.9499988555908,"cost":3467.5499999988824,"profit":3600.0,"pre_discount_revenue":8937.5,"margin":50.9,"avg_discount":41.8},{"deal_name":"4/20 50% Off!!!!","times_used":236,"units":638.0,"revenue":5062.624998092651,"discounts":4906.125001907349,"cost":3987.5,"profit":1075.1249993313104,"pre_discount_revenue":9968.75,"margin":21.2,"avg_discount":98.4},{"deal_name":"LVAC - 25% Off","times_used":234,"units":314.0,"revenue":3695.2249693870544,"discounts":1242.275037765503,"cost":1962.5,"profit":1732.724962234497,"pre_discount_revenue":4937.5,"margin":46.9,"avg_discount":50.4},{"deal_name":"30% Off Special","times_used":140,"units":190.0,"revenue":2047.499988079071,"discounts":877.4999970197678,"cost":1187.5,"profit":860.0000029802322,"pre_discount_revenue":2925.0,"margin":42.0,"avg_discount":60.0},{"deal_name":"Employee 30% - NOT FRIDAYS","times_used":48,"units":58.0,"revenue":634.375,"discounts":271.875,"cost":362.5,"profit":271.875,"pre_discount_revenue":906.25,"margin":42.9,"avg_discount":60.0},{"deal_name":"Employee - 40% OFF","times_used":46,"units":74.0,"revenue":705.0,"discounts":470.0,"cost":462.5,"profit":242.5,"pre_discount_revenue":1175.0,"margin":34.4,"avg_discount":80.0},{"deal_name":"Store Credit - $15","times_used":22,"units":59.0,"revenue":649.3249994516373,"discounts":456.92499816417694,"cost":368.75,"profit":280.5750021338463,"pre_discount_revenue":1106.25,"margin":43.2,"avg_discount":82.6},{"deal_name":"Sammy Davis Early Bird - 15% Off","times_used":8,"units":10.0,"revenue":159.375,"discounts":28.125,"cost":62.5,"profit":96.875,"pre_discount_revenue":187.5,"margin":60.8,"avg_discount":30.0},{"deal_name":"Store Credit - $25","times_used":6,"units":6.0,"revenue":62.01250076293945,"discounts":44.237499833106995,"cost":37.5,"profit":24.512499570846558,"pre_discount_revenue":106.25,"margin":39.5,"avg_discount":83.2},{"deal_name":"Medical - 10%","times_used":6,"units":6.0,"revenue":90.0,"discounts":10.0,"cost":37.5,"profit":52.5,"pre_discount_revenue":100.0,"margin":58.3,"avg_discount":20.0},{"deal_name":"Main St Happy Hour - 25% Off","times_used":6,"units":6.0,"revenue":84.375,"discounts":28.125,"cost":37.5,"profit":46.875,"pre_discount_revenue":112.5,"margin":55.6,"avg_discount":50.0},{"deal_name":"Store Credit - $50","times_used":4,"units":6.0,"revenue":33.3500000834465,"discounts":79.14999961853027,"cost":37.5,"profit":-4.149999916553497,"pre_discount_revenue":112.5,"margin":-12.4,"avg_discount":140.8},{"deal_name":"Veterans Day - 30% Off For Veterans!","times_used":4,"units":4.0,"revenue":43.75,"discounts":18.75,"cost":25.0,"profit":18.75,"pre_discount_revenue":62.5,"margin":42.9,"avg_discount":60.0},{"deal_name":"Store Credit - $100","times_used":2,"units":8.0,"revenue":50.0,"discounts":100.0,"cost":50.0,"profit":0.0,"pre_discount_revenue":150.0,"margin":0.0,"avg_discount":133.4},{"deal_name":"Reno - Early Bird - Senior / Veterans - 20%","times_used":2,"units":4.0,"revenue":60.0,"discounts":15.0,"cost":25.0,"profit":35.0,"pre_discount_revenue":75.0,"margin":58.3,"avg_discount":40.0},{"deal_name":"Store Credit - $75","times_used":2,"units":2.0,"revenue":24.100000858306885,"discounts":13.40000033378601,"cost":12.5,"profit":11.59999966621399,"pre_discount_revenue":37.5,"margin":48.1,"avg_discount":71.4}],"top_products":[{"product":"MIXED BERRY INDICA GUMMIES - JAMS JELLIES","units":27696,"revenue":342556.484375,"cost":171617.9296875,"profit":170938.57421875,"transactions":15942,"margin":49.900001525878906},{"product":"PEACH HYBRID GUMMIES - JAMS JELLIES","units":23298,"revenue":290984.1796875,"cost":143506.77734375,"profit":147477.40234375,"transactions":14780,"margin":50.70000076293945},{"product":"RUBY RED GRAPEFRUIT SATIVA GUMMIES - JAMS JELLIES","units":18678,"revenue":234375.68359375,"cost":116732.529296875,"profit":117643.154296875,"transactions":11460,"margin":50.20000076293945},{"product":"SOUR STRAWBERRY LEMONADE GUMMIES - JAMS JELLIES","units":13842,"revenue":182543.18359375,"cost":86577.5,"profit":95965.673828125,"transactions":8986,"margin":52.599998474121094},{"product":"SOUR WATERMELON LIME GUMMIES - JAMS JELLIES","units":12854,"revenue":166685.99609375,"cost":80292.5,"profit":86393.49609375,"transactions":8452,"margin":51.79999923706055}],"products_by_store":{"Elevation Springs":[{"product":"MIXED BERRY INDICA GUMMIES - JAMS JELLIES","units":4660,"revenue":56673.1005859375,"cost":29027.7490234375,"profit":27645.34912109375,"transactions":2750,"margin":48.79999923706055},{"product":"PEACH HYBRID GUMMIES - JAMS JELLIES","units":3304,"revenue":41810.0,"cost":20697.5,"profit":21112.5,"transactions":2216,"margin":50.5},{"product":"RUBY RED GRAPEFRUIT SATIVA GUMMIES - JAMS JELLIES","units":2310,"revenue":28355.400390625,"cost":14475.0,"profit":13880.400390625,"transactions":1530,"margin":49.0},{"product":"SOUR WATERMELON LIME GUMMIES - JAMS JELLIES","units":1980,"revenue":25732.17529296875,"cost":12375.0,"profit":13357.17529296875,"transactions":1442,"margin":51.900001525878906},{"product":"SOUR STRAWBERRY LEMONADE GUMMIES - JAMS JELLIES","units":1828,"revenue":24024.25048828125,"cost":11510.0,"profit":12514.25048828125,"transactions":1298,"margin":52.099998474121094}],"Elevation Mesa":[{"product":"MIXED BERRY INDICA GUMMIES - JAMS JELLIES","units":5208,"revenue":63194.1748046875,"cost":32500.0,"profit":30694.1748046875,"transactions":2980,"margin":48.599998474121094},{"product":"PEACH HYBRID GUMMIES - JAMS JELLIES","units":3942,"revenue":47999.0234375,"cost":24617.5,"profit":23381.52587890625,"transactions":2534,"margin":48.70000076293945},{"product":"RUBY RED GRAPEFRUIT SATIVA GUMMIES - JAMS JELLIES","units":3136,"revenue":38151.99951171875,"cost":19570.0,"profit":18581.99951171875,"transactions":1882,"margin":48.70000076293945},{"product":"SOUR STRAWBERRY LEMONADE GUMMIES - JAMS JELLIES","units":2144,"revenue":27922.9248046875,"cost":13380.0,"profit":14542.9248046875,"transactions":1450,"margin":52.099998474121094},{"product":"SOUR WATERMELON LIME GUMMIES - JAMS JELLIES","units":1992,"revenue":25799.6240234375,"cost":12405.0,"profit":13394.625244140625,"transactions":1354,"margin":51.900001525878906}],"Elevation Oasis":[{"product":"PEACH HYBRID GUMMIES - JAMS JELLIES","units":8472,"revenue":106358.271484375,"cost":50929.0478515625,"profit":55429.2236328125,"transactions":4790,"margin":52.099998474121094},{"product":"MIXED BERRY INDICA GUMMIES - JAMS JELLIES","units":8324,"revenue":103710.17578125,"cost":51426.201171875,"profit":52283.974609375,"transactions":4234,"margin":50.400001525878906},{"product":"RUBY RED GRAPEFRUIT SATIVA GUMMIES - JAMS JELLIES","units":7086,"revenue":90000.37109375,"cost":44275.0244140625,"profit":45725.3515625,"transactions":3814,"margin":50.79999923706055},{"product":"SOUR STRAWBERRY LEMONADE GUMMIES - JAMS JELLIES","units":4882,"revenue":63926.3232421875,"cost":30512.5,"profit":33413.82568359375,"transactions":2672,"margin":52.29999923706055},{"product":"SOUR WATERMELON LIME GUMMIES - JAMS JELLIES","units":4646,"revenue":60414.82421875,"cost":29037.5,"profit":31377.32421875,"transactions":2528,"margin":51.900001525878906}],"Elevation Downtown":[{"product":"SOUR STRAWBERRY LEMONADE GUMMIES - JAMS JELLIES","units":232,"revenue":3095.4998779296875,"cost":1450.0,"profit":1645.5000305175781,"transactions":174,"margin":53.20000076293945},{"product":"RUBY RED GRAPEFRUIT SATIVA GUMMIES - JAMS JELLIES","units":118,"revenue":1490.7000732421875,"cost":737.5,"profit":753.1999969482422,"transactions":96,"margin":50.5},{"product":"PEACH HYBRID GUMMIES - JAMS JELLIES","units":86,"revenue":1276.25,"cost":537.5,"profit":738.75,"transactions":76,"margin":57.900001525878906},{"product":"MIXED BERRY INDICA GUMMIES - JAMS JELLIES","units":88,"revenue":1149.375,"cost":550.0,"profit":599.375,"transactions":54,"margin":52.099998474121094},{"product":"SOUR WATERMELON LIME GUMMIES - JAMS JELLIES","units":74,"revenue":996.875,"cost":462.5,"profit":534.375,"transactions":60,"margin":53.599998474121094}],"Elevation Midtown":[{"product":"PEACH HYBRID GUMMIES - JAMS JELLIES","units":2764,"revenue":34294.69970703125,"cost":17275.0,"profit":17019.69970703125,"transactions":1738,"margin":49.599998474121094},{"product":"MIXED BERRY INDICA GUMMIES - JAMS JELLIES","units":2420,"revenue":30446.57470703125,"cost":15125.0,"profit":15321.57470703125,"transactions":1358,"margin":50.29999923706055},{"product":"RUBY RED GRAPEFRUIT SATIVA GUMMIES - JAMS JELLIES","units":1972,"revenue":24240.32470703125,"cost":12325.0,"profit":11915.32470703125,"transactions":1212,"margin":49.20000076293945},{"product":"SOUR STRAWBERRY LEMONADE GUMMIES - JAMS JELLIES","units":1138,"revenue":14985.94970703125,"cost":7112.5,"profit":7873.44970703125,"transactions":768,"margin":52.5},{"product":"SOUR WATERMELON LIME GUMMIES - JAMS JELLIES","units":890,"revenue":11597.325439453125,"cost":5562.5,"profit":6034.8248291015625,"transactions":614,"margin":52.0}],"Elevation Boulevard":[{"product":"MIXED BERRY INDICA GUMMIES - JAMS JELLIES","units":4882,"revenue":59240.849609375,"cost":29776.474609375,"profit":29464.375,"transactions":3096,"margin":49.70000076293945},{"product":"PEACH HYBRID GUMMIES - JAMS JELLIES","units":3006,"revenue":35992.84912109375,"cost":18675.224609375,"profit":17317.62451171875,"transactions":2142,"margin":48.099998474121094},{"product":"RUBY RED GRAPEFRUIT SATIVA GUMMIES - JAMS JELLIES","units":2314,"revenue":28516.59912109375,"cost":14462.5,"profit":14054.100341796875,"transactions":1624,"margin":49.29999923706055},{"product":"SOUR WATERMELON LIME GUMMIES - JAMS JELLIES","units":2210,"revenue":27765.400390625,"cost":13812.5,"profit":13952.900390625,"transactions":1642,"margin":50.29999923706055},{"product":"SOUR STRAWBERRY LEMONADE GUMMIES - JAMS JELLIES","units":2166,"revenue":27610.14892578125,"cost":13537.5,"profit":14072.650146484375,"transactions":1492,"margin":51.0}],"Elevation Parkway":[{"product":"MIXED BERRY INDICA GUMMIES - JAMS JELLIES","units":2114,"revenue":28142.2509765625,"cost":13212.5,"profit":14929.749755859375,"transactions":1470,"margin":53.099998474121094},{"product":"RUBY RED GRAPEFRUIT SATIVA GUMMIES - JAMS JELLIES","units":1742,"revenue":23620.27587890625,"cost":10887.5,"profit":12732.774658203125,"transactions":1302,"margin":53.900001525878906},{"product":"PEACH HYBRID GUMMIES - JAMS JELLIES","units":1724,"revenue":23253.076171875,"cost":10775.0,"profit":12478.074951171875,"transactions":1284,"margin":53.70000076293945},{"product":"SOUR STRAWBERRY LEMONADE GUMMIES - JAMS JELLIES","units":1452,"revenue":20978.076171875,"cost":9075.0,"profit":11903.074951171875,"transactions":1132,"margin":56.70000076293945},{"product":"SOUR WATERMELON LIME GUMMIES - JAMS JELLIES","units":1062,"revenue":14379.775390625,"cost":6637.5,"profit":7742.2747802734375,"transactions":812,"margin":53.79999923706055}]},"store_summary":[{"store_clean":"Elevation Oasis","units":33410,"revenue":424409.9609375,"cost":206180.2734375,"profit":218229.70703125,"discounts":119427.529296875,"margin":51.400001525878906,"discount_rate":22.0},{"store_clean":"Elevation Mesa","units":16422,"revenue":203067.75390625,"cost":102472.5,"profit":100595.25390625,"discounts":61838.5009765625,"margin":49.5,"discount_rate":23.299999237060547},{"store_clean":"Elevation Boulevard","units":14578,"revenue":179125.859375,"cost":90264.19921875,"profit":88861.650390625,"discounts":58017.900390625,"margin":49.599998474121094,"discount_rate":24.5},{"store_clean":"Elevation Springs","units":14082,"revenue":176594.921875,"cost":88085.25390625,"profit":88509.677734375,"discounts":51661.3232421875,"margin":50.099998474121094,"discount_rate":22.600000381469727},{"store_clean":"Elevation Midtown","units":9184,"revenue":115564.873046875,"cost":57400.0,"profit":58164.873046875,"discounts":32516.37451171875,"margin":50.29999923706055,"discount_rate":22.0},{"store_clean":"Elevation Parkway","units":8094,"revenue":110373.447265625,"cost":50587.5,"profit":59785.9521484375,"discounts":20026.55029296875,"margin":54.20000076293945,"discount_rate":15.399999618530273},{"store_clean":"Elevation Downtown","units":598,"revenue":8008.699951171875,"cost":3737.5,"profit":4271.199951171875,"discounts":2595.050048828125,"margin":53.29999923706055,"discount_rate":24.5}],"recommendations":[{"severity":"info","title":"VOLUME LEVERAGE","detail":"$486,858 revenue provides negotiating leverage.","action":"Use volume as leverage in next vendor meeting."}],"comparison":null}