{"brand":"GKUA","date_range":"2024-01-01 00:00:00 to 2026-01-31 00:00:00","period_label":"All Time","summary":{"total_units":272,"total_revenue":8733.350219726562,"total_cost":6800.0,"total_discounts":5360.400390625,"total_profit":1933.3500671386719,"overall_margin":22.100000381469727,"fp_margin":51.900001525878906,"disc_margin":10.300000190734863,"pct_full_price":28.600000381469727,"avg_discount_rate":38.0,"fp_revenue":2493.75,"disc_revenue":6239.599609375,"brand":"GKUA","date_range":"2024-01-01 00:00:00 to 2026-01-31 00:00:00","primary_category":"FLOWER","store_coverage":"4/7","stores_present":["Elevation Springs","Elevation Midtown","Elevation Boulevard","Elevation Parkway"],"stores_missing":["Elevation Mesa","Elevation Oasis","Elevation Downtown"],"velocity_rank":56,"velocity_total":64},"distribution":[{"store":"Elevation Springs","carries_brand":true,"sku_count":2,"revenue":487.5,"units":14,"store_total_revenue":51138750.0,"brand_share_pct":0.0},{"store":"Elevation Mesa","carries_brand":false,"sku_count":0,"revenue":0.0,"units":0,"store_total_revenue":47532240.0,"brand_share_pct":0},{"store":"Elevation Oasis","carries_brand":false,"sku_count":0,"revenue":0.0,"units":0,"store_total_revenue":56050145.0,"brand_share_pct":0},{"store":"Elevation Downtown","carries_brand":false,"sku_count":0,"revenue":0.0,"units":0,"store_total_revenue":1945237.1875,"brand_share_pct":0},{"store":"Elevation Midtown","carries_brand":true,"sku_count":2,"revenue":337.5,"units":10,"store_total_revenue":30850185.0,"brand_share_pct":0.0},{"store":"Elevation Boulevard","carries_brand":true,"sku_count":6,"revenue":4742.074890136719,"units":168,"store_total_revenue":28757865.0,"brand_share_pct":0.0},{"store":"Elevation Parkway","carries_brand":true,"sku_count":6,"revenue":3166.2750244140625,"units":80,"store_total_revenue":21987007.5,"brand_share_pct":0.0}],"share_of_category":[{"category":"FLOWER","brand_revenue":8733.350219726562,"category_revenue":77755450.0,"revenue_share_pct":0.0,"brand_units":272,"category_units":2708446,"units_share_pct":0.0}],"share_of_category_trend":{"FLOWER":[{"period":"2024-01","brand_revenue":7089.5751953125,"category_revenue":3552357.8125,"share_pct":0.20000000298023224},{"period":"2024-02","brand_revenue":1252.5,"category_revenue":3535245.625,"share_pct":0.0},{"period":"2024-03","brand_revenue":391.27498626708984,"category_revenue":3693805.625,"share_pct":0.0},{"period":"2024-04","brand_revenue":0.0,"category_revenue":3541899.6875,"share_pct":0.0},{"period":"2024-05","brand_revenue":0.0,"category_revenue":3537479.375,"share_pct":0.0},{"period":"2024-06","brand_revenue":0.0,"category_revenue":3403269.6875,"share_pct":0.0},{"period":"2024-07","brand_revenue":0.0,"category_revenue":3457705.9375,"share_pct":0.0},{"period":"2024-08","brand_revenue":0.0,"category_revenue":3453819.375,"share_pct":0.0},{"period":"2024-09","brand_revenue":0.0,"category_revenue":3316441.5625,"share_pct":0.0},{"period":"2024-10","brand_revenue":0.0,"category_revenue":3585775.0,"share_pct":0.0},{"period":"2024-11","brand_revenue":0.0,"category_revenue":3454855.3125,"share_pct":0.0},{"period":"2024-12","brand_revenue":0.0,"category_revenue":3226567.8125,"share_pct":0.0},{"period":"2025-01","brand_revenue":0.0,"category_revenue":2984938.125,"share_pct":0.0},{"period":"2025-02","brand_revenue":0.0,"category_revenue":2816220.0,"share_pct":0.0},{"period":"2025-03","brand_revenue":0.0,"category_revenue":2911379.6875,"share_pct":0.0},{"period":"2025-04","brand_revenue":0.0,"category_revenue":3118895.3125,"share_pct":0.0},{"period":"2025-05","brand_revenue":0.0,"category_revenue":2887345.0,"share_pct":0.0},{"period":"2025-06","brand_revenue":0.0,"category_revenue":2773698.125,"share_pct":0.0},{"period":"2025-07","brand_revenue":0.0,"category_revenue":2782763.125,"share_pct":0.0},{"period":"2025-08","brand_revenue":0.0,"category_revenue":2733122.8125,"share_pct":0.0},{"period":"2025-09","brand_revenue":0.0,"category_revenue":2603501.5625,"share_pct":0.0},{"period":"2025-10","brand_revenue":0.0,"category_revenue":2663705.0,"share_pct":0.0},{"period":"2025-11","brand_revenue":0.0,"category_revenue":2700189.0625,"share_pct":0.0},{"period":"2025-12","brand_revenue":0.0,"category_revenue":2515209.53125,"share_pct":0.0},{"period":"2026-01","brand_revenue":0.0,"category_revenue":2505261.875,"share_pct":0.0}]},"velocity_by_category":[{"category":"FLOWER","brand_units_per_day":0.36,"category_avg_units_per_day":55.54,"velocity_index":0.6,"brand_rev_per_unit":25.69,"category_rev_per_unit":22.97,"brands_in_category":64}],"store_gaps":[{"store":"Elevation Oasis","category":"FLOWER","category_revenue_at_store":18965980.0,"opportunity":"Brand not carried"},{"store":"Elevation Mesa","category":"FLOWER","category_revenue_at_store":18802848.75,"opportunity":"Brand not carried"},{"store":"Elevation Downtown","category":"FLOWER","category_revenue_at_store":324929.8828125,"opportunity":"Brand not carried"}],"product_mix":{"top":[{"product":"SLIME EIGHTH - GKUA","units":136,"revenue":4175.400085449219,"cost":3400.0,"profit":775.4000091552734,"stores":2,"transactions":84,"margin":18.600000381469727},{"product":"MULA EIGHTH - GKUA","units":86,"revenue":3117.5250244140625,"cost":2150.0,"profit":967.5250244140625,"stores":4,"transactions":68,"margin":31.0},{"product":"WATERMELON DAIQUIRI EIGHTH - GKUA","units":50,"revenue":1440.4249572753906,"cost":1250.0,"profit":190.42499542236328,"stores":2,"transactions":44,"margin":13.199999809265137}],"bottom":[],"expansion":[{"product":"SLIME EIGHTH - GKUA","current_stores":2,"total_stores":4,"missing_stores":["Elevation Springs","Elevation Midtown"],"revenue":4175.400085449219},{"product":"WATERMELON DAIQUIRI EIGHTH - GKUA","current_stores":2,"total_stores":4,"missing_stores":["Elevation Springs","Elevation Midtown"],"revenue":1440.4249572753906}]},"pricing_consistency":[{"product":"WATERMELON DAIQUIRI EIGHTH - GKUA","min_price":51.32976350330171,"max_price":90.625,"avg_price":70.97738175165085,"std_dev":11.114371278057789,"store_count":4,"price_range":39.29523649669829,"range_pct":55.4},{"product":"SLIME EIGHTH - GKUA","min_price":54.928725222323806,"max_price":75.89285714285714,"avg_price":65.41079118259047,"std_dev":5.929551937079395,"store_count":4,"price_range":20.96413192053334,"range_pct":32.0},{"product":"MULA EIGHTH - GKUA","min_price":67.5,"max_price":80.6683349609375,"avg_price":71.36686052594867,"std_dev":2.510892060678386,"store_count":8,"price_range":13.1683349609375,"range_pct":18.5}],"promotional_effectiveness":{"lift":{"fp_units_per_day":3.0,"disc_units_per_day":6.78,"lift_pct":126.3,"fp_avg_revenue_per_unit":103.9,"disc_avg_revenue_per_unit":55.7},"by_deal":[{"deal_name":"Industry - 30% Off","uses":18,"revenue":1474.375,"discounts":631.875,"units":44.0,"cost":1100.0,"margin":25.4,"discount_depth":60.0},{"deal_name":"25% OFF SALE","uses":4,"revenue":393.75,"discounts":131.25,"units":10.0,"cost":250.0,"margin":36.5,"discount_depth":50.0},{"deal_name":"REINA / GKUA / Lil Kim 1/4 for $60","uses":2,"revenue":225.0,"discounts":75.0,"units":6.0,"cost":150.0,"margin":33.3,"discount_depth":50.0}]},"growth_opportunities":[{"type":"distribution","title":"Expand to Elevation Mesa","detail":"Store has $7,521,140 in FLOWER \u2014 categories where GKUA competes.","priority":"high"},{"type":"distribution","title":"Expand to Elevation Oasis","detail":"Store has $7,586,392 in FLOWER \u2014 categories where GKUA competes.","priority":"high"},{"type":"distribution","title":"Expand to Elevation Downtown","detail":"Store has $129,972 in FLOWER \u2014 categories where GKUA competes.","priority":"high"},{"type":"sku_expansion","title":"Add 'SLIME EIGHTH - GKUA' to 2 more store(s)","detail":"Carried in 2 stores. Missing from: Elevation Springs, Elevation Midtown","priority":"medium"},{"type":"sku_expansion","title":"Add 'WATERMELON DAIQUIRI EIGHTH - GKUA' to 2 more store(s)","detail":"Carried in 2 stores. Missing from: Elevation Springs, Elevation Midtown","priority":"medium"},{"type":"velocity","title":"Improve velocity in FLOWER","detail":"Velocity index 1 (below category average). 0.2 units/day vs 27.8 avg.","priority":"medium"}],"trend":[{"period":"2024-01","revenue":7089.5751953125,"cost":5700.0,"margin":19.6,"units":228,"transactions":140,"profit":1389.5750427246094,"revenue_change_pct":null,"units_change_pct":null,"margin_change_pts":null},{"period":"2024-02","revenue":1252.5,"cost":750.0,"margin":40.1,"units":30,"transactions":30,"profit":502.5,"revenue_change_pct":-82.3,"units_change_pct":-86.8,"margin_change_pts":20.5},{"period":"2024-03","revenue":391.27498626708984,"cost":350.0,"margin":10.5,"units":14,"transactions":4,"profit":41.27500057220459,"revenue_change_pct":-68.8,"units_change_pct":-53.3,"margin_change_pts":-29.6}]}