{"brand":"GKUA","date_range":"2024-01-01 00:00:00 to 2026-01-31 00:00:00","period_label":"All Time","summary":{"total_units":136,"total_revenue":3493.340087890625,"total_cost":2720.0,"total_discounts":2144.16015625,"total_profit":773.3400268554688,"overall_margin":22.100000381469727,"fp_margin":51.900001525878906,"disc_margin":10.300000190734863,"pct_full_price":28.600000381469727,"avg_discount_rate":38.0,"fp_revenue":997.5,"disc_revenue":2495.83984375,"unique_customers":86,"brand":"GKUA","date_range":"2024-01-01 00:00:00 to 2026-01-31 00:00:00","months_count":3,"avg_monthly_cost":906.67,"cost_per_unit":20.0,"primary_category":"FLOWER","primary_cat_margin":53.79999923706055,"category_rank":56,"category_total":64,"margin_vs_category":-31.700000762939453,"velocity_rank":56},"category_breakdown":[{"category_clean":"FLOWER","units":136,"revenue":3493.340087890625,"cost":2720.0,"profit":773.3399658203125,"discounts":2144.159912109375,"margin":22.100000381469727,"category_avg_margin":53.79999923706055,"vs_category":-31.7,"rank":56.0,"total_brands":64.0}],"trend":[{"period":"2024-01","revenue":2835.830078125,"cost":2280.0,"margin":19.6,"units":114,"transactions":70,"profit":555.8300170898438,"revenue_change_pct":null,"units_change_pct":null,"margin_change_pts":null},{"period":"2024-02","revenue":501.0,"cost":300.0,"margin":40.1,"units":15,"transactions":15,"profit":201.0,"revenue_change_pct":-82.3,"units_change_pct":-86.8,"margin_change_pts":20.5},{"period":"2024-03","revenue":156.50999450683594,"cost":140.0,"margin":10.5,"units":7,"transactions":2,"profit":16.510000228881836,"revenue_change_pct":-68.8,"units_change_pct":-53.3,"margin_change_pts":-29.6}],"share_of_category":[{"category":"FLOWER","brand_revenue":3493.340087890625,"category_revenue":31102180.0,"revenue_share_pct":0.0,"brand_units":136,"category_units":1354223,"units_share_pct":0.0}],"share_of_category_trend":{"FLOWER":[{"period":"2024-01","brand_revenue":2835.830078125,"category_revenue":1420943.125,"share_pct":0.20000000298023224},{"period":"2024-02","brand_revenue":501.0,"category_revenue":1414098.25,"share_pct":0.0},{"period":"2024-03","brand_revenue":156.50999450683594,"category_revenue":1477522.25,"share_pct":0.0},{"period":"2024-04","brand_revenue":0.0,"category_revenue":1416759.875,"share_pct":0.0},{"period":"2024-05","brand_revenue":0.0,"category_revenue":1414991.75,"share_pct":0.0},{"period":"2024-06","brand_revenue":0.0,"category_revenue":1361307.875,"share_pct":0.0},{"period":"2024-07","brand_revenue":0.0,"category_revenue":1383082.375,"share_pct":0.0},{"period":"2024-08","brand_revenue":0.0,"category_revenue":1381527.75,"share_pct":0.0},{"period":"2024-09","brand_revenue":0.0,"category_revenue":1326576.625,"share_pct":0.0},{"period":"2024-10","brand_revenue":0.0,"category_revenue":1434310.0,"share_pct":0.0},{"period":"2024-11","brand_revenue":0.0,"category_revenue":1381942.125,"share_pct":0.0},{"period":"2024-12","brand_revenue":0.0,"category_revenue":1290627.125,"share_pct":0.0},{"period":"2025-01","brand_revenue":0.0,"category_revenue":1193975.25,"share_pct":0.0},{"period":"2025-02","brand_revenue":0.0,"category_revenue":1126488.0,"share_pct":0.0},{"period":"2025-03","brand_revenue":0.0,"category_revenue":1164551.875,"share_pct":0.0},{"period":"2025-04","brand_revenue":0.0,"category_revenue":1247558.125,"share_pct":0.0},{"period":"2025-05","brand_revenue":0.0,"category_revenue":1154938.0,"share_pct":0.0},{"period":"2025-06","brand_revenue":0.0,"category_revenue":1109479.25,"share_pct":0.0},{"period":"2025-07","brand_revenue":0.0,"category_revenue":1113105.25,"share_pct":0.0},{"period":"2025-08","brand_revenue":0.0,"category_revenue":1093249.125,"share_pct":0.0},{"period":"2025-09","brand_revenue":0.0,"category_revenue":1041400.625,"share_pct":0.0},{"period":"2025-10","brand_revenue":0.0,"category_revenue":1065482.0,"share_pct":0.0},{"period":"2025-11","brand_revenue":0.0,"category_revenue":1080075.625,"share_pct":0.0},{"period":"2025-12","brand_revenue":0.0,"category_revenue":1006083.8125,"share_pct":0.0},{"period":"2026-01","brand_revenue":0.0,"category_revenue":1002104.75,"share_pct":0.0}]},"discount_depth":[{"tier":"0% (Full Price)","transactions":22,"pct_of_transactions":22.4,"revenue":997.5,"avg_discount":0.0},{"tier":"1-10%","transactions":2,"pct_of_transactions":2.0,"revenue":105.5,"avg_discount":8.800000190734863},{"tier":"11-20%","transactions":5,"pct_of_transactions":5.1,"revenue":270.0,"avg_discount":15.100000381469727},{"tier":"21-30%","transactions":11,"pct_of_transactions":11.2,"revenue":375.0,"avg_discount":25.600000381469727},{"tier":"31%+","transactions":33,"pct_of_transactions":33.7,"revenue":908.8399658203125,"avg_discount":59.29999923706055}],"velocity":{"units_per_day":2.19,"revenue_per_day":56.34000015258789,"avg_units_per_txn":1.56,"days_of_data":62,"total_units":136,"total_transactions":87},"velocity_by_category":[{"category":"FLOWER","brand_units_per_day":0.18,"category_avg_units_per_day":27.77,"velocity_index":0.6,"brand_rev_per_unit":25.69,"category_rev_per_unit":22.97,"brands_in_category":64}],"deals":[{"deal_name":"Industry - 30% Off","times_used":18,"units":22.0,"revenue":589.75,"discounts":252.75,"cost":440.0,"profit":149.75,"pre_discount_revenue":842.5,"margin":25.4,"avg_discount":30.0},{"deal_name":"25% OFF SALE","times_used":4,"units":5.0,"revenue":157.5,"discounts":52.5,"cost":100.0,"profit":57.5,"pre_discount_revenue":210.0,"margin":36.5,"avg_discount":25.0},{"deal_name":"REINA / GKUA / Lil Kim 1/4 for $60","times_used":2,"units":3.0,"revenue":90.0,"discounts":30.0,"cost":60.0,"profit":30.0,"pre_discount_revenue":120.0,"margin":33.3,"avg_discount":25.0}],"top_products":[{"product":"SLIME EIGHTH - GKUA","units":68,"revenue":1670.1600341796875,"cost":1360.0,"profit":310.1600036621094,"transactions":42,"margin":18.600000381469727},{"product":"MULA EIGHTH - GKUA","units":43,"revenue":1247.010009765625,"cost":860.0,"profit":387.010009765625,"transactions":34,"margin":31.0},{"product":"WATERMELON DAIQUIRI EIGHTH - GKUA","units":25,"revenue":576.1699829101562,"cost":500.0,"profit":76.16999816894531,"transactions":22,"margin":13.199999809265137}],"products_by_store":{"Thrive Cactus":[{"product":"MULA EIGHTH - GKUA","units":7,"revenue":195.0,"cost":140.0,"profit":55.0,"transactions":5,"margin":28.200000762939453}],"Thrive Reno":[{"product":"MULA EIGHTH - GKUA","units":5,"revenue":135.0,"cost":100.0,"profit":35.0,"transactions":4,"margin":25.899999618530273}],"Thrive Sahara":[{"product":"SLIME EIGHTH - GKUA","units":47,"revenue":1032.6600341796875,"cost":940.0,"profit":92.66000366210938,"transactions":27,"margin":9.0},{"product":"MULA EIGHTH - GKUA","units":16,"revenue":433.0,"cost":320.0,"profit":113.0,"transactions":12,"margin":26.100000381469727},{"product":"WATERMELON DAIQUIRI EIGHTH - GKUA","units":21,"revenue":431.1700134277344,"cost":420.0,"profit":11.169998168945312,"transactions":18,"margin":2.5999999046325684}],"Thrive Sammy":[{"product":"SLIME EIGHTH - GKUA","units":21,"revenue":637.5,"cost":420.0,"profit":217.5,"transactions":15,"margin":34.099998474121094},{"product":"MULA EIGHTH - GKUA","units":15,"revenue":484.010009765625,"cost":300.0,"profit":184.00999450683594,"transactions":13,"margin":38.0},{"product":"WATERMELON DAIQUIRI EIGHTH - GKUA","units":4,"revenue":145.0,"cost":80.0,"profit":65.0,"transactions":4,"margin":44.79999923706055}]},"store_summary":[{"store_clean":"Thrive Sahara","units":84,"revenue":1896.8299560546875,"cost":1680.0,"profit":216.82998657226562,"discounts":1308.1700439453125,"margin":11.399999618530273,"discount_rate":40.79999923706055},{"store_clean":"Thrive Sammy","units":40,"revenue":1266.510009765625,"cost":800.0,"profit":466.510009765625,"discounts":728.489990234375,"margin":36.79999923706055,"discount_rate":36.5},{"store_clean":"Thrive Cactus","units":7,"revenue":195.0,"cost":140.0,"profit":55.0,"discounts":67.5,"margin":28.200000762939453,"discount_rate":25.700000762939453},{"store_clean":"Thrive Reno","units":5,"revenue":135.0,"cost":100.0,"profit":35.0,"discounts":40.0,"margin":25.899999618530273,"discount_rate":22.899999618530273}],"recommendations":[{"severity":"red","title":"FLOWER: BELOW CATEGORY AVERAGE","detail":"Margin (22.1%) is 32 pts below FLOWER average. Ranked #56 of 64. Strong case for cost negotiation.","action":"Request 16% cost reduction or evaluate alternative FLOWER brands."},{"severity":"yellow","title":"CATEGORY BENCHMARK GAP","detail":"Overall margin (22.1%) trails FLOWER average (53.8%) by 31.7 pts.","action":"Negotiate cost reduction or increase retail price."},{"severity":"red","title":"LOW DISCOUNTED MARGIN","detail":"Margin drops to 10.3% when discounted.","action":"Cap discount depth at 20% or negotiate lower wholesale cost."}],"comparison":null}