{"brand":"HERBIVORE DESIGNS","date_range":"2024-01-01 00:00:00 to 2026-01-31 00:00:00","period_label":"All Time","summary":{"total_units":12,"total_revenue":585.0,"total_cost":253.79999160766602,"total_discounts":65.0,"total_profit":331.2000274658203,"overall_margin":56.599998474121094,"fp_margin":61.5,"disc_margin":54.099998474121094,"pct_full_price":34.20000076293945,"avg_discount_rate":10.0,"fp_revenue":200.0,"disc_revenue":385.0,"unique_customers":12,"brand":"HERBIVORE DESIGNS","date_range":"2024-01-01 00:00:00 to 2026-01-31 00:00:00","months_count":6,"avg_monthly_cost":84.60000000000001,"cost_per_unit":42.300000000000004,"primary_category":"ACCESSORY","primary_cat_margin":61.099998474121094,"category_rank":65,"category_total":136,"margin_vs_category":-4.5,"velocity_rank":91},"category_breakdown":[{"category_clean":"ACCESSORY","units":12,"revenue":585.0,"cost":253.80001068115234,"profit":331.19998931884766,"discounts":65.0,"margin":56.599998474121094,"category_avg_margin":61.099998474121094,"vs_category":-4.5,"rank":65.0,"total_brands":136.0}],"trend":[{"period":"2025-02","revenue":100.0,"cost":38.450000286102295,"margin":61.5,"units":2,"transactions":2,"profit":61.550002098083496,"revenue_change_pct":null,"units_change_pct":null,"margin_change_pts":null},{"period":"2025-03","revenue":260.0,"cost":115.3499984741211,"margin":55.6,"units":6,"transactions":6,"profit":144.6500015258789,"revenue_change_pct":160.0,"units_change_pct":200.0,"margin_change_pts":-5.9},{"period":"2025-05","revenue":225.0,"cost":100.0,"margin":55.6,"units":4,"transactions":4,"profit":125.0,"revenue_change_pct":-13.5,"units_change_pct":-33.3,"margin_change_pts":-0.1}],"share_of_category":[{"category":"ACCESSORY","brand_revenue":585.0,"category_revenue":4128754.0625,"revenue_share_pct":0.0,"brand_units":12,"category_units":2130096,"units_share_pct":0.0}],"share_of_category_trend":{"ACCESSORY":[{"period":"2024-01","brand_revenue":0.0,"category_revenue":153543.9453125,"share_pct":0.0},{"period":"2024-02","brand_revenue":0.0,"category_revenue":152399.47265625,"share_pct":0.0},{"period":"2024-03","brand_revenue":0.0,"category_revenue":154678.876953125,"share_pct":0.0},{"period":"2024-04","brand_revenue":0.0,"category_revenue":163353.65234375,"share_pct":0.0},{"period":"2024-05","brand_revenue":0.0,"category_revenue":179676.4453125,"share_pct":0.0},{"period":"2024-06","brand_revenue":0.0,"category_revenue":185008.828125,"share_pct":0.0},{"period":"2024-07","brand_revenue":0.0,"category_revenue":186675.46875,"share_pct":0.0},{"period":"2024-08","brand_revenue":0.0,"category_revenue":180226.328125,"share_pct":0.0},{"period":"2024-09","brand_revenue":0.0,"category_revenue":162386.298828125,"share_pct":0.0},{"period":"2024-10","brand_revenue":0.0,"category_revenue":166088.73046875,"share_pct":0.0},{"period":"2024-11","brand_revenue":0.0,"category_revenue":171706.09375,"share_pct":0.0},{"period":"2024-12","brand_revenue":0.0,"category_revenue":176502.03125,"share_pct":0.0},{"period":"2025-01","brand_revenue":0.0,"category_revenue":167261.34765625,"share_pct":0.0},{"period":"2025-02","brand_revenue":100.0,"category_revenue":155260.927734375,"share_pct":0.10000000149011612},{"period":"2025-03","brand_revenue":260.0,"category_revenue":176420.390625,"share_pct":0.10000000149011612},{"period":"2025-04","brand_revenue":0.0,"category_revenue":182694.82421875,"share_pct":0.0},{"period":"2025-05","brand_revenue":225.0,"category_revenue":179904.4921875,"share_pct":0.10000000149011612},{"period":"2025-06","brand_revenue":0.0,"category_revenue":161148.75,"share_pct":0.0},{"period":"2025-07","brand_revenue":0.0,"category_revenue":165549.8046875,"share_pct":0.0},{"period":"2025-08","brand_revenue":0.0,"category_revenue":171752.05078125,"share_pct":0.0},{"period":"2025-09","brand_revenue":0.0,"category_revenue":168198.9453125,"share_pct":0.0},{"period":"2025-10","brand_revenue":0.0,"category_revenue":171844.55078125,"share_pct":0.0},{"period":"2025-11","brand_revenue":0.0,"category_revenue":172839.74609375,"share_pct":0.0},{"period":"2025-12","brand_revenue":0.0,"category_revenue":141954.873046875,"share_pct":0.0},{"period":"2026-01","brand_revenue":0.0,"category_revenue":81677.1484375,"share_pct":0.0}]},"discount_depth":[{"tier":"0% (Full Price)","transactions":4,"pct_of_transactions":33.3,"revenue":200.0,"avg_discount":0.0},{"tier":"1-10%","transactions":6,"pct_of_transactions":50.0,"revenue":315.0,"avg_discount":20.0},{"tier":"11-20%","transactions":0,"pct_of_transactions":0.0,"revenue":0.0,"avg_discount":0},{"tier":"21-30%","transactions":0,"pct_of_transactions":0.0,"revenue":0.0,"avg_discount":0},{"tier":"31%+","transactions":0,"pct_of_transactions":0.0,"revenue":0.0,"avg_discount":0}],"velocity":{"units_per_day":0.16,"revenue_per_day":7.799999713897705,"avg_units_per_txn":2.0,"days_of_data":75,"total_units":12,"total_transactions":12},"velocity_by_category":[{"category":"ACCESSORY","brand_units_per_day":0.02,"category_avg_units_per_day":20.56,"velocity_index":0.1,"brand_rev_per_unit":39.0,"category_rev_per_unit":1.55,"brands_in_category":136}],"deals":[{"deal_name":"Senior - 10% Off","times_used":2,"units":2.0,"revenue":112.5,"discounts":12.5,"cost":50.0,"profit":62.5,"pre_discount_revenue":125.0,"margin":55.6,"avg_discount":20.0},{"deal_name":"Veterans - 10% Off","times_used":2,"units":2.0,"revenue":90.0,"discounts":10.0,"cost":38.450000286102295,"profit":51.550002098083496,"pre_discount_revenue":100.0,"margin":57.3,"avg_discount":20.0}],"top_products":[{"product":"GOLF BALL PIPE - HERBIVORE DESIGNS","units":12,"revenue":585.0,"cost":253.80001068115234,"profit":331.19998931884766,"transactions":12,"margin":56.599998474121094}],"products_by_store":{"Elevation Oasis":[{"product":"GOLF BALL PIPE - HERBIVORE DESIGNS","units":12,"revenue":585.0,"cost":253.80001068115234,"profit":331.19998931884766,"transactions":12,"margin":56.599998474121094}]},"store_summary":[{"store_clean":"Elevation Oasis","units":12,"revenue":585.0,"cost":253.80001068115234,"profit":331.19998931884766,"discounts":65.0,"margin":56.599998474121094,"discount_rate":10.0}],"recommendations":[],"comparison":null}