{"brand":"STATE FLOWER","date_range":"2024-01-01 00:00:00 to 2026-01-31 00:00:00","period_label":"All Time","summary":{"total_units":1316,"total_revenue":49369.3505859375,"total_cost":21385.0,"total_discounts":17505.6494140625,"total_profit":27984.3505859375,"overall_margin":56.70000076293945,"fp_margin":67.80000305175781,"disc_margin":55.29999923706055,"pct_full_price":11.199999809265137,"avg_discount_rate":26.200000762939453,"fp_revenue":5550.0,"disc_revenue":43819.3505859375,"unique_customers":812,"brand":"STATE FLOWER","date_range":"2024-01-01 00:00:00 to 2026-01-31 00:00:00","months_count":4,"avg_monthly_cost":10692.5,"cost_per_unit":32.5,"primary_category":"FLOWER","primary_cat_margin":54.099998474121094,"category_rank":51,"category_total":64,"margin_vs_category":2.5999999046325684,"velocity_rank":50},"category_breakdown":[{"category_clean":"FLOWER","units":1316,"revenue":49369.3505859375,"cost":21385.0,"profit":27984.3505859375,"discounts":17505.6494140625,"margin":56.70000076293945,"category_avg_margin":54.099998474121094,"vs_category":2.6,"rank":51.0,"total_brands":64.0}],"trend":[{"period":"2025-12","revenue":24022.57568359375,"cost":10400.0,"margin":56.7,"units":640,"transactions":488,"profit":13622.574462890625,"revenue_change_pct":null,"units_change_pct":null,"margin_change_pts":null},{"period":"2026-01","revenue":25346.77490234375,"cost":10985.0,"margin":56.7,"units":676,"transactions":460,"profit":14361.77490234375,"revenue_change_pct":5.5,"units_change_pct":5.6,"margin_change_pts":-0.0}],"share_of_category":[{"category":"FLOWER","brand_revenue":49369.3505859375,"category_revenue":77755450.0,"revenue_share_pct":0.10000000149011612,"brand_units":1316,"category_units":2708446,"units_share_pct":0.0}],"share_of_category_trend":{"FLOWER":[{"period":"2024-01","brand_revenue":0.0,"category_revenue":3552357.8125,"share_pct":0.0},{"period":"2024-02","brand_revenue":0.0,"category_revenue":3535245.625,"share_pct":0.0},{"period":"2024-03","brand_revenue":0.0,"category_revenue":3693805.625,"share_pct":0.0},{"period":"2024-04","brand_revenue":0.0,"category_revenue":3541899.6875,"share_pct":0.0},{"period":"2024-05","brand_revenue":0.0,"category_revenue":3537479.375,"share_pct":0.0},{"period":"2024-06","brand_revenue":0.0,"category_revenue":3403269.6875,"share_pct":0.0},{"period":"2024-07","brand_revenue":0.0,"category_revenue":3457705.9375,"share_pct":0.0},{"period":"2024-08","brand_revenue":0.0,"category_revenue":3453819.375,"share_pct":0.0},{"period":"2024-09","brand_revenue":0.0,"category_revenue":3316441.5625,"share_pct":0.0},{"period":"2024-10","brand_revenue":0.0,"category_revenue":3585775.0,"share_pct":0.0},{"period":"2024-11","brand_revenue":0.0,"category_revenue":3454855.3125,"share_pct":0.0},{"period":"2024-12","brand_revenue":0.0,"category_revenue":3226567.8125,"share_pct":0.0},{"period":"2025-01","brand_revenue":0.0,"category_revenue":2984938.125,"share_pct":0.0},{"period":"2025-02","brand_revenue":0.0,"category_revenue":2816220.0,"share_pct":0.0},{"period":"2025-03","brand_revenue":0.0,"category_revenue":2911379.6875,"share_pct":0.0},{"period":"2025-04","brand_revenue":0.0,"category_revenue":3118895.3125,"share_pct":0.0},{"period":"2025-05","brand_revenue":0.0,"category_revenue":2887345.0,"share_pct":0.0},{"period":"2025-06","brand_revenue":0.0,"category_revenue":2773698.125,"share_pct":0.0},{"period":"2025-07","brand_revenue":0.0,"category_revenue":2782763.125,"share_pct":0.0},{"period":"2025-08","brand_revenue":0.0,"category_revenue":2733122.8125,"share_pct":0.0},{"period":"2025-09","brand_revenue":0.0,"category_revenue":2603501.5625,"share_pct":0.0},{"period":"2025-10","brand_revenue":0.0,"category_revenue":2663705.0,"share_pct":0.0},{"period":"2025-11","brand_revenue":0.0,"category_revenue":2700189.0625,"share_pct":0.0},{"period":"2025-12","brand_revenue":24022.57568359375,"category_revenue":2515209.53125,"share_pct":1.0},{"period":"2026-01","brand_revenue":25346.77490234375,"category_revenue":2505261.875,"share_pct":1.0}]},"discount_depth":[{"tier":"0% (Full Price)","transactions":110,"pct_of_transactions":10.4,"revenue":5550.0,"avg_discount":0.0},{"tier":"1-10%","transactions":24,"pct_of_transactions":2.3,"revenue":1091.25,"avg_discount":20.0},{"tier":"11-20%","transactions":20,"pct_of_transactions":1.9,"revenue":800.0,"avg_discount":40.0},{"tier":"21-30%","transactions":392,"pct_of_transactions":37.0,"revenue":18371.6748046875,"avg_discount":50.0},{"tier":"31%+","transactions":138,"pct_of_transactions":13.0,"revenue":7710.17578125,"avg_discount":73.19999694824219}],"velocity":{"units_per_day":21.94,"revenue_per_day":822.8250122070312,"avg_units_per_txn":2.78,"days_of_data":60,"total_units":1316,"total_transactions":948},"velocity_by_category":[{"category":"FLOWER","brand_units_per_day":1.72,"category_avg_units_per_day":55.54,"velocity_index":3.1,"brand_rev_per_unit":30.01,"category_rev_per_unit":22.97,"brands_in_category":64}],"deals":[{"deal_name":"Lit4Less - 1/4 for $60","times_used":416,"units":643.0,"revenue":23979.412503242493,"discounts":9108.087494373322,"cost":10448.75,"profit":13530.662505626678,"pre_discount_revenue":33087.5,"margin":56.4,"avg_discount":55.0},{"deal_name":"Industry 30% Off","times_used":240,"units":305.0,"revenue":10697.337501049042,"discounts":4590.162500143051,"cost":4956.25,"profit":5741.087499856949,"pre_discount_revenue":15287.5,"margin":53.7,"avg_discount":60.0},{"deal_name":"Employee 30% - NOT FRIDAYS","times_used":24,"units":23.0,"revenue":780.8375000953674,"discounts":369.16249990463257,"cost":373.75,"profit":407.08750009536743,"pre_discount_revenue":1150.0,"margin":52.1,"avg_discount":64.2},{"deal_name":"Jackpot - Locals 30% Off","times_used":20,"units":28.0,"revenue":980.0,"discounts":420.0,"cost":455.0,"profit":525.0,"pre_discount_revenue":1400.0,"margin":53.6,"avg_discount":60.0},{"deal_name":"Employee - 40% OFF","times_used":16,"units":22.0,"revenue":660.0,"discounts":440.0,"cost":357.5,"profit":302.5,"pre_discount_revenue":1100.0,"margin":45.8,"avg_discount":80.0},{"deal_name":"Senior - 10% Off","times_used":12,"units":12.0,"revenue":551.25,"discounts":61.25,"cost":195.0,"profit":356.25,"pre_discount_revenue":612.5,"margin":64.6,"avg_discount":20.0},{"deal_name":"Senior / Veterans - 20% Off","times_used":8,"units":8.0,"revenue":320.0,"discounts":80.0,"cost":130.0,"profit":190.0,"pre_discount_revenue":400.0,"margin":59.4,"avg_discount":40.0},{"deal_name":"Store Credit - $25","times_used":6,"units":9.0,"revenue":307.65000104904175,"discounts":179.85000014305115,"cost":146.25,"profit":161.39999985694885,"pre_discount_revenue":487.5,"margin":52.5,"avg_discount":73.8},{"deal_name":"Store Credit - $50","times_used":6,"units":4.0,"revenue":96.2625002861023,"discounts":103.7374997138977,"cost":65.0,"profit":31.262500286102295,"pre_discount_revenue":200.0,"margin":32.5,"avg_discount":103.8},{"deal_name":"Medical - 10%","times_used":4,"units":4.0,"revenue":180.0,"discounts":20.0,"cost":65.0,"profit":115.0,"pre_discount_revenue":200.0,"margin":63.9,"avg_discount":20.0},{"deal_name":"Store Credit - $15","times_used":4,"units":4.0,"revenue":140.0,"discounts":60.0,"cost":65.0,"profit":75.0,"pre_discount_revenue":200.0,"margin":53.6,"avg_discount":60.0},{"deal_name":"Veterans - 10% Off","times_used":4,"units":4.0,"revenue":180.0,"discounts":20.0,"cost":65.0,"profit":115.0,"pre_discount_revenue":200.0,"margin":63.9,"avg_discount":20.0},{"deal_name":"LVAC - 25% Off","times_used":2,"units":2.0,"revenue":75.0,"discounts":25.0,"cost":32.5,"profit":42.5,"pre_discount_revenue":100.0,"margin":56.7,"avg_discount":50.0},{"deal_name":"Store Credit - $100","times_used":2,"units":8.0,"revenue":258.3250045776367,"discounts":141.67499542236328,"cost":130.0,"profit":128.32500457763672,"pre_discount_revenue":400.0,"margin":49.7,"avg_discount":70.8},{"deal_name":"Store Credit - $75","times_used":2,"units":2.0,"revenue":63.27499866485596,"discounts":36.72499895095825,"cost":32.5,"profit":30.775001049041748,"pre_discount_revenue":100.0,"margin":48.6,"avg_discount":73.4}],"top_products":[{"product":"PEANUT BUTTER SOUFFLE EIGHTH - STATE FLOWER","units":426,"revenue":15859.7998046875,"cost":6922.5,"profit":8937.2998046875,"transactions":338,"margin":56.400001525878906},{"product":"OG DIESEL EIGHTH - STATE FLOWER","units":278,"revenue":10381.0498046875,"cost":4517.5,"profit":5863.5498046875,"transactions":214,"margin":56.5},{"product":"ALIEN KUSH EIGHTH - STATE FLOWER","units":256,"revenue":9628.200073242188,"cost":4160.0,"profit":5468.2000732421875,"transactions":198,"margin":56.79999923706055},{"product":"CRAN APPLE EIGHTH - STATE FLOWER","units":192,"revenue":7310.0,"cost":3120.0,"profit":4190.0,"transactions":170,"margin":57.29999923706055},{"product":"CRANAPPLE EIGHTH - STATE FLOWER","units":64,"revenue":2364.375,"cost":1040.0,"profit":1324.375,"transactions":52,"margin":56.0},{"product":"CANAL STREET RUNTZ EIGHTH - STATE FLOWER","units":48,"revenue":1917.5,"cost":780.0,"profit":1137.5,"transactions":44,"margin":59.29999923706055},{"product":"THE JUICE EIGHTH - STATE FLOWER","units":52,"revenue":1908.4249877929688,"cost":845.0,"profit":1063.4249877929688,"transactions":44,"margin":55.70000076293945}],"products_by_store":{"Elevation Springs":[{"product":"OG DIESEL EIGHTH - STATE FLOWER","units":102,"revenue":3760.0,"cost":1657.5,"profit":2102.5,"transactions":88,"margin":55.900001525878906},{"product":"PEANUT BUTTER SOUFFLE EIGHTH - STATE FLOWER","units":78,"revenue":2847.5,"cost":1267.5,"profit":1580.0,"transactions":72,"margin":55.5},{"product":"CRANAPPLE EIGHTH - STATE FLOWER","units":64,"revenue":2364.375,"cost":1040.0,"profit":1324.375,"transactions":52,"margin":56.0},{"product":"ALIEN KUSH EIGHTH - STATE FLOWER","units":64,"revenue":2286.6500854492188,"cost":1040.0,"profit":1246.6500091552734,"transactions":48,"margin":54.5},{"product":"THE JUICE EIGHTH - STATE FLOWER","units":24,"revenue":890.0,"cost":390.0,"profit":500.0,"transactions":20,"margin":56.20000076293945},{"product":"CANAL STREET RUNTZ EIGHTH - STATE FLOWER","units":6,"revenue":225.0,"cost":97.5,"profit":127.5,"transactions":4,"margin":56.70000076293945}],"Elevation Mesa":[{"product":"PEANUT BUTTER SOUFFLE EIGHTH - STATE FLOWER","units":134,"revenue":4830.0,"cost":2177.5,"profit":2652.5,"transactions":102,"margin":54.900001525878906},{"product":"ALIEN KUSH EIGHTH - STATE FLOWER","units":64,"revenue":2400.0,"cost":1040.0,"profit":1360.0,"transactions":56,"margin":56.70000076293945},{"product":"CRAN APPLE EIGHTH - STATE FLOWER","units":64,"revenue":2305.0,"cost":1040.0,"profit":1265.0,"transactions":58,"margin":54.900001525878906},{"product":"OG DIESEL EIGHTH - STATE FLOWER","units":34,"revenue":1200.0,"cost":552.5,"profit":647.5,"transactions":34,"margin":54.0},{"product":"THE JUICE EIGHTH - STATE FLOWER","units":14,"revenue":502.17498779296875,"cost":227.5,"profit":274.67498779296875,"transactions":14,"margin":54.70000076293945},{"product":"CANAL STREET RUNTZ EIGHTH - STATE FLOWER","units":10,"revenue":360.0,"cost":162.5,"profit":197.5,"transactions":10,"margin":54.900001525878906}],"Elevation Oasis":[{"product":"OG DIESEL EIGHTH - STATE FLOWER","units":114,"revenue":4341.875,"cost":1852.5,"profit":2489.375,"transactions":66,"margin":57.29999923706055},{"product":"PEANUT BUTTER SOUFFLE EIGHTH - STATE FLOWER","units":104,"revenue":3976.875,"cost":1690.0,"profit":2286.875,"transactions":76,"margin":57.5},{"product":"CRAN APPLE EIGHTH - STATE FLOWER","units":64,"revenue":2415.0,"cost":1040.0,"profit":1375.0,"transactions":54,"margin":56.900001525878906},{"product":"ALIEN KUSH EIGHTH - STATE FLOWER","units":64,"revenue":2411.5499877929688,"cost":1040.0,"profit":1371.5499877929688,"transactions":42,"margin":56.900001525878906},{"product":"CANAL STREET RUNTZ EIGHTH - STATE FLOWER","units":12,"revenue":487.5,"cost":195.0,"profit":292.5,"transactions":12,"margin":60.0},{"product":"THE JUICE EIGHTH - STATE FLOWER","units":6,"revenue":225.0,"cost":97.5,"profit":127.5,"transactions":4,"margin":56.70000076293945}],"Elevation Midtown":[{"product":"PEANUT BUTTER SOUFFLE EIGHTH - STATE FLOWER","units":88,"revenue":3472.5,"cost":1430.0,"profit":2042.5,"transactions":70,"margin":58.79999923706055},{"product":"CRAN APPLE EIGHTH - STATE FLOWER","units":64,"revenue":2590.0,"cost":1040.0,"profit":1550.0,"transactions":58,"margin":59.79999923706055},{"product":"ALIEN KUSH EIGHTH - STATE FLOWER","units":64,"revenue":2530.0,"cost":1040.0,"profit":1490.0,"transactions":52,"margin":58.900001525878906},{"product":"CANAL STREET RUNTZ EIGHTH - STATE FLOWER","units":16,"revenue":670.0,"cost":260.0,"profit":410.0,"transactions":14,"margin":61.20000076293945},{"product":"OG DIESEL EIGHTH - STATE FLOWER","units":16,"revenue":624.1749954223633,"cost":260.0,"profit":364.1749954223633,"transactions":14,"margin":58.29999923706055}],"Elevation Boulevard":[{"product":"PEANUT BUTTER SOUFFLE EIGHTH - STATE FLOWER","units":22,"revenue":732.9249572753906,"cost":357.5,"profit":375.4249954223633,"transactions":18,"margin":51.20000076293945},{"product":"OG DIESEL EIGHTH - STATE FLOWER","units":12,"revenue":455.0,"cost":195.0,"profit":260.0,"transactions":12,"margin":57.099998474121094},{"product":"THE JUICE EIGHTH - STATE FLOWER","units":8,"revenue":291.25,"cost":130.0,"profit":161.25,"transactions":6,"margin":55.400001525878906},{"product":"CANAL STREET RUNTZ EIGHTH - STATE FLOWER","units":4,"revenue":175.0,"cost":65.0,"profit":110.0,"transactions":4,"margin":62.900001525878906}]},"store_summary":[{"store_clean":"Elevation Oasis","units":364,"revenue":13857.80029296875,"cost":5915.0,"profit":7942.80029296875,"discounts":5417.19970703125,"margin":57.29999923706055,"discount_rate":28.100000381469727},{"store_clean":"Elevation Springs","units":338,"revenue":12373.525390625,"cost":5492.5,"profit":6881.0247802734375,"discounts":4526.474914550781,"margin":55.599998474121094,"discount_rate":26.799999237060547},{"store_clean":"Elevation Mesa","units":320,"revenue":11597.17529296875,"cost":5200.0,"profit":6397.17529296875,"discounts":4402.825012207031,"margin":55.20000076293945,"discount_rate":27.5},{"store_clean":"Elevation Midtown","units":248,"revenue":9886.6748046875,"cost":4030.0,"profit":5856.6748046875,"discounts":2513.3250427246094,"margin":59.20000076293945,"discount_rate":20.299999237060547},{"store_clean":"Elevation Boulevard","units":46,"revenue":1654.1749572753906,"cost":747.5,"profit":906.6750335693359,"discounts":645.8249664306641,"margin":54.79999923706055,"discount_rate":28.100000381469727}],"recommendations":[{"severity":"red","title":"HIGH PROMOTION DEPENDENCY","detail":"Only 11% sells at full price. Heavy discounting required.","action":"Test reducing deal frequency \u2014 track velocity without promos."},{"severity":"info","title":"VOLUME LEVERAGE","detail":"$19,748 revenue provides negotiating leverage.","action":"Use volume as leverage in next vendor meeting."}],"comparison":null}