{"brand":"HIGH LIGHTS","date_range":"2024-01-01 00:00:00 to 2026-01-31 00:00:00","period_label":"All Time","summary":{"total_units":6492,"total_revenue":171560.29296875,"total_cost":60862.5,"total_discounts":31314.69970703125,"total_profit":110697.802734375,"overall_margin":64.5,"fp_margin":70.0,"disc_margin":61.900001525878906,"pct_full_price":32.20000076293945,"avg_discount_rate":15.399999618530273,"fp_revenue":55250.0,"disc_revenue":116310.29296875,"brand":"HIGH LIGHTS","date_range":"2024-01-01 00:00:00 to 2026-01-31 00:00:00","primary_category":"FLOWER","store_coverage":"6/7","stores_present":["Elevation Springs","Elevation Mesa","Elevation Oasis","Elevation Midtown","Elevation Boulevard","Elevation Parkway"],"stores_missing":["Elevation Downtown"],"velocity_rank":39,"velocity_total":64},"distribution":[{"store":"Elevation Springs","carries_brand":true,"sku_count":12,"revenue":38916.6748046875,"units":1446,"store_total_revenue":51138750.0,"brand_share_pct":0.10000000149011612},{"store":"Elevation Mesa","carries_brand":true,"sku_count":6,"revenue":37299.07470703125,"units":1378,"store_total_revenue":47532240.0,"brand_share_pct":0.10000000149011612},{"store":"Elevation Oasis","carries_brand":true,"sku_count":10,"revenue":27846.2255859375,"units":1114,"store_total_revenue":56050145.0,"brand_share_pct":0.0},{"store":"Elevation Downtown","carries_brand":false,"sku_count":0,"revenue":0.0,"units":0,"store_total_revenue":1945237.1875,"brand_share_pct":0},{"store":"Elevation Midtown","carries_brand":true,"sku_count":10,"revenue":24320.400390625,"units":928,"store_total_revenue":30850185.0,"brand_share_pct":0.10000000149011612},{"store":"Elevation Boulevard","carries_brand":true,"sku_count":12,"revenue":35128.5498046875,"units":1326,"store_total_revenue":28757865.0,"brand_share_pct":0.10000000149011612},{"store":"Elevation Parkway","carries_brand":true,"sku_count":6,"revenue":8049.375,"units":300,"store_total_revenue":21987007.5,"brand_share_pct":0.0}],"share_of_category":[{"category":"FLOWER","brand_revenue":171560.29296875,"category_revenue":77755450.0,"revenue_share_pct":0.20000000298023224,"brand_units":6492,"category_units":2708446,"units_share_pct":0.2}],"share_of_category_trend":{"FLOWER":[{"period":"2024-01","brand_revenue":0.0,"category_revenue":3552357.8125,"share_pct":0.0},{"period":"2024-02","brand_revenue":0.0,"category_revenue":3535245.625,"share_pct":0.0},{"period":"2024-03","brand_revenue":0.0,"category_revenue":3693805.625,"share_pct":0.0},{"period":"2024-04","brand_revenue":0.0,"category_revenue":3541899.6875,"share_pct":0.0},{"period":"2024-05","brand_revenue":0.0,"category_revenue":3537479.375,"share_pct":0.0},{"period":"2024-06","brand_revenue":0.0,"category_revenue":3403269.6875,"share_pct":0.0},{"period":"2024-07","brand_revenue":0.0,"category_revenue":3457705.9375,"share_pct":0.0},{"period":"2024-08","brand_revenue":0.0,"category_revenue":3453819.375,"share_pct":0.0},{"period":"2024-09","brand_revenue":0.0,"category_revenue":3316441.5625,"share_pct":0.0},{"period":"2024-10","brand_revenue":0.0,"category_revenue":3585775.0,"share_pct":0.0},{"period":"2024-11","brand_revenue":0.0,"category_revenue":3454855.3125,"share_pct":0.0},{"period":"2024-12","brand_revenue":0.0,"category_revenue":3226567.8125,"share_pct":0.0},{"period":"2025-01","brand_revenue":0.0,"category_revenue":2984938.125,"share_pct":0.0},{"period":"2025-02","brand_revenue":0.0,"category_revenue":2816220.0,"share_pct":0.0},{"period":"2025-03","brand_revenue":0.0,"category_revenue":2911379.6875,"share_pct":0.0},{"period":"2025-04","brand_revenue":0.0,"category_revenue":3118895.3125,"share_pct":0.0},{"period":"2025-05","brand_revenue":0.0,"category_revenue":2887345.0,"share_pct":0.0},{"period":"2025-06","brand_revenue":0.0,"category_revenue":2773698.125,"share_pct":0.0},{"period":"2025-07","brand_revenue":0.0,"category_revenue":2782763.125,"share_pct":0.0},{"period":"2025-08","brand_revenue":14212.5,"category_revenue":2733122.8125,"share_pct":0.5},{"period":"2025-09","brand_revenue":49309.6240234375,"category_revenue":2603501.5625,"share_pct":1.899999976158142},{"period":"2025-10","brand_revenue":55487.451171875,"category_revenue":2663705.0,"share_pct":2.0999999046325684},{"period":"2025-11","brand_revenue":12484.324951171875,"category_revenue":2700189.0625,"share_pct":0.5},{"period":"2025-12","brand_revenue":20540.07568359375,"category_revenue":2515209.53125,"share_pct":0.800000011920929},{"period":"2026-01","brand_revenue":19526.324462890625,"category_revenue":2505261.875,"share_pct":0.800000011920929}]},"velocity_by_category":[{"category":"FLOWER","brand_units_per_day":8.52,"category_avg_units_per_day":55.54,"velocity_index":15.3,"brand_rev_per_unit":21.14,"category_rev_per_unit":22.97,"brands_in_category":64}],"store_gaps":[{"store":"Elevation Downtown","category":"FLOWER","category_revenue_at_store":324929.8828125,"opportunity":"Brand not carried"}],"product_mix":{"top":[{"product":"OG SOUR EIGHTH - HIGH LIGHTS","units":2192,"revenue":57897.1484375,"cost":20550.0,"profit":37347.15087890625,"stores":6,"transactions":1768,"margin":64.5},{"product":"LAS VEGAS LEMON EIGHTH - HIGH LIGHTS","units":1668,"revenue":44013.75,"cost":15637.5,"profit":28376.25,"stores":6,"transactions":1448,"margin":64.5},{"product":"PURPLE CAKE BATTER EIGHTH - HIGH LIGHTS","units":1502,"revenue":39703.75,"cost":14081.25,"profit":25622.5,"stores":6,"transactions":1334,"margin":64.5},{"product":"MAZEL TOV EIGHTH - HIGH LIGHTS","units":568,"revenue":15049.67529296875,"cost":5325.0,"profit":9724.67529296875,"stores":4,"transactions":498,"margin":64.5999984741211},{"product":"DARTH BUBBA EIGHTH - HIGH LIGHTS","units":478,"revenue":12570.975341796875,"cost":4481.25,"profit":8089.7247314453125,"stores":4,"transactions":414,"margin":64.4000015258789},{"product":"CHEDDAR CHEEZE EIGHTH - HIGH LIGHTS","units":64,"revenue":1775.0,"cost":600.0,"profit":1175.0,"stores":1,"transactions":62,"margin":66.19999694824219},{"product":"TROPICAL STORM EIGHTH - HIGH LIGHTS","units":20,"revenue":550.0,"cost":187.5,"profit":362.5,"stores":1,"transactions":20,"margin":65.9000015258789}],"bottom":[],"expansion":[{"product":"MAZEL TOV EIGHTH - HIGH LIGHTS","current_stores":4,"total_stores":6,"missing_stores":["Elevation Mesa","Elevation Parkway"],"revenue":15049.67529296875},{"product":"DARTH BUBBA EIGHTH - HIGH LIGHTS","current_stores":4,"total_stores":6,"missing_stores":["Elevation Mesa","Elevation Parkway"],"revenue":12570.975341796875}]},"pricing_consistency":[{"product":"DARTH BUBBA EIGHTH - HIGH LIGHTS","min_price":50.17850036621094,"max_price":56.77083333333333,"avg_price":53.41144056774321,"std_dev":1.079384181475222,"store_count":8,"price_range":6.592332967122392,"range_pct":12.3},{"product":"MAZEL TOV EIGHTH - HIGH LIGHTS","min_price":50.24674987792969,"max_price":55.93220338983051,"avg_price":53.404333387362584,"std_dev":0.9595791790377515,"store_count":8,"price_range":5.6854535119008265,"range_pct":10.6},{"product":"PURPLE CAKE BATTER EIGHTH - HIGH LIGHTS","min_price":49.66568691278595,"max_price":54.874796384741906,"avg_price":52.694169500850386,"std_dev":0.7328583183225146,"store_count":12,"price_range":5.209109471955955,"range_pct":9.9},{"product":"LAS VEGAS LEMON EIGHTH - HIGH LIGHTS","min_price":50.375,"max_price":55.0,"avg_price":52.745587248500065,"std_dev":0.729359376878511,"store_count":12,"price_range":4.6250000000000036,"range_pct":8.8},{"product":"OG SOUR EIGHTH - HIGH LIGHTS","min_price":49.90973930854302,"max_price":54.45,"avg_price":52.82821860282417,"std_dev":0.6390484137596694,"store_count":12,"price_range":4.540260691456988,"range_pct":8.6}],"promotional_effectiveness":{"lift":{"fp_units_per_day":12.46,"disc_units_per_day":31.5,"lift_pct":152.9,"fp_avg_revenue_per_unit":62.5,"disc_avg_revenue_per_unit":49.25},"by_deal":[{"deal_name":"Lit4Less - 1/4 for $40","uses":1466,"revenue":102878.96250128746,"discounts":25902.28750050068,"units":4121.0,"cost":38634.375,"margin":62.4,"discount_depth":40.2},{"deal_name":"Jackpot - Locals 30% Off","uses":43,"revenue":2887.5,"discounts":1237.5,"units":132.0,"cost":1237.5,"margin":57.1,"discount_depth":60.0},{"deal_name":"Employee 30% - NOT FRIDAYS","uses":30,"revenue":1478.125,"discounts":646.875,"units":68.0,"cost":637.5,"margin":56.9,"discount_depth":60.8},{"deal_name":"Employee - 40% OFF","uses":20,"revenue":1012.5,"discounts":675.0,"units":54.0,"cost":506.25,"margin":50.0,"discount_depth":80.0},{"deal_name":"LVAC - 25% Off","uses":10,"revenue":515.625,"discounts":171.875,"units":22.0,"cost":206.25,"margin":60.0,"discount_depth":50.0},{"deal_name":"Store Credit - $25","uses":6,"revenue":232.86250114440918,"discounts":110.88750064373016,"units":11.0,"cost":103.125,"margin":55.7,"discount_depth":64.6},{"deal_name":"Store Credit - $15","uses":5,"revenue":131.25,"discounts":87.5,"units":7.0,"cost":65.625,"margin":50.0,"discount_depth":80.0},{"deal_name":"Industry 30% Off","uses":4,"revenue":612.5,"discounts":262.5,"units":28.0,"cost":262.5,"margin":57.1,"discount_depth":60.0},{"deal_name":"Store Credit - $50","uses":2,"revenue":62.62499928474426,"discounts":31.125000715255737,"units":3.0,"cost":28.125,"margin":55.1,"discount_depth":66.4},{"deal_name":"Senior - 10% Off","uses":1,"revenue":56.25,"discounts":6.25,"units":2.0,"cost":18.75,"margin":66.7,"discount_depth":20.0},{"deal_name":"Senior / Veterans - 20% Off","uses":1,"revenue":100.0,"discounts":25.0,"units":4.0,"cost":37.5,"margin":62.5,"discount_depth":40.0},{"deal_name":"Store Credit - $75","uses":1,"revenue":36.600000858306885,"discounts":25.899999141693115,"units":2.0,"cost":18.75,"margin":48.8,"discount_depth":82.8}]},"growth_opportunities":[{"type":"distribution","title":"Expand to Elevation Downtown","detail":"Store has $129,972 in FLOWER \u2014 categories where HIGH LIGHTS competes.","priority":"high"},{"type":"sku_expansion","title":"Add 'DARTH BUBBA EIGHTH - HIGH LIGHTS' to 2 more store(s)","detail":"Carried in 4 stores. Missing from: Elevation Mesa, Elevation Parkway","priority":"medium"},{"type":"sku_expansion","title":"Add 'MAZEL TOV EIGHTH - HIGH LIGHTS' to 2 more store(s)","detail":"Carried in 4 stores. Missing from: Elevation Mesa, Elevation Parkway","priority":"medium"},{"type":"velocity","title":"Improve velocity in FLOWER","detail":"Velocity index 15 (below category average). 4.3 units/day vs 27.8 avg.","priority":"medium"}],"trend":[{"period":"2025-08","revenue":14212.5,"cost":5193.75,"margin":63.5,"units":554,"transactions":402,"profit":9018.75,"revenue_change_pct":null,"units_change_pct":null,"margin_change_pts":null},{"period":"2025-09","revenue":49309.6240234375,"cost":17643.75,"margin":64.2,"units":1882,"transactions":1462,"profit":31665.8740234375,"revenue_change_pct":246.9,"units_change_pct":239.7,"margin_change_pts":0.8},{"period":"2025-10","revenue":55487.451171875,"cost":19612.5,"margin":64.7,"units":2092,"transactions":1678,"profit":35874.951171875,"revenue_change_pct":12.5,"units_change_pct":11.2,"margin_change_pts":0.4},{"period":"2025-11","revenue":12484.324951171875,"cost":4368.75,"margin":65.0,"units":466,"transactions":394,"profit":8115.574951171875,"revenue_change_pct":-77.5,"units_change_pct":-77.7,"margin_change_pts":0.4},{"period":"2025-12","revenue":20540.07568359375,"cost":7143.75,"margin":65.2,"units":762,"transactions":630,"profit":13396.324462890625,"revenue_change_pct":64.5,"units_change_pct":63.5,"margin_change_pts":0.2},{"period":"2026-01","revenue":19526.324462890625,"cost":6900.0,"margin":64.7,"units":736,"transactions":594,"profit":12626.324462890625,"revenue_change_pct":-4.9,"units_change_pct":-3.4,"margin_change_pts":-0.6}]}