{"brand":"MOJO","date_range":"2024-01-01 00:00:00 to 2026-01-31 00:00:00","period_label":"All Time","summary":{"total_units":53998,"total_revenue":1559673.75,"total_cost":822997.5,"total_discounts":470158.8671875,"total_profit":736676.09375,"overall_margin":47.20000076293945,"fp_margin":58.5,"disc_margin":41.599998474121094,"pct_full_price":33.099998474121094,"avg_discount_rate":23.200000762939453,"fp_revenue":516685.0,"disc_revenue":1042988.671875,"brand":"MOJO","date_range":"2024-01-01 00:00:00 to 2026-01-31 00:00:00","primary_category":"CARTRIDGE","store_coverage":"6/7","stores_present":["Elevation Springs","Elevation Mesa","Elevation Oasis","Elevation Midtown","Elevation Boulevard","Elevation Parkway"],"stores_missing":["Elevation Downtown"],"velocity_rank":10,"velocity_total":27},"distribution":[{"store":"Elevation Springs","carries_brand":true,"sku_count":102,"revenue":340736.1328125,"units":12098,"store_total_revenue":51138750.0,"brand_share_pct":0.699999988079071},{"store":"Elevation Mesa","carries_brand":true,"sku_count":100,"revenue":286604.7265625,"units":10148,"store_total_revenue":47532240.0,"brand_share_pct":0.6000000238418579},{"store":"Elevation Oasis","carries_brand":true,"sku_count":114,"revenue":434268.9453125,"units":14392,"store_total_revenue":56050145.0,"brand_share_pct":0.800000011920929},{"store":"Elevation Downtown","carries_brand":false,"sku_count":0,"revenue":0.0,"units":0,"store_total_revenue":1945237.1875,"brand_share_pct":0},{"store":"Elevation Midtown","carries_brand":true,"sku_count":80,"revenue":257480.9765625,"units":8588,"store_total_revenue":30850185.0,"brand_share_pct":0.800000011920929},{"store":"Elevation Boulevard","carries_brand":true,"sku_count":92,"revenue":154141.26953125,"units":5692,"store_total_revenue":28757865.0,"brand_share_pct":0.5},{"store":"Elevation Parkway","carries_brand":true,"sku_count":68,"revenue":86441.6015625,"units":3080,"store_total_revenue":21987007.5,"brand_share_pct":0.4000000059604645}],"share_of_category":[{"category":"CARTRIDGE","brand_revenue":1053485.3125,"category_revenue":46155130.0,"revenue_share_pct":2.299999952316284,"brand_units":35872,"category_units":1532896,"units_share_pct":2.3},{"category":"CONCENTRATE","brand_revenue":420942.421875,"category_revenue":7866357.5,"revenue_share_pct":5.400000095367432,"brand_units":15980,"category_units":316632,"units_share_pct":5.0},{"category":"DISPOSABLE VAPE","brand_revenue":85245.99609375,"category_revenue":30552405.0,"revenue_share_pct":0.30000001192092896,"brand_units":2146,"category_units":756548,"units_share_pct":0.3}],"share_of_category_trend":{"CARTRIDGE":[{"period":"2024-01","brand_revenue":51416.650390625,"category_revenue":2057675.625,"share_pct":2.5},{"period":"2024-02","brand_revenue":106018.30078125,"category_revenue":2141777.8125,"share_pct":5.0},{"period":"2024-03","brand_revenue":108683.49609375,"category_revenue":2288552.1875,"share_pct":4.699999809265137},{"period":"2024-04","brand_revenue":71361.07421875,"category_revenue":2096820.46875,"share_pct":3.4000000953674316},{"period":"2024-05","brand_revenue":111646.25,"category_revenue":2138038.59375,"share_pct":5.199999809265137},{"period":"2024-06","brand_revenue":85807.5,"category_revenue":2017623.90625,"share_pct":4.300000190734863},{"period":"2024-07","brand_revenue":92722.900390625,"category_revenue":2031918.28125,"share_pct":4.599999904632568},{"period":"2024-08","brand_revenue":55130.0244140625,"category_revenue":2132382.65625,"share_pct":2.5999999046325684},{"period":"2024-09","brand_revenue":48511.25,"category_revenue":1955407.03125,"share_pct":2.5},{"period":"2024-10","brand_revenue":52861.25,"category_revenue":2083993.125,"share_pct":2.5},{"period":"2024-11","brand_revenue":50473.125,"category_revenue":2038609.375,"share_pct":2.5},{"period":"2024-12","brand_revenue":10185.0,"category_revenue":2003932.03125,"share_pct":0.5},{"period":"2025-01","brand_revenue":4045.0,"category_revenue":1921719.21875,"share_pct":0.20000000298023224},{"period":"2025-02","brand_revenue":505.0,"category_revenue":1668647.5,"share_pct":0.0},{"period":"2025-03","brand_revenue":8299.375,"category_revenue":1758711.25,"share_pct":0.5},{"period":"2025-04","brand_revenue":28092.9248046875,"category_revenue":1735997.5,"share_pct":1.600000023841858},{"period":"2025-05","brand_revenue":17312.5,"category_revenue":1688800.46875,"share_pct":1.0},{"period":"2025-06","brand_revenue":13008.75,"category_revenue":1594515.0,"share_pct":0.800000011920929},{"period":"2025-07","brand_revenue":3631.25,"category_revenue":1595739.53125,"share_pct":0.20000000298023224},{"period":"2025-08","brand_revenue":17878.125,"category_revenue":1677489.6875,"share_pct":1.100000023841858},{"period":"2025-09","brand_revenue":15721.500244140625,"category_revenue":1539547.96875,"share_pct":1.0},{"period":"2025-10","brand_revenue":9311.6748046875,"category_revenue":1548909.21875,"share_pct":0.6000000238418579},{"period":"2025-11","brand_revenue":27465.625,"category_revenue":1545430.15625,"share_pct":1.7999999523162842},{"period":"2025-12","brand_revenue":31349.02587890625,"category_revenue":1467828.28125,"share_pct":2.0999999046325684},{"period":"2026-01","brand_revenue":32047.67578125,"category_revenue":1425064.0625,"share_pct":2.200000047683716}],"CONCENTRATE":[{"period":"2024-01","brand_revenue":18709.67529296875,"category_revenue":351129.609375,"share_pct":5.300000190734863},{"period":"2024-02","brand_revenue":25735.12451171875,"category_revenue":371224.4921875,"share_pct":6.900000095367432},{"period":"2024-03","brand_revenue":29711.99951171875,"category_revenue":375964.296875,"share_pct":7.900000095367432},{"period":"2024-04","brand_revenue":26944.25048828125,"category_revenue":352745.859375,"share_pct":7.599999904632568},{"period":"2024-05","brand_revenue":2873.0001831054688,"category_revenue":346027.5,"share_pct":0.800000011920929},{"period":"2024-06","brand_revenue":19941.925048828125,"category_revenue":310723.3984375,"share_pct":6.400000095367432},{"period":"2024-07","brand_revenue":35538.02490234375,"category_revenue":336220.078125,"share_pct":10.600000381469727},{"period":"2024-08","brand_revenue":28125.2001953125,"category_revenue":324004.04296875,"share_pct":8.699999809265137},{"period":"2024-09","brand_revenue":35613.00048828125,"category_revenue":326834.1796875,"share_pct":10.899999618530273},{"period":"2024-10","brand_revenue":27486.6259765625,"category_revenue":324500.859375,"share_pct":8.5},{"period":"2024-11","brand_revenue":36549.6240234375,"category_revenue":351240.0390625,"share_pct":10.399999618530273},{"period":"2024-12","brand_revenue":9620.675048828125,"category_revenue":324145.4296875,"share_pct":3.0},{"period":"2025-01","brand_revenue":1909.2500305175781,"category_revenue":325749.19921875,"share_pct":0.6000000238418579},{"period":"2025-02","brand_revenue":542.5,"category_revenue":300499.0234375,"share_pct":0.20000000298023224},{"period":"2025-03","brand_revenue":9135.700073242188,"category_revenue":298171.5234375,"share_pct":3.0999999046325684},{"period":"2025-04","brand_revenue":31937.15087890625,"category_revenue":343355.625,"share_pct":9.300000190734863},{"period":"2025-05","brand_revenue":9148.75,"category_revenue":288836.62109375,"share_pct":3.200000047683716},{"period":"2025-06","brand_revenue":1980.2500915527344,"category_revenue":280928.33984375,"share_pct":0.699999988079071},{"period":"2025-07","brand_revenue":2208.000030517578,"category_revenue":283604.1796875,"share_pct":0.800000011920929},{"period":"2025-08","brand_revenue":10383.375244140625,"category_revenue":274773.76953125,"share_pct":3.799999952316284},{"period":"2025-09","brand_revenue":9735.125122070312,"category_revenue":264599.19921875,"share_pct":3.700000047683716},{"period":"2025-10","brand_revenue":4900.0,"category_revenue":277515.46875,"share_pct":1.7999999523162842},{"period":"2025-11","brand_revenue":9490.10009765625,"category_revenue":295773.3203125,"share_pct":3.200000047683716},{"period":"2025-12","brand_revenue":19776.25,"category_revenue":267042.05078125,"share_pct":7.400000095367432},{"period":"2026-01","brand_revenue":12946.824951171875,"category_revenue":270749.70703125,"share_pct":4.800000190734863}],"DISPOSABLE VAPE":[{"period":"2024-01","brand_revenue":0.0,"category_revenue":933474.921875,"share_pct":0.0},{"period":"2024-02","brand_revenue":0.0,"category_revenue":877782.109375,"share_pct":0.0},{"period":"2024-03","brand_revenue":0.0,"category_revenue":990692.03125,"share_pct":0.0},{"period":"2024-04","brand_revenue":0.0,"category_revenue":971952.1875,"share_pct":0.0},{"period":"2024-05","brand_revenue":0.0,"category_revenue":1035100.46875,"share_pct":0.0},{"period":"2024-06","brand_revenue":0.0,"category_revenue":1039794.21875,"share_pct":0.0},{"period":"2024-07","brand_revenue":0.0,"category_revenue":1081636.5625,"share_pct":0.0},{"period":"2024-08","brand_revenue":0.0,"category_revenue":1098658.125,"share_pct":0.0},{"period":"2024-09","brand_revenue":0.0,"category_revenue":1056394.53125,"share_pct":0.0},{"period":"2024-10","brand_revenue":0.0,"category_revenue":1197041.171875,"share_pct":0.0},{"period":"2024-11","brand_revenue":0.0,"category_revenue":1193980.234375,"share_pct":0.0},{"period":"2024-12","brand_revenue":0.0,"category_revenue":1222008.984375,"share_pct":0.0},{"period":"2025-01","brand_revenue":0.0,"category_revenue":1100552.421875,"share_pct":0.0},{"period":"2025-02","brand_revenue":0.0,"category_revenue":1167271.25,"share_pct":0.0},{"period":"2025-03","brand_revenue":0.0,"category_revenue":1348856.71875,"share_pct":0.0},{"period":"2025-04","brand_revenue":0.0,"category_revenue":1414639.84375,"share_pct":0.0},{"period":"2025-05","brand_revenue":0.0,"category_revenue":1460588.4375,"share_pct":0.0},{"period":"2025-06","brand_revenue":0.0,"category_revenue":1320852.96875,"share_pct":0.0},{"period":"2025-07","brand_revenue":0.0,"category_revenue":1451194.84375,"share_pct":0.0},{"period":"2025-08","brand_revenue":625.0,"category_revenue":1403520.625,"share_pct":0.0},{"period":"2025-09","brand_revenue":1678.75,"category_revenue":1317518.125,"share_pct":0.10000000149011612},{"period":"2025-10","brand_revenue":16579.1748046875,"category_revenue":1511693.75,"share_pct":1.100000023841858},{"period":"2025-11","brand_revenue":21615.8251953125,"category_revenue":1481709.21875,"share_pct":1.5},{"period":"2025-12","brand_revenue":23987.2509765625,"category_revenue":1476896.875,"share_pct":1.600000023841858},{"period":"2026-01","brand_revenue":20760.0,"category_revenue":1398594.84375,"share_pct":1.5}]},"velocity_by_category":[{"category":"CONCENTRATE","brand_units_per_day":20.98,"category_avg_units_per_day":15.38,"velocity_index":136.3,"brand_rev_per_unit":21.07,"category_rev_per_unit":19.88,"brands_in_category":27},{"category":"CARTRIDGE","brand_units_per_day":47.08,"category_avg_units_per_day":74.5,"velocity_index":63.2,"brand_rev_per_unit":23.49,"category_rev_per_unit":24.09,"brands_in_category":27},{"category":"DISPOSABLE VAPE","brand_units_per_day":2.82,"category_avg_units_per_day":28.36,"velocity_index":9.9,"brand_rev_per_unit":31.78,"category_rev_per_unit":32.31,"brands_in_category":35}],"store_gaps":[{"store":"Elevation Downtown","category":"DISPOSABLE VAPE","category_revenue_at_store":386406.2890625,"opportunity":"Brand not carried"},{"store":"Elevation Downtown","category":"CARTRIDGE","category_revenue_at_store":190494.43359375,"opportunity":"Brand not carried"},{"store":"Elevation Downtown","category":"CONCENTRATE","category_revenue_at_store":53170.9033203125,"opportunity":"Brand not carried"}],"product_mix":{"top":[{"product":"LUCID DAYDREAM CART - MOJO","units":8480,"revenue":249705.68359375,"cost":134171.875,"profit":115533.798828125,"stores":6,"transactions":7326,"margin":46.29999923706055},{"product":"PINEAPPLE FANTA CART - MOJO","units":7442,"revenue":216920.390625,"cost":119186.875,"profit":97733.525390625,"stores":6,"transactions":6234,"margin":45.099998474121094},{"product":"GRAPE COOL-AID CART - MOJO","units":7390,"revenue":215462.5,"cost":120087.5,"profit":95375.0,"stores":6,"transactions":6182,"margin":44.29999923706055},{"product":"LEMONADE JOY RIDE CART - MOJO","units":3240,"revenue":90749.228515625,"cost":52650.0,"profit":38099.22607421875,"stores":6,"transactions":2748,"margin":42.0},{"product":"BLUEBERRY PIE CART - MOJO","units":1892,"revenue":55788.3251953125,"cost":28517.5,"profit":27270.8251953125,"stores":6,"transactions":1678,"margin":48.900001525878906},{"product":"STRAWBERRY DIESEL CART - MOJO","units":1770,"revenue":51324.1748046875,"cost":28762.5,"profit":22561.6748046875,"stores":6,"transactions":1556,"margin":44.0},{"product":"AFGHANI DISPOSABLE VAPE - MOJO","units":1158,"revenue":45527.8271484375,"cost":20265.0,"profit":25262.82470703125,"stores":6,"transactions":1046,"margin":55.5},{"product":"JELLY BRAIN CART - MOJO","units":1464,"revenue":44905.2978515625,"cost":23340.0,"profit":21565.30029296875,"stores":5,"transactions":1314,"margin":48.0},{"product":"GUAVA WATERMELON ZLUSHEE DISPOSABLE VAPE - MOJO","units":1106,"revenue":44738.173828125,"cost":19355.0,"profit":25383.173828125,"stores":6,"transactions":1018,"margin":56.70000076293945},{"product":"ZODIAC KILLER CART - MOJO","units":1132,"revenue":33488.02490234375,"cost":18395.0,"profit":15093.02490234375,"stores":6,"transactions":1022,"margin":45.099998474121094},{"product":"NEON NECTAR CART - MOJO","units":914,"revenue":28593.3251953125,"cost":11681.875,"profit":16911.4501953125,"stores":6,"transactions":846,"margin":59.099998474121094},{"product":"PEACHY PLEASURE CART - MOJO","units":792,"revenue":25171.0498046875,"cost":10164.375,"profit":15006.6748046875,"stores":6,"transactions":750,"margin":59.599998474121094},{"product":"GRAPE GAS CR BADDER - MOJO","units":750,"revenue":20625.74951171875,"cost":10312.5,"profit":10313.24951171875,"stores":6,"transactions":662,"margin":50.0},{"product":"DOCS OG CR BADDER - MOJO","units":754,"revenue":20258.7255859375,"cost":10367.5,"profit":9891.224975585938,"stores":6,"transactions":688,"margin":48.79999923706055},{"product":"BRUCE LEE KUSH LIVE RESIN WHIPPED DIAMOND BADDER - MOJO","units":556,"revenue":18361.75048828125,"cost":7645.0,"profit":10716.75048828125,"stores":5,"transactions":492,"margin":58.400001525878906},{"product":"STRAWBERRY MILK CR SUGAR - MOJO","units":652,"revenue":17581.57470703125,"cost":8965.0,"profit":8616.57470703125,"stores":6,"transactions":584,"margin":49.0},{"product":"MYSTIC BREW CART - MOJO","units":550,"revenue":16888.75,"cost":8937.5,"profit":7951.25,"stores":6,"transactions":484,"margin":47.099998474121094},{"product":"MELONADE CURED RESIN BADDER - MOJO","units":642,"revenue":14972.850341796875,"cost":8827.5,"profit":6145.3497314453125,"stores":6,"transactions":602,"margin":41.0},{"product":"OGKB CR BADDER - MOJO","units":498,"revenue":13566.400146484375,"cost":6847.5,"profit":6718.900146484375,"stores":5,"transactions":458,"margin":49.5},{"product":"GRAPE FANTA LIVE RESIN DIAMONDS & SAUCE - MOJO","units":416,"revenue":13300.400390625,"cost":5720.0,"profit":7580.3997802734375,"stores":5,"transactions":356,"margin":57.0}],"bottom":[{"product":"GARLIC COOKIES CR BADDER - MOJO","units":98,"revenue":2378.5501098632812,"cost":1225.0,"profit":1153.5499572753906,"stores":2,"transactions":86,"margin":48.5},{"product":"SOUR MINTZ CR BATTER - MOJO","units":92,"revenue":2263.000030517578,"cost":1265.0,"profit":998.0000305175781,"stores":1,"transactions":86,"margin":44.099998474121094},{"product":"FACE OFF CR BADDER - MOJO","units":68,"revenue":1697.1499633789062,"cost":850.0,"profit":847.1499633789062,"stores":3,"transactions":58,"margin":49.900001525878906},{"product":"OREOZ DUCT TAPE BADDER - MOJO","units":62,"revenue":1581.5499877929688,"cost":852.5,"profit":729.0499877929688,"stores":2,"transactions":54,"margin":46.099998474121094},{"product":"GRAPE MARKER CR BADDER - MOJO","units":50,"revenue":1278.499984741211,"cost":625.0,"profit":653.4999847412109,"stores":2,"transactions":42,"margin":51.099998474121094},{"product":"24K BADDER 1G - MOJO","units":42,"revenue":947.5,"cost":577.5,"profit":370.0,"stores":1,"transactions":38,"margin":39.099998474121094},{"product":"APPLE JACK LR SUGAR - MOJO","units":34,"revenue":925.0,"cost":467.5,"profit":457.5,"stores":1,"transactions":26,"margin":49.5},{"product":"ANIMAL MINTS CR SUGAR - MOJO","units":20,"revenue":527.0000076293945,"cost":275.0,"profit":252.00000762939453,"stores":1,"transactions":16,"margin":47.79999923706055},{"product":"HAWAIIAN OREOZ BADDER - MOJO","units":26,"revenue":479.7500228881836,"cost":357.5,"profit":122.2499942779541,"stores":2,"transactions":22,"margin":25.5},{"product":"SKYWALKER OG SUGAR 0.9G - MOJO","units":8,"revenue":206.25,"cost":110.0,"profit":96.25,"stores":1,"transactions":8,"margin":46.70000076293945}],"expansion":[{"product":"JELLY BRAIN CART - MOJO","current_stores":5,"total_stores":6,"missing_stores":["Elevation Boulevard"],"revenue":44905.2978515625},{"product":"BRUCE LEE KUSH LIVE RESIN WHIPPED DIAMOND BADDER - MOJO","current_stores":5,"total_stores":6,"missing_stores":["Elevation Parkway"],"revenue":18361.75048828125},{"product":"OGKB CR BADDER - MOJO","current_stores":5,"total_stores":6,"missing_stores":["Elevation Parkway"],"revenue":13566.400146484375},{"product":"GRAPE FANTA LIVE RESIN DIAMONDS & SAUCE - MOJO","current_stores":5,"total_stores":6,"missing_stores":["Elevation Parkway"],"revenue":13300.400390625},{"product":"SECRET MINTZ CR SUGAR - MOJO","current_stores":4,"total_stores":6,"missing_stores":["Elevation Boulevard","Elevation Parkway"],"revenue":12095.50048828125},{"product":"BLUE CHEESE CURED RESIN BADDER - MOJO","current_stores":5,"total_stores":6,"missing_stores":["Elevation Parkway"],"revenue":11643.75},{"product":"LEMONADE JOYRIDE CART - MOJO","current_stores":2,"total_stores":6,"missing_stores":["Elevation Springs","Elevation Midtown","Elevation Boulevard","Elevation Parkway"],"revenue":11564.599609375},{"product":"BLUES GLUEZ CR BADDER - MOJO","current_stores":5,"total_stores":6,"missing_stores":["Elevation Parkway"],"revenue":11115.450439453125},{"product":"LEMON CHERRY GELATO CR BADDER - MOJO","current_stores":5,"total_stores":6,"missing_stores":["Elevation Parkway"],"revenue":11045.650634765625},{"product":"LAVA CAKE CR BADDER - MOJO","current_stores":4,"total_stores":6,"missing_stores":["Elevation Midtown","Elevation Parkway"],"revenue":10837.249755859375}]},"pricing_consistency":[{"product":"HAWAIIAN OREOZ BADDER - MOJO","min_price":16.875,"max_price":45.805553860134545,"avg_price":31.340276930067272,"std_dev":8.182796327193515,"store_count":4,"price_range":28.930553860134545,"range_pct":92.3},{"product":"PURPLE RUNTZ CURED RESIN BADDER - MOJO","min_price":40.01500244140625,"max_price":57.131580553556745,"avg_price":47.30012920822418,"std_dev":2.2075317924882176,"store_count":12,"price_range":17.116578112150496,"range_pct":36.2},{"product":"BRUCE LEE KUSH LIVE RESIN WHIPPED DIAMOND BADDER - MOJO","min_price":59.08219010862585,"max_price":79.734375,"avg_price":67.39122968839183,"std_dev":3.195617391228905,"store_count":10,"price_range":20.652184891374148,"range_pct":30.6},{"product":"GRAPE GAS CR BADDER - MOJO","min_price":44.67999877929688,"max_price":61.17333170572917,"avg_price":54.330832587348084,"std_dev":2.4723296480466184,"store_count":12,"price_range":16.49333292643229,"range_pct":30.4},{"product":"MYSTIC BREW CART - MOJO","min_price":54.43333333333334,"max_price":73.2,"avg_price":62.30555555555555,"std_dev":2.9254634327395546,"store_count":12,"price_range":18.76666666666667,"range_pct":30.1},{"product":"TROPICAL RUSH LIVE RESIN DIAMONDS & SAUCE - MOJO","min_price":50.0,"max_price":67.58928571428571,"avg_price":60.0656356292517,"std_dev":2.615270210030001,"store_count":10,"price_range":17.58928571428571,"range_pct":29.3},{"product":"MELONADE CURED RESIN BADDER - MOJO","min_price":39.78000183105469,"max_price":52.37332356770834,"avg_price":46.31895546383328,"std_dev":1.915887955715974,"store_count":12,"price_range":12.59332173665365,"range_pct":27.2},{"product":"TROPICAL CRUSH LIVE RESIN DIAMONDS & SAUCE - MOJO","min_price":45.21249771118164,"max_price":58.55769230769231,"avg_price":53.548396672957985,"std_dev":2.9071848094347117,"store_count":6,"price_range":13.345194596510668,"range_pct":24.9},{"product":"DOCS OG CR BADDER - MOJO","min_price":46.764501953125006,"max_price":58.68181501116071,"avg_price":53.24160892547123,"std_dev":1.9241875005809663,"store_count":12,"price_range":11.917313058035708,"range_pct":22.4},{"product":"MOCHI CR BATTER - MOJO","min_price":48.78846682035005,"max_price":60.352502441406244,"avg_price":52.76698995736929,"std_dev":2.6287490279108394,"store_count":6,"price_range":11.56403562105619,"range_pct":21.9},{"product":"OREOZ CR SUGAR - MOJO","min_price":47.44000244140625,"max_price":58.91749877929687,"avg_price":52.41500193277994,"std_dev":2.355696641727888,"store_count":6,"price_range":11.477496337890623,"range_pct":21.9},{"product":"STRAWBERRY MILK CR SUGAR - MOJO","min_price":46.76000061035157,"max_price":57.7760009765625,"avg_price":51.67669774473104,"std_dev":1.7133525660556135,"store_count":12,"price_range":11.016000366210932,"range_pct":21.3},{"product":"GRAPE FANTA LIVE RESIN DIAMONDS & SAUCE - MOJO","min_price":56.6454081632653,"max_price":70.17999776204428,"avg_price":64.27989411023198,"std_dev":2.153427716149692,"store_count":10,"price_range":13.53458959877897,"range_pct":21.1},{"product":"HAWAIIAN TONY CR SUGAR - MOJO","min_price":49.33000183105469,"max_price":60.3199951171875,"avg_price":53.8028732475193,"std_dev":2.3092581681181805,"store_count":6,"price_range":10.989993286132815,"range_pct":20.4},{"product":"KUSH FACE CURED RESIN BADDER - MOJO","min_price":40.70945945945945,"max_price":49.45652173913044,"avg_price":45.550018104298225,"std_dev":1.3687497942254876,"store_count":12,"price_range":8.747062279670983,"range_pct":19.2},{"product":"AFGHANI DISPOSABLE VAPE - MOJO","min_price":70.15086206896552,"max_price":84.65437316894531,"avg_price":77.28376657302476,"std_dev":1.9209212388329158,"store_count":12,"price_range":14.5035110999798,"range_pct":18.8},{"product":"SFV X HONEY BUNS BADDER - MOJO","min_price":49.2820945945946,"max_price":59.35999755859375,"avg_price":53.67736486486486,"std_dev":2.0643258868675036,"store_count":6,"price_range":10.077902963999152,"range_pct":18.8},{"product":"RAINBOW BELTZ CART - MOJO","min_price":52.4022743918679,"max_price":63.0,"avg_price":57.70113719593395,"std_dev":2.997489457065814,"store_count":4,"price_range":10.597725608132098,"range_pct":18.4},{"product":"BLUE CHEESE CURED RESIN BADDER - MOJO","min_price":38.395270270270274,"max_price":46.28000183105469,"avg_price":43.03392242254403,"std_dev":1.190947339732487,"store_count":10,"price_range":7.884731560784415,"range_pct":18.3},{"product":"SECRET MINTZ CR SUGAR - MOJO","min_price":51.911291307018644,"max_price":61.81428745814732,"avg_price":56.04745732164712,"std_dev":1.9182231392444005,"store_count":8,"price_range":9.902996151128676,"range_pct":17.7},{"product":"OGKB CR BADDER - MOJO","min_price":49.59500427246094,"max_price":59.02000122070312,"avg_price":54.50080750757334,"std_dev":1.795881094285818,"store_count":10,"price_range":9.424996948242184,"range_pct":17.3},{"product":"TANGIE CR BADDER - MOJO","min_price":46.343750953674316,"max_price":55.34375190734863,"avg_price":52.14215416378445,"std_dev":1.303548334689015,"store_count":12,"price_range":9.000000953674316,"range_pct":17.3},{"product":"ZODIAC KILLER CART - MOJO","min_price":52.78061224489796,"max_price":62.81875,"avg_price":58.92018617863303,"std_dev":1.4819805699348714,"store_count":12,"price_range":10.038137755102046,"range_pct":17.0},{"product":"STRAWBERRY DIESEL CART - MOJO","min_price":53.599137931034484,"max_price":63.292824074074076,"avg_price":57.51988636081907,"std_dev":1.401640912248148,"store_count":12,"price_range":9.69368614303959,"range_pct":16.9},{"product":"OREOZ DUCT TAPE BADDER - MOJO","min_price":46.979689598083496,"max_price":55.32500203450521,"avg_price":51.15234581629436,"std_dev":2.360410805965689,"store_count":4,"price_range":8.345312436421715,"range_pct":16.3},{"product":"COLUMBIAN KUSH BREATH CR BADDER - MOJO","min_price":47.540008544921875,"max_price":56.02857317243304,"avg_price":52.4495873419793,"std_dev":1.3705541012381837,"store_count":12,"price_range":8.488564627511161,"range_pct":16.2},{"product":"SPICY MOJITO CR BADDER - MOJO","min_price":47.29999796549479,"max_price":55.40321596207157,"avg_price":51.086672715396176,"std_dev":1.3929295108720965,"store_count":8,"price_range":8.10321799657678,"range_pct":15.9},{"product":"GBM CR SUGAR - MOJO","min_price":48.55000305175781,"max_price":56.53968447730655,"avg_price":51.028673789614714,"std_dev":1.4893024259780208,"store_count":8,"price_range":7.98968142554874,"range_pct":15.7},{"product":"APPLE JACK LIVE RESIN SUGAR - MOJO","min_price":51.08870967741935,"max_price":59.75,"avg_price":55.49717741935483,"std_dev":1.5169170567041148,"store_count":8,"price_range":8.661290322580646,"range_pct":15.6},{"product":"JELLY BRAIN CART - MOJO","min_price":57.175925925925924,"max_price":66.64606165002893,"avg_price":61.23980930309137,"std_dev":1.3751661929048336,"store_count":10,"price_range":9.470135724103006,"range_pct":15.5}],"promotional_effectiveness":{"lift":{"fp_units_per_day":21.68,"disc_units_per_day":57.28,"lift_pct":164.3,"fp_avg_revenue_per_unit":74.025,"disc_avg_revenue_per_unit":52.1},"by_deal":[{"deal_name":"Industry - 30% Off","uses":3433,"revenue":217181.20229005814,"discounts":93236.300573349,"units":8545.0,"cost":130831.25,"margin":39.8,"discount_depth":60.0},{"deal_name":"MOJO 0.9g Carts 4 for $80","uses":988,"revenue":203272.5,"discounts":101527.5,"units":8128.0,"cost":132080.0,"margin":35.0,"discount_depth":66.6},{"deal_name":"Industry 30% Off","uses":718,"revenue":51905.78800082207,"discounts":22374.212626218796,"units":1842.0,"cost":26175.625,"margin":49.6,"discount_depth":60.2},{"deal_name":"MOJO 0.9g Carts 2 for $40","uses":711,"revenue":82750.0,"discounts":41300.0,"units":3308.0,"cost":53755.0,"margin":35.0,"discount_depth":66.6},{"deal_name":"Lit4Less - 3 for $75 Carts - Srene / Select / AMA / Optimum / BC","uses":648,"revenue":60768.687500953674,"discounts":23981.312497854233,"units":1948.0,"cost":24788.4375,"margin":59.2,"discount_depth":56.6},{"deal_name":"4/20 2025 - Flower / Infused","uses":441,"revenue":24388.824999332428,"discounts":24509.925005435944,"units":1343.0,"cost":19783.75,"margin":18.9,"discount_depth":100.2},{"deal_name":"Lit4Less - Concentrate 3g for $60","uses":402,"revenue":45058.34999918938,"discounts":18886.65000319481,"units":1806.0,"cost":22852.1875,"margin":49.3,"discount_depth":59.0},{"deal_name":"MOJO 2g Concentrate for $40","uses":387,"revenue":44943.499999046326,"discounts":22346.500000953674,"units":1797.0,"cost":24708.75,"margin":45.0,"discount_depth":66.4},{"deal_name":"30% Off Special","uses":339,"revenue":23140.250062942505,"discounts":9917.250015735626,"units":744.0,"cost":12345.0,"margin":46.7,"discount_depth":60.0},{"deal_name":"Veterans - 10% Off","uses":240,"revenue":19147.24991798401,"discounts":2205.249979496002,"units":579.0,"cost":8840.0,"margin":53.8,"discount_depth":20.6},{"deal_name":"Jackpot - Locals 30% Off","uses":224,"revenue":18004.000282287598,"discounts":7716.000070571899,"units":702.0,"cost":10129.375,"margin":43.7,"discount_depth":60.0},{"deal_name":"Senior - 10% Off","uses":203,"revenue":20431.99990749359,"discounts":2347.999986410141,"units":607.0,"cost":9438.125,"margin":53.8,"discount_depth":20.6},{"deal_name":"MOJO 0.9g Carts 3 for $60","uses":152,"revenue":23261.25,"discounts":11651.25,"units":931.0,"cost":15128.75,"margin":35.0,"discount_depth":66.8},{"deal_name":"Senior / Veterans - 20% Off","uses":140,"revenue":13142.499899864197,"discounts":3297.499976158142,"units":451.0,"cost":6683.125,"margin":49.1,"discount_depth":40.2},{"deal_name":"4/20 40% Off!!!!","uses":137,"revenue":10104.000029563904,"discounts":6735.999970436096,"units":460.0,"cost":7270.0,"margin":28.0,"discount_depth":80.0},{"deal_name":"50% Off - G2B","uses":110,"revenue":6082.5,"discounts":6082.5,"units":294.0,"cost":4050.625,"margin":33.4,"discount_depth":100.0},{"deal_name":"Lit4Less - Disposables - 2 for $75 LR / HTE","uses":96,"revenue":11600.837497711182,"discounts":799.1624999046326,"units":248.0,"cost":4340.0,"margin":62.6,"discount_depth":12.8},{"deal_name":"Employee 30% - NOT FRIDAYS","uses":94,"revenue":6052.616739273071,"discounts":2625.716684659322,"units":227.33333333333334,"cost":3252.916666666667,"margin":46.3,"discount_depth":60.6},{"deal_name":"Dabwoods / MOJO 0.8g Disposables 2 for $60","uses":86,"revenue":8152.737500667572,"discounts":2747.262500524521,"units":218.0,"cost":3815.0,"margin":53.2,"discount_depth":50.4},{"deal_name":"Sauced/ MOJO Concentrate 2g for $40","uses":81,"revenue":8915.0,"discounts":3375.0,"units":356.0,"cost":4895.0,"margin":45.1,"discount_depth":55.0}]},"growth_opportunities":[{"type":"distribution","title":"Expand to Elevation Downtown","detail":"Store has $252,029 in CARTRIDGE, CONCENTRATE, DISPOSABLE VAPE \u2014 categories where MOJO competes.","priority":"high"},{"type":"sku_expansion","title":"Add '707 HEADBAND BADDER - MOJO' to 3 more store(s)","detail":"Carried in 3 stores. Missing from: Elevation Midtown, Elevation Boulevard, Elevation Parkway","priority":"medium"},{"type":"sku_expansion","title":"Add 'ALPINE APE CR SUGAR - MOJO' to 2 more store(s)","detail":"Carried in 4 stores. Missing from: Elevation Midtown, Elevation Parkway","priority":"medium"},{"type":"sku_expansion","title":"Add 'APPLE JACK LIVE RESIN SUGAR - MOJO' to 2 more store(s)","detail":"Carried in 4 stores. Missing from: Elevation Boulevard, Elevation Parkway","priority":"medium"},{"type":"sku_expansion","title":"Add 'BACIO GELATO CR BADDER - MOJO' to 4 more store(s)","detail":"Carried in 2 stores. Missing from: Elevation Springs, Elevation Midtown, Elevation Boulevard, Elevation Parkway","priority":"medium"},{"type":"sku_expansion","title":"Add 'BASED GODS GIFT CR BADDER - MOJO' to 3 more store(s)","detail":"Carried in 3 stores. Missing from: Elevation Midtown, Elevation Boulevard, Elevation Parkway","priority":"medium"},{"type":"velocity","title":"Improve velocity in CARTRIDGE","detail":"Velocity index 63 (below category average). 23.5 units/day vs 37.2 avg.","priority":"medium"},{"type":"velocity","title":"Improve velocity in DISPOSABLE VAPE","detail":"Velocity index 10 (below category average). 1.4 units/day vs 14.2 avg.","priority":"medium"}],"trend":[{"period":"2024-01","revenue":70126.3232421875,"cost":34962.5,"margin":50.1,"units":2258,"transactions":1666,"profit":35163.82568359375,"revenue_change_pct":null,"units_change_pct":null,"margin_change_pts":null},{"period":"2024-02","revenue":131753.427734375,"cost":74670.0,"margin":43.3,"units":4740,"transactions":2476,"profit":57083.4228515625,"revenue_change_pct":87.9,"units_change_pct":109.9,"margin_change_pts":-6.8},{"period":"2024-03","revenue":138395.498046875,"cost":80682.5,"margin":41.7,"units":5138,"transactions":2408,"profit":57712.998046875,"revenue_change_pct":5.0,"units_change_pct":8.4,"margin_change_pts":-1.6},{"period":"2024-04","revenue":98305.322265625,"cost":54505.0,"margin":44.6,"units":3516,"transactions":2308,"profit":43800.3271484375,"revenue_change_pct":-29.0,"units_change_pct":-31.6,"margin_change_pts":2.9},{"period":"2024-05","revenue":114519.248046875,"cost":66595.0,"margin":41.8,"units":4116,"transactions":2144,"profit":47924.248046875,"revenue_change_pct":16.5,"units_change_pct":17.1,"margin_change_pts":-2.7},{"period":"2024-06","revenue":105749.423828125,"cost":57802.5,"margin":45.3,"units":3670,"transactions":2220,"profit":47946.923828125,"revenue_change_pct":-7.7,"units_change_pct":-10.8,"margin_change_pts":3.5},{"period":"2024-07","revenue":128260.927734375,"cost":68947.5,"margin":46.2,"units":4446,"transactions":2998,"profit":59313.4228515625,"revenue_change_pct":21.3,"units_change_pct":21.1,"margin_change_pts":0.9},{"period":"2024-08","revenue":83255.224609375,"cost":44250.0,"margin":46.9,"units":2880,"transactions":2092,"profit":39005.224609375,"revenue_change_pct":-35.1,"units_change_pct":-35.2,"margin_change_pts":0.6},{"period":"2024-09","revenue":84124.248046875,"cost":40502.5,"margin":51.9,"units":2666,"transactions":2112,"profit":43621.748046875,"revenue_change_pct":1.0,"units_change_pct":-7.4,"margin_change_pts":5.0},{"period":"2024-10","revenue":80347.8759765625,"cost":42610.0,"margin":47.0,"units":2768,"transactions":1708,"profit":37737.8759765625,"revenue_change_pct":-4.5,"units_change_pct":3.8,"margin_change_pts":-4.9},{"period":"2024-11","revenue":87022.75390625,"cost":47900.0,"margin":45.0,"units":3164,"transactions":1944,"profit":39122.7490234375,"revenue_change_pct":8.3,"units_change_pct":14.3,"margin_change_pts":-2.0},{"period":"2024-12","revenue":19805.675048828125,"cost":9795.0,"margin":50.5,"units":652,"transactions":542,"profit":10010.675048828125,"revenue_change_pct":-77.2,"units_change_pct":-79.4,"margin_change_pts":5.6},{"period":"2025-01","revenue":5954.2498779296875,"cost":3150.0,"margin":47.1,"units":204,"transactions":190,"profit":2804.2498779296875,"revenue_change_pct":-69.9,"units_change_pct":-68.7,"margin_change_pts":-3.4},{"period":"2025-02","revenue":1047.5,"cost":512.5,"margin":51.1,"units":34,"transactions":34,"profit":535.0,"revenue_change_pct":-82.4,"units_change_pct":-83.3,"margin_change_pts":4.0},{"period":"2025-03","revenue":17435.07568359375,"cost":8592.5,"margin":50.7,"units":582,"transactions":442,"profit":8842.575073242188,"revenue_change_pct":1564.4,"units_change_pct":1611.8,"margin_change_pts":-0.4},{"period":"2025-04","revenue":60030.0732421875,"cost":37867.5,"margin":36.9,"units":2570,"transactions":1812,"profit":22162.57568359375,"revenue_change_pct":244.3,"units_change_pct":341.6,"margin_change_pts":-13.8},{"period":"2025-05","revenue":26461.25,"cost":12627.5,"margin":52.3,"units":830,"transactions":670,"profit":13833.75,"revenue_change_pct":-55.9,"units_change_pct":-67.7,"margin_change_pts":15.4},{"period":"2025-06","revenue":14989.000244140625,"cost":7865.0,"margin":47.5,"units":496,"transactions":414,"profit":7124.000244140625,"revenue_change_pct":-43.4,"units_change_pct":-40.2,"margin_change_pts":-4.8},{"period":"2025-07","revenue":5839.2498779296875,"cost":3327.5,"margin":43.0,"units":218,"transactions":184,"profit":2511.750030517578,"revenue_change_pct":-61.0,"units_change_pct":-56.0,"margin_change_pts":-4.5},{"period":"2025-08","revenue":28886.4990234375,"cost":13411.25,"margin":53.6,"units":994,"transactions":696,"profit":15475.250244140625,"revenue_change_pct":394.7,"units_change_pct":356.0,"margin_change_pts":10.6},{"period":"2025-09","revenue":27135.3759765625,"cost":12294.375,"margin":54.7,"units":902,"transactions":680,"profit":14840.999755859375,"revenue_change_pct":-6.1,"units_change_pct":-9.3,"margin_change_pts":1.1},{"period":"2025-10","revenue":30790.849609375,"cost":13233.125,"margin":57.0,"units":888,"transactions":690,"profit":17557.724609375,"revenue_change_pct":13.5,"units_change_pct":-1.6,"margin_change_pts":2.3},{"period":"2025-11","revenue":58571.5478515625,"cost":26993.75,"margin":53.9,"units":1922,"transactions":1322,"profit":31577.80029296875,"revenue_change_pct":90.2,"units_change_pct":116.4,"margin_change_pts":-3.1},{"period":"2025-12","revenue":75112.5244140625,"cost":32278.75,"margin":57.0,"units":2340,"transactions":1606,"profit":42833.7744140625,"revenue_change_pct":28.2,"units_change_pct":21.7,"margin_change_pts":3.1},{"period":"2026-01","revenue":65754.501953125,"cost":27621.25,"margin":58.0,"units":2004,"transactions":1332,"profit":38133.24951171875,"revenue_change_pct":-12.5,"units_change_pct":-14.4,"margin_change_pts":1.0}]}