{"brand":"VAPOR'S PARADISE","date_range":"2024-01-01 00:00:00 to 2026-01-31 00:00:00","period_label":"All Time","summary":{"total_units":226,"total_revenue":12574.7509765625,"total_cost":5755.0,"total_discounts":1867.7500915527344,"total_profit":6819.7503662109375,"overall_margin":54.20000076293945,"fp_margin":60.0,"disc_margin":46.20000076293945,"pct_full_price":58.29999923706055,"avg_discount_rate":12.899999618530273,"fp_revenue":7327.5,"disc_revenue":5247.249755859375,"unique_customers":224,"brand":"VAPOR'S PARADISE","date_range":"2024-01-01 00:00:00 to 2026-01-31 00:00:00","months_count":22,"avg_monthly_cost":523.1750000000001,"cost_per_unit":50.925000000000004,"primary_category":"ACCESSORY","primary_cat_margin":61.099998474121094,"category_rank":20,"category_total":136,"margin_vs_category":-6.900000095367432,"velocity_rank":31},"category_breakdown":[{"category_clean":"ACCESSORY","units":136,"revenue":5412.874755859375,"cost":2120.0,"profit":3292.8750610351562,"discounts":829.6250152587891,"margin":60.79999923706055,"category_avg_margin":61.099998474121094,"vs_category":-0.3,"rank":20.0,"total_brands":136.0}],"trend":[{"period":"2025-02","revenue":1302.5,"cost":677.5,"margin":48.0,"units":20,"transactions":20,"profit":625.0,"revenue_change_pct":null,"units_change_pct":null,"margin_change_pts":null},{"period":"2025-03","revenue":1596.25,"cost":927.5,"margin":41.9,"units":22,"transactions":22,"profit":668.75,"revenue_change_pct":22.6,"units_change_pct":10.0,"margin_change_pts":-6.1},{"period":"2025-04","revenue":1803.75,"cost":930.0,"margin":48.4,"units":28,"transactions":26,"profit":873.75,"revenue_change_pct":13.0,"units_change_pct":27.3,"margin_change_pts":6.5},{"period":"2025-05","revenue":715.5000305175781,"cost":330.0,"margin":53.9,"units":10,"transactions":10,"profit":385.49999237060547,"revenue_change_pct":-60.3,"units_change_pct":-64.3,"margin_change_pts":5.4},{"period":"2025-06","revenue":946.25,"cost":407.5,"margin":56.9,"units":10,"transactions":10,"profit":538.75,"revenue_change_pct":32.3,"units_change_pct":0,"margin_change_pts":3.1},{"period":"2025-07","revenue":2703.5000610351562,"cost":1052.5,"margin":61.1,"units":50,"transactions":50,"profit":1651.0000610351562,"revenue_change_pct":185.7,"units_change_pct":400.0,"margin_change_pts":4.1},{"period":"2025-08","revenue":1662.7499389648438,"cost":577.5,"margin":65.3,"units":40,"transactions":40,"profit":1085.250015258789,"revenue_change_pct":-38.5,"units_change_pct":-20.0,"margin_change_pts":4.2},{"period":"2025-09","revenue":875.0,"cost":412.5,"margin":52.9,"units":18,"transactions":18,"profit":462.5,"revenue_change_pct":-47.4,"units_change_pct":-55.0,"margin_change_pts":-12.4},{"period":"2025-10","revenue":519.7499847412109,"cost":220.0,"margin":57.7,"units":18,"transactions":18,"profit":299.75000381469727,"revenue_change_pct":-40.6,"units_change_pct":0,"margin_change_pts":4.8},{"period":"2025-11","revenue":222.00000762939453,"cost":95.0,"margin":57.2,"units":6,"transactions":6,"profit":126.99999809265137,"revenue_change_pct":-57.3,"units_change_pct":-66.7,"margin_change_pts":-0.5},{"period":"2026-01","revenue":227.5,"cost":125.0,"margin":45.1,"units":4,"transactions":4,"profit":102.5,"revenue_change_pct":2.5,"units_change_pct":-33.3,"margin_change_pts":-12.2}],"share_of_category":[{"category":"ACCESSORY","brand_revenue":5412.874755859375,"category_revenue":4128754.0625,"revenue_share_pct":0.10000000149011612,"brand_units":136,"category_units":2130096,"units_share_pct":0.0},{"category":0.0,"brand_revenue":0.0,"category_revenue":0.0,"revenue_share_pct":0.0,"brand_units":0,"category_units":0,"units_share_pct":0.0}],"share_of_category_trend":{"ACCESSORY":[{"period":"2024-01","brand_revenue":0.0,"category_revenue":153543.9453125,"share_pct":0.0},{"period":"2024-02","brand_revenue":0.0,"category_revenue":152399.47265625,"share_pct":0.0},{"period":"2024-03","brand_revenue":0.0,"category_revenue":154678.876953125,"share_pct":0.0},{"period":"2024-04","brand_revenue":0.0,"category_revenue":163353.65234375,"share_pct":0.0},{"period":"2024-05","brand_revenue":0.0,"category_revenue":179676.4453125,"share_pct":0.0},{"period":"2024-06","brand_revenue":0.0,"category_revenue":185008.828125,"share_pct":0.0},{"period":"2024-07","brand_revenue":0.0,"category_revenue":186675.46875,"share_pct":0.0},{"period":"2024-08","brand_revenue":0.0,"category_revenue":180226.328125,"share_pct":0.0},{"period":"2024-09","brand_revenue":0.0,"category_revenue":162386.298828125,"share_pct":0.0},{"period":"2024-10","brand_revenue":0.0,"category_revenue":166088.73046875,"share_pct":0.0},{"period":"2024-11","brand_revenue":0.0,"category_revenue":171706.09375,"share_pct":0.0},{"period":"2024-12","brand_revenue":0.0,"category_revenue":176502.03125,"share_pct":0.0},{"period":"2025-01","brand_revenue":0.0,"category_revenue":167261.34765625,"share_pct":0.0},{"period":"2025-02","brand_revenue":750.0,"category_revenue":155260.927734375,"share_pct":0.5},{"period":"2025-03","brand_revenue":251.25,"category_revenue":176420.390625,"share_pct":0.10000000149011612},{"period":"2025-04","brand_revenue":38.75,"category_revenue":182694.82421875,"share_pct":0.0},{"period":"2025-05","brand_revenue":37.5,"category_revenue":179904.4921875,"share_pct":0.0},{"period":"2025-06","brand_revenue":0.0,"category_revenue":161148.75,"share_pct":0.0},{"period":"2025-07","brand_revenue":1744.1250610351562,"category_revenue":165549.8046875,"share_pct":1.100000023841858},{"period":"2025-08","brand_revenue":1167.750015258789,"category_revenue":171752.05078125,"share_pct":0.699999988079071},{"period":"2025-09","brand_revenue":454.24999237060547,"category_revenue":168198.9453125,"share_pct":0.30000001192092896},{"period":"2025-10","brand_revenue":519.7499847412109,"category_revenue":171844.55078125,"share_pct":0.30000001192092896},{"period":"2025-11","brand_revenue":222.00000762939453,"category_revenue":172839.74609375,"share_pct":0.10000000149011612},{"period":"2025-12","brand_revenue":0.0,"category_revenue":141954.873046875,"share_pct":0.0},{"period":"2026-01","brand_revenue":227.5,"category_revenue":81677.1484375,"share_pct":0.30000001192092896}]},"discount_depth":[{"tier":"0% (Full Price)","transactions":118,"pct_of_transactions":52.2,"revenue":7327.5,"avg_discount":0.0},{"tier":"1-10%","transactions":22,"pct_of_transactions":9.7,"revenue":1170.0,"avg_discount":20.0},{"tier":"11-20%","transactions":20,"pct_of_transactions":8.8,"revenue":903.4999847412109,"avg_discount":38.400001525878906},{"tier":"21-30%","transactions":8,"pct_of_transactions":3.5,"revenue":583.75,"avg_discount":50.79999923706055},{"tier":"31%+","transactions":14,"pct_of_transactions":6.2,"revenue":462.00000762939453,"avg_discount":94.0}],"velocity":{"units_per_day":0.64,"revenue_per_day":35.12500047683716,"avg_units_per_txn":2.02,"days_of_data":358,"total_units":226,"total_transactions":224},"velocity_by_category":[{"category":"ACCESSORY","brand_units_per_day":0.18,"category_avg_units_per_day":20.56,"velocity_index":0.9,"brand_rev_per_unit":31.84,"category_rev_per_unit":1.55,"brands_in_category":136},{"category":0.0,"brand_units_per_day":0.0,"category_avg_units_per_day":0,"velocity_index":0,"brand_rev_per_unit":0.0,"category_rev_per_unit":0.0,"brands_in_category":0}],"deals":[{"deal_name":"Senior - 10% Off","times_used":18,"units":18.0,"revenue":825.7500076293945,"discounts":91.74999952316284,"cost":335.0,"profit":490.74999809265137,"pre_discount_revenue":917.5,"margin":59.4,"avg_discount":20.0},{"deal_name":"Jackpot - Locals 30% Off","times_used":8,"units":8.0,"revenue":427.00000762939453,"discounts":183.00000190734863,"cost":267.5,"profit":159.49999809265137,"pre_discount_revenue":610.0,"margin":37.4,"avg_discount":60.0},{"deal_name":"Industry - 30% Off","times_used":6,"units":8.0,"revenue":420.0,"discounts":180.0,"cost":275.0,"profit":145.0,"pre_discount_revenue":600.0,"margin":34.5,"avg_discount":60.0},{"deal_name":"Senior / Veterans - 20% Off","times_used":6,"units":6.0,"revenue":221.99999809265137,"discounts":55.49999952316284,"cost":95.0,"profit":126.99999809265137,"pre_discount_revenue":277.5,"margin":57.2,"avg_discount":40.0},{"deal_name":"Industry 30% Off","times_used":2,"units":2.0,"revenue":31.500000953674316,"discounts":13.500000238418579,"cost":10.0,"profit":21.500000953674316,"pre_discount_revenue":45.0,"margin":68.3,"avg_discount":60.0},{"deal_name":"Veterans - 10% Off","times_used":2,"units":2.0,"revenue":27.000000476837158,"discounts":17.999999523162842,"cost":10.0,"profit":17.000000476837158,"pre_discount_revenue":45.0,"margin":63.0,"avg_discount":80.0}],"top_products":[{"product":"MINI BONG STARTER KIT","units":16,"revenue":1794.4999694824219,"cost":950.0,"profit":844.4999694824219,"transactions":16,"margin":47.099998474121094},{"product":"DUG OUT - PARADISE","units":72,"revenue":1464.7500610351562,"cost":360.0,"profit":1104.749984741211,"transactions":72,"margin":75.4000015258789},{"product":"6\" FLUID FILLED GOG BEAKER WATER PIPE - VAPOR'S PARADISE","units":10,"revenue":965.5000305175781,"cost":622.5,"profit":342.99999237060547,"transactions":10,"margin":35.5},{"product":"WATER PIPE BEGINNER SET - VAPOR'S PARADISE","units":8,"revenue":926.25,"cost":450.0,"profit":476.25,"transactions":8,"margin":51.400001525878906},{"product":"8.5\" WATER PIPE WITH PERC - VAPOR'S PARADISE","units":12,"revenue":803.75,"cost":425.0,"profit":378.75,"transactions":12,"margin":47.099998474121094},{"product":"GLASS BEAKER BONG","units":10,"revenue":674.375,"cost":312.5,"profit":361.875,"transactions":10,"margin":53.70000076293945},{"product":"COLORFUL GLASS WATERPIPE - PARADISE","units":8,"revenue":662.5,"cost":300.0,"profit":362.5,"transactions":8,"margin":54.70000076293945},{"product":"GOG MINI BONG","units":8,"revenue":633.75,"cost":250.0,"profit":383.75,"transactions":8,"margin":60.599998474121094},{"product":"MATRIX STEM BEAKER - MATRIX","units":8,"revenue":467.5,"cost":250.0,"profit":217.5,"transactions":8,"margin":46.5},{"product":"CRANK GRINDER","units":10,"revenue":447.5,"cost":130.0,"profit":317.5,"transactions":10,"margin":70.9000015258789},{"product":"BEAKER BONG - VAPORS PARADISE","units":6,"revenue":431.25,"cost":225.0,"profit":206.25,"transactions":6,"margin":47.79999923706055},{"product":"7.5\" GOG STRAIGHT SHOOTER WATER PIPE - VAPOR'S PARADISE","units":8,"revenue":360.0,"cost":200.0,"profit":160.0,"transactions":8,"margin":44.400001525878906},{"product":"16\" SQUARE BOTTOM BONG","units":2,"revenue":350.0,"cost":137.5,"profit":212.5,"transactions":2,"margin":60.70000076293945},{"product":"GRINDER & CONE FILLER - PARADISE","units":8,"revenue":335.0,"cost":97.5,"profit":237.5,"transactions":8,"margin":70.9000015258789},{"product":"GLASS SQUARE BEAKER BONG W/ SILICONE DOWNSTEM - PARADISE","units":2,"revenue":290.625,"cost":155.0,"profit":135.625,"transactions":2,"margin":46.70000076293945},{"product":"STRAIGHT SHOOTER WATERPIPE W/ FLOWERS - PARADISE","units":4,"revenue":276.25,"cost":125.0,"profit":151.25,"transactions":4,"margin":54.79999923706055},{"product":"MICROSCOPE BONG","units":2,"revenue":275.0,"cost":125.0,"profit":150.0,"transactions":2,"margin":54.5},{"product":"NECTAR COLLECTOR KIT","units":4,"revenue":233.75,"cost":125.0,"profit":108.75,"transactions":4,"margin":46.5},{"product":"HAPPY FLOWER POUCH KIT","units":4,"revenue":225.0,"cost":75.0,"profit":150.0,"transactions":4,"margin":66.69999694824219},{"product":"5\" MINI BONG","units":4,"revenue":190.0,"cost":80.0,"profit":110.0,"transactions":4,"margin":57.900001525878906},{"product":"GLASS DAB TOOL - VAPOR'S PARADISE","units":12,"revenue":188.75,"cost":90.0,"profit":98.75,"transactions":12,"margin":52.29999923706055},{"product":"OOZE GLYCERIN MINI BONG","units":2,"revenue":187.5,"cost":87.5,"profit":100.0,"transactions":2,"margin":53.29999923706055},{"product":"GLASS BEAKER BONG W/ PERC - PARADISE","units":2,"revenue":162.5,"cost":62.5,"profit":100.0,"transactions":2,"margin":61.5},{"product":"COLORFUL METALIC FROSTED BONG","units":2,"revenue":150.0,"cost":70.0,"profit":80.0,"transactions":2,"margin":53.29999923706055},{"product":"STRAIGHT TUBE BONG","units":2,"revenue":78.75,"cost":50.0,"profit":28.75,"transactions":2,"margin":36.5}],"products_by_store":{"Elevation Oasis":[{"product":"MINI BONG STARTER KIT","units":16,"revenue":1794.4999694824219,"cost":950.0,"profit":844.4999694824219,"transactions":16,"margin":47.099998474121094},{"product":"DUG OUT - PARADISE","units":72,"revenue":1464.7500610351562,"cost":360.0,"profit":1104.749984741211,"transactions":72,"margin":75.4000015258789},{"product":"6\" FLUID FILLED GOG BEAKER WATER PIPE - VAPOR'S PARADISE","units":10,"revenue":965.5000305175781,"cost":622.5,"profit":342.99999237060547,"transactions":10,"margin":35.5},{"product":"WATER PIPE BEGINNER SET - VAPOR'S PARADISE","units":8,"revenue":926.25,"cost":450.0,"profit":476.25,"transactions":8,"margin":51.400001525878906},{"product":"8.5\" WATER PIPE WITH PERC - VAPOR'S PARADISE","units":12,"revenue":803.75,"cost":425.0,"profit":378.75,"transactions":12,"margin":47.099998474121094},{"product":"GLASS BEAKER BONG","units":10,"revenue":674.375,"cost":312.5,"profit":361.875,"transactions":10,"margin":53.70000076293945},{"product":"COLORFUL GLASS WATERPIPE - PARADISE","units":8,"revenue":662.5,"cost":300.0,"profit":362.5,"transactions":8,"margin":54.70000076293945},{"product":"GOG MINI BONG","units":8,"revenue":633.75,"cost":250.0,"profit":383.75,"transactions":8,"margin":60.599998474121094},{"product":"MATRIX STEM BEAKER - MATRIX","units":8,"revenue":467.5,"cost":250.0,"profit":217.5,"transactions":8,"margin":46.5},{"product":"CRANK GRINDER","units":10,"revenue":447.5,"cost":130.0,"profit":317.5,"transactions":10,"margin":70.9000015258789},{"product":"BEAKER BONG - VAPORS PARADISE","units":6,"revenue":431.25,"cost":225.0,"profit":206.25,"transactions":6,"margin":47.79999923706055},{"product":"7.5\" GOG STRAIGHT SHOOTER WATER PIPE - VAPOR'S PARADISE","units":8,"revenue":360.0,"cost":200.0,"profit":160.0,"transactions":8,"margin":44.400001525878906},{"product":"16\" SQUARE BOTTOM BONG","units":2,"revenue":350.0,"cost":137.5,"profit":212.5,"transactions":2,"margin":60.70000076293945},{"product":"GRINDER & CONE FILLER - PARADISE","units":8,"revenue":335.0,"cost":97.5,"profit":237.5,"transactions":8,"margin":70.9000015258789},{"product":"GLASS SQUARE BEAKER BONG W/ SILICONE DOWNSTEM - PARADISE","units":2,"revenue":290.625,"cost":155.0,"profit":135.625,"transactions":2,"margin":46.70000076293945}]},"store_summary":[{"store_clean":"Elevation Oasis","units":226,"revenue":12574.749755859375,"cost":5755.0,"profit":6819.749755859375,"discounts":1867.7499389648438,"margin":54.20000076293945,"discount_rate":12.899999618530273}],"recommendations":[{"severity":"yellow","title":"CATEGORY BENCHMARK GAP","detail":"Overall margin (54.2%) trails ACCESSORY average (61.1%) by 6.9 pts.","action":"Negotiate cost reduction or increase retail price."},{"severity":"info","title":"VOLUME LEVERAGE","detail":"$5,030 revenue provides negotiating leverage.","action":"Use volume as leverage in next vendor meeting."}],"comparison":null}