{"brand":"POLARIS","date_range":"2024-01-01 00:00:00 to 2026-01-31 00:00:00","period_label":"All Time","summary":{"total_units":120672,"total_revenue":3097013.75,"total_cost":1411611.09375,"total_discounts":936749.84375,"total_profit":1685402.8125,"overall_margin":54.400001525878906,"fp_margin":62.5,"disc_margin":49.900001525878906,"pct_full_price":35.599998474121094,"avg_discount_rate":23.200000762939453,"fp_revenue":1103737.5,"disc_revenue":1993276.40625,"brand":"POLARIS","date_range":"2024-01-01 00:00:00 to 2026-01-31 00:00:00","primary_category":"FLOWER","store_coverage":"7/7","stores_present":["Elevation Springs","Elevation Mesa","Elevation Oasis","Elevation Downtown","Elevation Midtown","Elevation Boulevard","Elevation Parkway"],"stores_missing":[],"velocity_rank":18,"velocity_total":64},"distribution":[{"store":"Elevation Springs","carries_brand":true,"sku_count":134,"revenue":767301.71875,"units":31140,"store_total_revenue":51138750.0,"brand_share_pct":1.5},{"store":"Elevation Mesa","carries_brand":true,"sku_count":138,"revenue":646856.71875,"units":25938,"store_total_revenue":47532240.0,"brand_share_pct":1.399999976158142},{"store":"Elevation Oasis","carries_brand":true,"sku_count":126,"revenue":576368.0859375,"units":19528,"store_total_revenue":56050145.0,"brand_share_pct":1.0},{"store":"Elevation Downtown","carries_brand":true,"sku_count":2,"revenue":4750.999755859375,"units":146,"store_total_revenue":1945237.1875,"brand_share_pct":0.20000000298023224},{"store":"Elevation Midtown","carries_brand":true,"sku_count":118,"revenue":379159.2578125,"units":13512,"store_total_revenue":30850185.0,"brand_share_pct":1.2000000476837158},{"store":"Elevation Boulevard","carries_brand":true,"sku_count":120,"revenue":410969.4140625,"units":18482,"store_total_revenue":28757865.0,"brand_share_pct":1.399999976158142},{"store":"Elevation Parkway","carries_brand":true,"sku_count":92,"revenue":311607.65625,"units":11926,"store_total_revenue":21987007.5,"brand_share_pct":1.399999976158142}],"share_of_category":[{"category":"FLOWER","brand_revenue":1633592.5,"category_revenue":77755450.0,"revenue_share_pct":2.0999999046325684,"brand_units":35938,"category_units":2708446,"units_share_pct":1.3},{"category":"CARTRIDGE","brand_revenue":986299.21875,"category_revenue":46155130.0,"revenue_share_pct":2.0999999046325684,"brand_units":42154,"category_units":1532896,"units_share_pct":2.7},{"category":"PRE ROLL","brand_revenue":438309.375,"category_revenue":14009791.25,"revenue_share_pct":3.0999999046325684,"brand_units":40886,"category_units":1485736,"units_share_pct":2.8},{"category":"INFUSED PRE ROLL","brand_revenue":25936.5478515625,"category_revenue":10308101.25,"revenue_share_pct":0.30000001192092896,"brand_units":1492,"category_units":488074,"units_share_pct":0.3},{"category":"DISPOSABLE VAPE","brand_revenue":8842.5,"category_revenue":30552405.0,"revenue_share_pct":0.0,"brand_units":118,"category_units":756548,"units_share_pct":0.0},{"category":"TESTER","brand_revenue":4033.75,"category_revenue":5668.800048828125,"revenue_share_pct":71.19999694824219,"brand_units":84,"category_units":186,"units_share_pct":45.2}],"share_of_category_trend":{"FLOWER":[{"period":"2024-01","brand_revenue":85210.927734375,"category_revenue":3552357.8125,"share_pct":2.4000000953674316},{"period":"2024-02","brand_revenue":96478.37890625,"category_revenue":3535245.625,"share_pct":2.700000047683716},{"period":"2024-03","brand_revenue":83098.92578125,"category_revenue":3693805.625,"share_pct":2.200000047683716},{"period":"2024-04","brand_revenue":89751.201171875,"category_revenue":3541899.6875,"share_pct":2.5},{"period":"2024-05","brand_revenue":83883.75,"category_revenue":3537479.375,"share_pct":2.4000000953674316},{"period":"2024-06","brand_revenue":99739.90234375,"category_revenue":3403269.6875,"share_pct":2.9000000953674316},{"period":"2024-07","brand_revenue":70211.474609375,"category_revenue":3457705.9375,"share_pct":2.0},{"period":"2024-08","brand_revenue":74857.4267578125,"category_revenue":3453819.375,"share_pct":2.200000047683716},{"period":"2024-09","brand_revenue":60470.0244140625,"category_revenue":3316441.5625,"share_pct":1.7999999523162842},{"period":"2024-10","brand_revenue":79755.2490234375,"category_revenue":3585775.0,"share_pct":2.200000047683716},{"period":"2024-11","brand_revenue":116892.7734375,"category_revenue":3454855.3125,"share_pct":3.4000000953674316},{"period":"2024-12","brand_revenue":58827.4755859375,"category_revenue":3226567.8125,"share_pct":1.7999999523162842},{"period":"2025-01","brand_revenue":44735.126953125,"category_revenue":2984938.125,"share_pct":1.5},{"period":"2025-02","brand_revenue":44354.6240234375,"category_revenue":2816220.0,"share_pct":1.600000023841858},{"period":"2025-03","brand_revenue":49004.7509765625,"category_revenue":2911379.6875,"share_pct":1.7000000476837158},{"period":"2025-04","brand_revenue":47241.4990234375,"category_revenue":3118895.3125,"share_pct":1.5},{"period":"2025-05","brand_revenue":23162.8759765625,"category_revenue":2887345.0,"share_pct":0.800000011920929},{"period":"2025-06","brand_revenue":8890.0,"category_revenue":2773698.125,"share_pct":0.30000001192092896},{"period":"2025-07","brand_revenue":39406.92626953125,"category_revenue":2782763.125,"share_pct":1.399999976158142},{"period":"2025-08","brand_revenue":55370.0732421875,"category_revenue":2733122.8125,"share_pct":2.0},{"period":"2025-09","brand_revenue":75281.42578125,"category_revenue":2603501.5625,"share_pct":2.9000000953674316},{"period":"2025-10","brand_revenue":43725.52734375,"category_revenue":2663705.0,"share_pct":1.600000023841858},{"period":"2025-11","brand_revenue":71322.1728515625,"category_revenue":2700189.0625,"share_pct":2.5999999046325684},{"period":"2025-12","brand_revenue":78707.8271484375,"category_revenue":2515209.53125,"share_pct":3.0999999046325684},{"period":"2026-01","brand_revenue":53212.1240234375,"category_revenue":2505261.875,"share_pct":2.0999999046325684}],"CARTRIDGE":[{"period":"2024-01","brand_revenue":29608.5009765625,"category_revenue":2057675.625,"share_pct":1.399999976158142},{"period":"2024-02","brand_revenue":27623.24951171875,"category_revenue":2141777.8125,"share_pct":1.2999999523162842},{"period":"2024-03","brand_revenue":38078.24951171875,"category_revenue":2288552.1875,"share_pct":1.7000000476837158},{"period":"2024-04","brand_revenue":38257.75146484375,"category_revenue":2096820.46875,"share_pct":1.7999999523162842},{"period":"2024-05","brand_revenue":45769.7509765625,"category_revenue":2138038.59375,"share_pct":2.0999999046325684},{"period":"2024-06","brand_revenue":47966.25,"category_revenue":2017623.90625,"share_pct":2.4000000953674316},{"period":"2024-07","brand_revenue":28472.62451171875,"category_revenue":2031918.28125,"share_pct":1.399999976158142},{"period":"2024-08","brand_revenue":50413.5009765625,"category_revenue":2132382.65625,"share_pct":2.4000000953674316},{"period":"2024-09","brand_revenue":59271.4990234375,"category_revenue":1955407.03125,"share_pct":3.0},{"period":"2024-10","brand_revenue":58491.07421875,"category_revenue":2083993.125,"share_pct":2.799999952316284},{"period":"2024-11","brand_revenue":55450.2490234375,"category_revenue":2038609.375,"share_pct":2.700000047683716},{"period":"2024-12","brand_revenue":51537.7490234375,"category_revenue":2003932.03125,"share_pct":2.5999999046325684},{"period":"2025-01","brand_revenue":36626.25,"category_revenue":1921719.21875,"share_pct":1.899999976158142},{"period":"2025-02","brand_revenue":42405.625,"category_revenue":1668647.5,"share_pct":2.5},{"period":"2025-03","brand_revenue":39350.2001953125,"category_revenue":1758711.25,"share_pct":2.200000047683716},{"period":"2025-04","brand_revenue":46411.8017578125,"category_revenue":1735997.5,"share_pct":2.700000047683716},{"period":"2025-05","brand_revenue":40195.2490234375,"category_revenue":1688800.46875,"share_pct":2.4000000953674316},{"period":"2025-06","brand_revenue":6724.000244140625,"category_revenue":1594515.0,"share_pct":0.4000000059604645},{"period":"2025-07","brand_revenue":32519.49951171875,"category_revenue":1595739.53125,"share_pct":2.0},{"period":"2025-08","brand_revenue":68891.8017578125,"category_revenue":1677489.6875,"share_pct":4.099999904632568},{"period":"2025-09","brand_revenue":32683.1005859375,"category_revenue":1539547.96875,"share_pct":2.0999999046325684},{"period":"2025-10","brand_revenue":47874.375,"category_revenue":1548909.21875,"share_pct":3.0999999046325684},{"period":"2025-11","brand_revenue":23441.77490234375,"category_revenue":1545430.15625,"share_pct":1.5},{"period":"2025-12","brand_revenue":21801.826171875,"category_revenue":1467828.28125,"share_pct":1.5},{"period":"2026-01","brand_revenue":16433.275146484375,"category_revenue":1425064.0625,"share_pct":1.2000000476837158}],"PRE ROLL":[{"period":"2024-01","brand_revenue":14717.37548828125,"category_revenue":508338.515625,"share_pct":2.9000000953674316},{"period":"2024-02","brand_revenue":17140.0,"category_revenue":489393.671875,"share_pct":3.5},{"period":"2024-03","brand_revenue":13058.599853515625,"category_revenue":520052.3828125,"share_pct":2.5},{"period":"2024-04","brand_revenue":14543.5498046875,"category_revenue":491300.6640625,"share_pct":3.0},{"period":"2024-05","brand_revenue":19644.324951171875,"category_revenue":542202.890625,"share_pct":3.5999999046325684},{"period":"2024-06","brand_revenue":14606.99951171875,"category_revenue":507288.8671875,"share_pct":2.9000000953674316},{"period":"2024-07","brand_revenue":9800.999755859375,"category_revenue":524250.9765625,"share_pct":1.899999976158142},{"period":"2024-08","brand_revenue":16355.50048828125,"category_revenue":612518.7109375,"share_pct":2.700000047683716},{"period":"2024-09","brand_revenue":15056.99951171875,"category_revenue":586543.0078125,"share_pct":2.5999999046325684},{"period":"2024-10","brand_revenue":23823.64990234375,"category_revenue":641449.1796875,"share_pct":3.700000047683716},{"period":"2024-11","brand_revenue":23461.99951171875,"category_revenue":579866.71875,"share_pct":4.0},{"period":"2024-12","brand_revenue":19958.04931640625,"category_revenue":582999.5703125,"share_pct":3.4000000953674316},{"period":"2025-01","brand_revenue":13082.049560546875,"category_revenue":544095.3125,"share_pct":2.4000000953674316},{"period":"2025-02","brand_revenue":8032.9998779296875,"category_revenue":500875.5859375,"share_pct":1.600000023841858},{"period":"2025-03","brand_revenue":11453.24951171875,"category_revenue":551422.0703125,"share_pct":2.0999999046325684},{"period":"2025-04","brand_revenue":7984.5001220703125,"category_revenue":568189.375,"share_pct":1.399999976158142},{"period":"2025-05","brand_revenue":8293.999633789062,"category_revenue":565516.875,"share_pct":1.5},{"period":"2025-06","brand_revenue":1697.5,"category_revenue":560506.71875,"share_pct":0.30000001192092896},{"period":"2025-07","brand_revenue":10946.99951171875,"category_revenue":600916.09375,"share_pct":1.7999999523162842},{"period":"2025-08","brand_revenue":25923.64990234375,"category_revenue":620247.5,"share_pct":4.199999809265137},{"period":"2025-09","brand_revenue":25766.97509765625,"category_revenue":608971.09375,"share_pct":4.199999809265137},{"period":"2025-10","brand_revenue":24475.576171875,"category_revenue":645293.1640625,"share_pct":3.799999952316284},{"period":"2025-11","brand_revenue":34675.2490234375,"category_revenue":581113.4765625,"share_pct":6.0},{"period":"2025-12","brand_revenue":31546.77490234375,"category_revenue":553088.5546875,"share_pct":5.699999809265137},{"period":"2026-01","brand_revenue":32261.82373046875,"category_revenue":523350.9375,"share_pct":6.199999809265137}],"INFUSED PRE ROLL":[{"period":"2024-01","brand_revenue":0.0,"category_revenue":410907.8515625,"share_pct":0.0},{"period":"2024-02","brand_revenue":0.0,"category_revenue":458711.484375,"share_pct":0.0},{"period":"2024-03","brand_revenue":0.0,"category_revenue":427464.375,"share_pct":0.0},{"period":"2024-04","brand_revenue":0.0,"category_revenue":428699.9609375,"share_pct":0.0},{"period":"2024-05","brand_revenue":0.0,"category_revenue":501098.3203125,"share_pct":0.0},{"period":"2024-06","brand_revenue":0.0,"category_revenue":477320.78125,"share_pct":0.0},{"period":"2024-07","brand_revenue":0.0,"category_revenue":479382.109375,"share_pct":0.0},{"period":"2024-08","brand_revenue":0.0,"category_revenue":474359.1015625,"share_pct":0.0},{"period":"2024-09","brand_revenue":0.0,"category_revenue":424280.1171875,"share_pct":0.0},{"period":"2024-10","brand_revenue":0.0,"category_revenue":470840.6640625,"share_pct":0.0},{"period":"2024-11","brand_revenue":0.0,"category_revenue":424285.1171875,"share_pct":0.0},{"period":"2024-12","brand_revenue":0.0,"category_revenue":432093.1640625,"share_pct":0.0},{"period":"2025-01","brand_revenue":0.0,"category_revenue":358002.890625,"share_pct":0.0},{"period":"2025-02","brand_revenue":0.0,"category_revenue":325080.17578125,"share_pct":0.0},{"period":"2025-03","brand_revenue":0.0,"category_revenue":347380.078125,"share_pct":0.0},{"period":"2025-04","brand_revenue":0.0,"category_revenue":401341.40625,"share_pct":0.0},{"period":"2025-05","brand_revenue":0.0,"category_revenue":378076.09375,"share_pct":0.0},{"period":"2025-06","brand_revenue":0.0,"category_revenue":354019.6484375,"share_pct":0.0},{"period":"2025-07","brand_revenue":2637.0001220703125,"category_revenue":416008.203125,"share_pct":0.6000000238418579},{"period":"2025-08","brand_revenue":5108.0499267578125,"category_revenue":425283.28125,"share_pct":1.2000000476837158},{"period":"2025-09","brand_revenue":3187.0001220703125,"category_revenue":378313.75,"share_pct":0.800000011920929},{"period":"2025-10","brand_revenue":4318.125,"category_revenue":389168.3203125,"share_pct":1.100000023841858},{"period":"2025-11","brand_revenue":4833.450012207031,"category_revenue":390541.3671875,"share_pct":1.2000000476837158},{"period":"2025-12","brand_revenue":4152.449951171875,"category_revenue":392812.34375,"share_pct":1.100000023841858},{"period":"2026-01","brand_revenue":1700.4750061035156,"category_revenue":342630.7421875,"share_pct":0.5}],"DISPOSABLE VAPE":[{"period":"2024-01","brand_revenue":0.0,"category_revenue":933474.921875,"share_pct":0.0},{"period":"2024-02","brand_revenue":0.0,"category_revenue":877782.109375,"share_pct":0.0},{"period":"2024-03","brand_revenue":0.0,"category_revenue":990692.03125,"share_pct":0.0},{"period":"2024-04","brand_revenue":0.0,"category_revenue":971952.1875,"share_pct":0.0},{"period":"2024-05","brand_revenue":0.0,"category_revenue":1035100.46875,"share_pct":0.0},{"period":"2024-06","brand_revenue":0.0,"category_revenue":1039794.21875,"share_pct":0.0},{"period":"2024-07","brand_revenue":0.0,"category_revenue":1081636.5625,"share_pct":0.0},{"period":"2024-08","brand_revenue":0.0,"category_revenue":1098658.125,"share_pct":0.0},{"period":"2024-09","brand_revenue":0.0,"category_revenue":1056394.53125,"share_pct":0.0},{"period":"2024-10","brand_revenue":0.0,"category_revenue":1197041.171875,"share_pct":0.0},{"period":"2024-11","brand_revenue":0.0,"category_revenue":1193980.234375,"share_pct":0.0},{"period":"2024-12","brand_revenue":0.0,"category_revenue":1222008.984375,"share_pct":0.0},{"period":"2025-01","brand_revenue":0.0,"category_revenue":1100552.421875,"share_pct":0.0},{"period":"2025-02","brand_revenue":0.0,"category_revenue":1167271.25,"share_pct":0.0},{"period":"2025-03","brand_revenue":0.0,"category_revenue":1348856.71875,"share_pct":0.0},{"period":"2025-04","brand_revenue":0.0,"category_revenue":1414639.84375,"share_pct":0.0},{"period":"2025-05","brand_revenue":0.0,"category_revenue":1460588.4375,"share_pct":0.0},{"period":"2025-06","brand_revenue":0.0,"category_revenue":1320852.96875,"share_pct":0.0},{"period":"2025-07","brand_revenue":0.0,"category_revenue":1451194.84375,"share_pct":0.0},{"period":"2025-08","brand_revenue":0.0,"category_revenue":1403520.625,"share_pct":0.0},{"period":"2025-09","brand_revenue":0.0,"category_revenue":1317518.125,"share_pct":0.0},{"period":"2025-10","brand_revenue":0.0,"category_revenue":1511693.75,"share_pct":0.0},{"period":"2025-11","brand_revenue":0.0,"category_revenue":1481709.21875,"share_pct":0.0},{"period":"2025-12","brand_revenue":0.0,"category_revenue":1476896.875,"share_pct":0.0},{"period":"2026-01","brand_revenue":8842.5,"category_revenue":1398594.84375,"share_pct":0.6000000238418579}],"TESTER":[{"period":"2024-01","brand_revenue":4033.75,"category_revenue":4033.75,"share_pct":100.0},{"period":"2024-04","brand_revenue":0.0,"category_revenue":85.0,"share_pct":0.0},{"period":"2024-05","brand_revenue":0.0,"category_revenue":145.24999618530273,"share_pct":0.0},{"period":"2024-09","brand_revenue":0.0,"category_revenue":462.5,"share_pct":0.0},{"period":"2024-11","brand_revenue":0.0,"category_revenue":61.25,"share_pct":0.0},{"period":"2025-03","brand_revenue":0.0,"category_revenue":49.000000953674316,"share_pct":0.0},{"period":"2025-05","brand_revenue":0.0,"category_revenue":25.0,"share_pct":0.0},{"period":"2025-06","brand_revenue":0.0,"category_revenue":156.75000190734863,"share_pct":0.0},{"period":"2025-07","brand_revenue":0.0,"category_revenue":399.24999237060547,"share_pct":0.0},{"period":"2025-08","brand_revenue":0.0,"category_revenue":248.50000381469727,"share_pct":0.0},{"period":"2025-09","brand_revenue":0.0,"category_revenue":2.549999952316284,"share_pct":0.0}]},"velocity_by_category":[{"category":"TESTER","brand_units_per_day":0.12,"category_avg_units_per_day":0.02,"velocity_index":406.5,"brand_rev_per_unit":38.42,"category_rev_per_unit":24.38,"brands_in_category":9},{"category":"PRE ROLL","brand_units_per_day":53.66,"category_avg_units_per_day":42.38,"velocity_index":126.6,"brand_rev_per_unit":8.58,"category_rev_per_unit":7.54,"brands_in_category":46},{"category":"FLOWER","brand_units_per_day":47.16,"category_avg_units_per_day":55.54,"velocity_index":84.9,"brand_rev_per_unit":36.36,"category_rev_per_unit":22.97,"brands_in_category":64},{"category":"CARTRIDGE","brand_units_per_day":55.32,"category_avg_units_per_day":74.5,"velocity_index":74.2,"brand_rev_per_unit":18.72,"category_rev_per_unit":24.09,"brands_in_category":27},{"category":"INFUSED PRE ROLL","brand_units_per_day":1.96,"category_avg_units_per_day":25.62,"velocity_index":7.6,"brand_rev_per_unit":13.91,"category_rev_per_unit":16.9,"brands_in_category":25},{"category":"DISPOSABLE VAPE","brand_units_per_day":0.16,"category_avg_units_per_day":28.36,"velocity_index":0.5,"brand_rev_per_unit":59.95,"category_rev_per_unit":32.31,"brands_in_category":35}],"store_gaps":[{"store":"Elevation Parkway","category":"DISPOSABLE VAPE","category_revenue_at_store":4718422.1875,"opportunity":"Category not carried at this store"},{"store":"Elevation Boulevard","category":"DISPOSABLE VAPE","category_revenue_at_store":3324592.5,"opportunity":"Category not carried at this store"},{"store":"Elevation Downtown","category":"DISPOSABLE VAPE","category_revenue_at_store":386406.2890625,"opportunity":"Category not carried at this store"},{"store":"Elevation Downtown","category":"FLOWER","category_revenue_at_store":324929.8828125,"opportunity":"Category not carried at this store"},{"store":"Elevation Downtown","category":"PRE ROLL","category_revenue_at_store":196139.1015625,"opportunity":"Category not carried at this store"},{"store":"Elevation Downtown","category":"INFUSED PRE ROLL","category_revenue_at_store":134242.0703125,"opportunity":"Category not carried at this store"}],"product_mix":{"top":[{"product":"HEAD CHEESE EIGHTH - POLARIS","units":20746,"revenue":1003623.203125,"cost":415960.703125,"profit":587662.5,"stores":6,"transactions":14166,"margin":58.599998474121094},{"product":"HEAD CHEESE CART - POLARIS","units":11182,"revenue":222772.24609375,"cost":103545.0,"profit":119227.24609375,"stores":6,"transactions":9062,"margin":53.5},{"product":"HEAD CHEESE PRE ROLL - POLARIS","units":18290,"revenue":204883.1640625,"cost":94277.001953125,"profit":110606.171875,"stores":6,"transactions":12684,"margin":54.0},{"product":"HEAD CHEESE ROSIN CART - POLARIS","units":3926,"revenue":180144.9609375,"cost":92316.25,"profit":87828.701171875,"stores":6,"transactions":2964,"margin":48.79999923706055},{"product":"BLUE MAUI CART - POLARIS","units":8286,"revenue":160284.19921875,"cost":73541.25,"profit":86742.94921875,"stores":6,"transactions":7480,"margin":54.099998474121094},{"product":"NYC DIESEL EIGHTH - POLARIS","units":2674,"revenue":113853.92578125,"cost":52363.1494140625,"profit":61490.7763671875,"stores":6,"transactions":1972,"margin":54.0},{"product":"CHEM BRULEE EIGHTH - POLARIS","units":2568,"revenue":99815.849609375,"cost":50362.5,"profit":49453.349609375,"stores":6,"transactions":2066,"margin":49.5},{"product":"BLUE MAUI ROSIN CART - POLARIS","units":1666,"revenue":73594.6240234375,"cost":37993.75,"profit":35600.8740234375,"stores":7,"transactions":1320,"margin":48.400001525878906},{"product":"ICE CREAM CAKE CART - POLARIS","units":3518,"revenue":71102.7490234375,"cost":35180.0,"profit":35922.7490234375,"stores":6,"transactions":3228,"margin":50.5},{"product":"BLUE MAUI EIGHTH - POLARIS","units":1776,"revenue":71014.3017578125,"cost":37740.0,"profit":33274.29931640625,"stores":6,"transactions":1440,"margin":46.900001525878906},{"product":"CHEM BRULEE CART - POLARIS","units":3472,"revenue":68511.4990234375,"cost":34720.0,"profit":33791.4990234375,"stores":6,"transactions":3264,"margin":49.29999923706055},{"product":"NYC DIESEL CART - POLARIS","units":3336,"revenue":65968.251953125,"cost":33360.0,"profit":32608.24951171875,"stores":6,"transactions":2932,"margin":49.400001525878906},{"product":"BLUE MAUI PRE ROLL - POLARIS","units":5066,"revenue":59777.7978515625,"cost":27211.99951171875,"profit":32565.80078125,"stores":6,"transactions":4026,"margin":54.5},{"product":"WOOKIES EIGHTH - POLARIS","units":1334,"revenue":53331.5234375,"cost":28347.5,"profit":24984.02587890625,"stores":6,"transactions":1116,"margin":46.79999923706055},{"product":"MASTER KUSH X BUBBA KUSH EIGHTH - POLARIS","units":990,"revenue":36384.775390625,"cost":16301.25,"profit":20083.525390625,"stores":5,"transactions":780,"margin":55.20000076293945},{"product":"GRAPE MARKER ROSIN CART - POLARIS","units":830,"revenue":35472.724609375,"cost":18605.0,"profit":16867.724609375,"stores":6,"transactions":668,"margin":47.599998474121094},{"product":"MASTER KUSH X BUBBA KUSH CART - POLARIS","units":1644,"revenue":28013.75,"cost":9247.5,"profit":18766.25,"stores":6,"transactions":1400,"margin":67.0},{"product":"SOUR PURPLE KUSH EIGHTH - POLARIS","units":596,"revenue":24791.650390625,"cost":12665.0,"profit":12126.650390625,"stores":6,"transactions":500,"margin":48.900001525878906},{"product":"LEMON SORBET EIGHTH - POLARIS","units":558,"revenue":23805.77392578125,"cost":16684.200439453125,"profit":7121.57470703125,"stores":5,"transactions":474,"margin":29.899999618530273},{"product":"ALIEN OG CART - POLARIS","units":1350,"revenue":22567.5,"cost":7593.75,"profit":14973.75,"stores":5,"transactions":1134,"margin":66.4000015258789}],"bottom":[{"product":"SUPERNOVA OG PRE ROLL - POLARIS","units":218,"revenue":2784.4500732421875,"cost":1090.0,"profit":1694.4500732421875,"stores":3,"transactions":170,"margin":60.900001525878906},{"product":"ALIEN GARY PRE ROLL - POLARIS","units":326,"revenue":2735.0,"cost":1100.250015258789,"profit":1634.7500610351562,"stores":4,"transactions":246,"margin":59.79999923706055},{"product":"TRAINWRECK PRE ROLL - POLARIS","units":308,"revenue":2605.4998779296875,"cost":1039.5000457763672,"profit":1566.0000610351562,"stores":4,"transactions":228,"margin":60.099998474121094},{"product":"APPLE PIE EIGHTH - POLARIS","units":64,"revenue":2500.0,"cost":1360.0,"profit":1140.0,"stores":1,"transactions":30,"margin":45.599998474121094},{"product":"GRAPE DOSI CART - POLARIS","units":64,"revenue":2371.25,"cost":720.0,"profit":1651.25,"stores":3,"transactions":64,"margin":69.5999984741211},{"product":"BLUE MAUI ROSIN DISPOSABLE VAPE - POLARIS","units":30,"revenue":2307.5,"cost":562.5,"profit":1745.0,"stores":3,"transactions":24,"margin":75.5999984741211},{"product":"MASTER X BUBBA KUSH PRE ROLL - POLARIS","units":140,"revenue":1751.9999694824219,"cost":875.0,"profit":877.0000457763672,"stores":2,"transactions":112,"margin":50.099998474121094},{"product":"GRAPE MARKER X NYC DIESEL INFUSED PRE ROLL - POALRIS","units":82,"revenue":1363.2499694824219,"cost":504.00001525878906,"profit":859.2500305175781,"stores":4,"transactions":70,"margin":63.0},{"product":"STRAWNANA CART - POLARIS","units":30,"revenue":883.75,"cost":337.5,"profit":546.25,"stores":3,"transactions":26,"margin":61.79999923706055},{"product":"PURPLE OCTANE PRE ROLL - POLARIS","units":70,"revenue":680.9999847412109,"cost":437.5,"profit":243.50000381469727,"stores":2,"transactions":56,"margin":35.79999923706055}],"expansion":[{"product":"HEAD CHEESE EIGHTH - POLARIS","current_stores":6,"total_stores":7,"missing_stores":["Elevation Downtown"],"revenue":1003623.203125},{"product":"HEAD CHEESE CART - POLARIS","current_stores":6,"total_stores":7,"missing_stores":["Elevation Downtown"],"revenue":222772.24609375},{"product":"HEAD CHEESE PRE ROLL - POLARIS","current_stores":6,"total_stores":7,"missing_stores":["Elevation Downtown"],"revenue":204883.1640625},{"product":"HEAD CHEESE ROSIN CART - POLARIS","current_stores":6,"total_stores":7,"missing_stores":["Elevation Downtown"],"revenue":180144.9609375},{"product":"BLUE MAUI CART - POLARIS","current_stores":6,"total_stores":7,"missing_stores":["Elevation Downtown"],"revenue":160284.19921875},{"product":"NYC DIESEL EIGHTH - POLARIS","current_stores":6,"total_stores":7,"missing_stores":["Elevation Downtown"],"revenue":113853.92578125},{"product":"CHEM BRULEE EIGHTH - POLARIS","current_stores":6,"total_stores":7,"missing_stores":["Elevation Downtown"],"revenue":99815.849609375},{"product":"ICE CREAM CAKE CART - POLARIS","current_stores":6,"total_stores":7,"missing_stores":["Elevation Downtown"],"revenue":71102.7490234375},{"product":"BLUE MAUI EIGHTH - POLARIS","current_stores":6,"total_stores":7,"missing_stores":["Elevation Downtown"],"revenue":71014.3017578125},{"product":"CHEM BRULEE CART - POLARIS","current_stores":6,"total_stores":7,"missing_stores":["Elevation Downtown"],"revenue":68511.4990234375}]},"pricing_consistency":[{"product":"ICE CREAM CAKE PRE ROLL - POLARIS","min_price":16.923076923076923,"max_price":32.018517388237846,"avg_price":20.95936389880849,"std_dev":2.335798806677603,"store_count":12,"price_range":15.095440465160925,"range_pct":72.0},{"product":"GRAPE MARKER X NYC DIESEL INFUSED PRE ROLL - POALRIS","min_price":25.99999957614475,"max_price":50.0,"avg_price":36.19773421371192,"std_dev":4.156105133032703,"store_count":8,"price_range":24.00000042385525,"range_pct":66.3},{"product":"CREAM CHEESE CART - POLARIS","min_price":43.75,"max_price":74.54130753226903,"avg_price":60.66001168955927,"std_dev":4.759660133805339,"store_count":10,"price_range":30.791307532269023,"range_pct":50.8},{"product":"RED BULZ EIGHTH - POLARIS","min_price":60.4,"max_price":94.05,"avg_price":72.7625,"std_dev":5.979149883832427,"store_count":8,"price_range":33.64999999999999,"range_pct":46.2},{"product":"PURPLE CREAMSICLE HALF OUNCE - POLARIS","min_price":128.64583333333334,"max_price":205.36458333333331,"avg_price":167.00520833333331,"std_dev":21.699339347662175,"store_count":4,"price_range":76.71874999999999,"range_pct":45.9},{"product":"BLUE MAUI ROSIN CART - POLARIS","min_price":65.0821884364298,"max_price":99.17089965212998,"avg_price":83.99601585250095,"std_dev":4.688468196774406,"store_count":14,"price_range":34.08871121570019,"range_pct":40.6},{"product":"TANGERINE OG PRE ROLL - POLARIS","min_price":15.999999576144749,"max_price":23.479998779296874,"avg_price":19.5055703963338,"std_dev":1.1552370660531537,"store_count":12,"price_range":7.479999203152126,"range_pct":38.3},{"product":"CHEETAH ZKITTLEZ PRE ROLL - POLARIS","min_price":18.111110263400608,"max_price":26.425003051757812,"avg_price":22.19146944803665,"std_dev":1.3346140616570434,"store_count":12,"price_range":8.313892788357204,"range_pct":37.5},{"product":"PURPLE CREAMSICLE PRE ROLL - POLARIS","min_price":15.602041750538104,"max_price":22.60294297162224,"avg_price":18.701803023588464,"std_dev":1.020437417329287,"store_count":12,"price_range":7.000901221084137,"range_pct":37.4},{"product":"LA POISON PRE ROLL - POLARIS","min_price":19.159573494119847,"max_price":27.75,"avg_price":23.494162963073588,"std_dev":1.718301875568771,"store_count":6,"price_range":8.590426505880151,"range_pct":36.6},{"product":"WOOKIES EIGHTH - POLARIS","min_price":68.77278945025276,"max_price":98.25520833333334,"avg_price":82.03289998033561,"std_dev":4.422265580863159,"store_count":12,"price_range":29.482418883080584,"range_pct":35.9},{"product":"PURPLE OCTANE PRE ROLL - POLARIS","min_price":15.0,"max_price":21.239999389648435,"avg_price":18.11999969482422,"std_dev":1.7649383532081309,"store_count":4,"price_range":6.239999389648436,"range_pct":34.4},{"product":"TANGERINE OG EIGHTH - POLARIS","min_price":61.56699829101562,"max_price":85.875,"avg_price":72.43616638183593,"std_dev":3.483790248491125,"store_count":12,"price_range":24.30800170898438,"range_pct":33.6},{"product":"BLUE MAUI EIGHTH - POLARIS","min_price":74.32291666666667,"max_price":101.7,"avg_price":81.60139826147436,"std_dev":4.046309105094616,"store_count":12,"price_range":27.37708333333333,"range_pct":33.5},{"product":"NYC DIESEL PRE ROLL - POLARIS","min_price":15.0,"max_price":20.245786516853933,"avg_price":16.819359323572808,"std_dev":0.858180624362219,"store_count":10,"price_range":5.245786516853932,"range_pct":31.2},{"product":"NYC DIESEL CART - POLARIS","min_price":31.195652173913043,"max_price":43.30570718516475,"avg_price":38.950392571990314,"std_dev":1.7521746228497495,"store_count":12,"price_range":12.110055011251703,"range_pct":31.1},{"product":"PERMANENT MARKER HALF OUNCE - POLARIS","min_price":138.9,"max_price":189.8,"avg_price":164.35000000000002,"std_dev":14.396694064958101,"store_count":4,"price_range":50.9,"range_pct":31.0},{"product":"BISCOTTI EIGHTH - POLARIS","min_price":66.5625,"max_price":90.71428571428571,"avg_price":78.99419642857143,"std_dev":4.357404495462272,"store_count":8,"price_range":24.15178571428571,"range_pct":30.6},{"product":"CHEETAH ZKITTLEZ EIGHTH - POLARIS","min_price":70.6896551724138,"max_price":95.09999593098959,"avg_price":80.0122086942182,"std_dev":4.23792914602965,"store_count":8,"price_range":24.4103407585758,"range_pct":30.5},{"product":"LEMON SORBET PRE ROLL - POLARIS","min_price":20.899999618530273,"max_price":27.84313725490196,"avg_price":23.131035964561875,"std_dev":1.0018331194572532,"store_count":12,"price_range":6.943137636371688,"range_pct":30.0},{"product":"BUBBA KUSH HALF OUNCE - POLARIS","min_price":141.27679007393974,"max_price":191.25,"avg_price":168.93794650123232,"std_dev":9.107255298432001,"store_count":8,"price_range":49.973209926060264,"range_pct":29.6},{"product":"TRUE OG CART - POLARIS","min_price":34.6,"max_price":46.38297872340425,"avg_price":41.972579411911816,"std_dev":1.6984761810693842,"store_count":12,"price_range":11.782978723404254,"range_pct":28.1},{"product":"BIRTHDAY CAKE PRE ROLL - POLARIS","min_price":18.729998779296874,"max_price":25.339998372395836,"avg_price":23.562426553697968,"std_dev":1.021041745025379,"store_count":12,"price_range":6.60999959309896,"range_pct":28.1},{"product":"GRAPE GAS CART - POLARIS","min_price":30.375,"max_price":39.900000000000006,"avg_price":34.912638685438374,"std_dev":1.3787981014862987,"store_count":12,"price_range":9.525000000000002,"range_pct":27.3},{"product":"MASTER KUSH X BUBBA KUSH INFUSED PRE ROLL - POLARIS","min_price":29.769998168945314,"max_price":39.27894592285156,"avg_price":35.37693428686488,"std_dev":1.532490662994104,"store_count":12,"price_range":9.508947753906249,"range_pct":26.9},{"product":"LEMON SORBET EIGHTH - POLARIS","min_price":67.44891622792119,"max_price":90.11363636363637,"avg_price":84.35498309242672,"std_dev":3.8295928898227136,"store_count":10,"price_range":22.664720135715175,"range_pct":26.9},{"product":"GRAPE MARKER ROSIN CART - POLARIS","min_price":71.15564886129127,"max_price":93.64078262477244,"avg_price":83.96526551830222,"std_dev":4.160429834602691,"store_count":12,"price_range":22.485133763481173,"range_pct":26.8},{"product":"APPLE PIE PRE ROLL - POLARIS","min_price":17.25,"max_price":22.23999938964844,"avg_price":19.021079156137592,"std_dev":0.8237930133446512,"store_count":12,"price_range":4.989999389648436,"range_pct":26.2},{"product":"MASTER KUSH X BUBBA KUSH PRE ROLL - POLARIS","min_price":19.326531546456472,"max_price":25.146069473095153,"avg_price":22.236300509775813,"std_dev":1.6460138925194043,"store_count":4,"price_range":5.819537926638681,"range_pct":26.2},{"product":"NYC DIESEL EIGHTH - POLARIS","min_price":76.06344874901109,"max_price":95.39154411764706,"avg_price":83.53791985597518,"std_dev":2.8233929575825663,"store_count":12,"price_range":19.328095368635978,"range_pct":23.1}],"promotional_effectiveness":{"lift":{"fp_units_per_day":47.72,"disc_units_per_day":112.42,"lift_pct":135.5,"fp_avg_revenue_per_unit":62.25,"disc_avg_revenue_per_unit":46.775000000000006},"by_deal":[{"deal_name":"Industry - 30% Off","uses":7799,"revenue":463499.653069973,"discounts":198975.34779131413,"units":20016.0,"cost":257609.50001716614,"margin":44.4,"discount_depth":60.0},{"deal_name":"Lit4Less - PR - 5 for $30","uses":2997,"revenue":103466.45000338554,"discounts":102986.04999661446,"units":13827.0,"cost":47111.87575250864,"margin":54.5,"discount_depth":99.8},{"deal_name":"Industry 30% Off","uses":1672,"revenue":128886.04982058206,"discounts":55830.199895699814,"units":4477.0,"cost":57007.75004476309,"margin":55.8,"discount_depth":60.4},{"deal_name":"Lit4Less - 1/4 for $60","uses":1148,"revenue":159423.4416691462,"discounts":53677.39166498184,"units":4263.666666666667,"cost":66664.79166666667,"margin":58.2,"discount_depth":50.4},{"deal_name":"Senior - 10% Off","uses":1062,"revenue":159228.70216846466,"discounts":17750.049843788147,"units":4115.0,"cost":64497.77510434389,"margin":59.5,"discount_depth":20.0},{"deal_name":"Polaris 0.5g Carts 2 for $25","uses":1052,"revenue":75643.75,"discounts":47493.75,"units":4858.0,"cost":28323.75,"margin":62.6,"discount_depth":77.2},{"deal_name":"30% Off Special","uses":925,"revenue":61702.89986848831,"discounts":26557.099984884262,"units":2228.0,"cost":35245.75001120567,"margin":42.9,"discount_depth":60.2},{"deal_name":"Veterans - 10% Off","uses":607,"revenue":48216.04252258937,"discounts":5391.041650871435,"units":1578.6666666666667,"cost":19333.96667758624,"margin":59.9,"discount_depth":20.2},{"deal_name":"Polaris 0.5g Distillate Carts 2 for $25","uses":498,"revenue":33859.375,"discounts":20340.625,"units":2168.0,"cost":12195.0,"margin":64.0,"discount_depth":75.0},{"deal_name":"Senior / Veterans - 20% Off","uses":493,"revenue":47501.49964094162,"discounts":11922.249909639359,"units":1524.0,"cost":21011.850004196167,"margin":55.8,"discount_depth":40.2},{"deal_name":"4/20 2025 - Flower / Infused","uses":492,"revenue":39011.04999303818,"discounts":39468.95000696182,"units":1718.0,"cost":29225.0,"margin":25.1,"discount_depth":100.6},{"deal_name":"Lit 4 Less - 1/4 for $60","uses":368,"revenue":57749.874992370605,"discounts":32320.125007629395,"units":1544.0,"cost":24338.75,"margin":57.9,"discount_depth":71.8},{"deal_name":"Jackpot - Locals 30% Off","uses":316,"revenue":22660.000088214874,"discounts":9739.999933242798,"units":904.0,"cost":12158.600007295609,"margin":46.3,"discount_depth":60.2},{"deal_name":"50% Off - G2B","uses":312,"revenue":17652.695830265682,"discounts":17728.970835208893,"units":926.3333333333334,"cost":10463.541682759922,"margin":40.7,"discount_depth":100.2},{"deal_name":"Polaris 1/4 for $70","uses":277,"revenue":54356.749992370605,"discounts":26488.24999809265,"units":1242.0,"cost":26859.60000514984,"margin":50.6,"discount_depth":65.6},{"deal_name":"Polaris 2 for $40 - 1/8th","uses":215,"revenue":8916.666666666668,"discounts":11427.5,"units":356.66666666666663,"cost":7819.166666666668,"margin":12.3,"discount_depth":112.4},{"deal_name":"Rosin Cart","uses":215,"revenue":8916.666666666668,"discounts":11427.5,"units":356.66666666666663,"cost":7819.166666666668,"margin":12.3,"discount_depth":112.4},{"deal_name":"Concentrates","uses":215,"revenue":8916.666666666668,"discounts":11427.5,"units":356.66666666666663,"cost":7819.166666666668,"margin":12.3,"discount_depth":112.4},{"deal_name":"GW - 1/4 for $60 - Premium Brands","uses":210,"revenue":29626.499996185303,"discounts":22158.499999046326,"units":788.0,"cost":16925.0,"margin":42.9,"discount_depth":85.6},{"deal_name":"Employee 30% - NOT FRIDAYS","uses":181,"revenue":8425.537445545197,"discounts":3640.7124602794647,"units":435.0,"cost":4136.0000067949295,"margin":50.9,"discount_depth":60.4}]},"growth_opportunities":[{"type":"sku_expansion","title":"Add 'AFGHAN KUSH PRE ROLL - POLARIS' to 1 more store(s)","detail":"Carried in 6 stores. Missing from: Elevation Downtown","priority":"medium"},{"type":"sku_expansion","title":"Add 'ALIEN GARY PRE ROLL - POLARIS' to 3 more store(s)","detail":"Carried in 4 stores. Missing from: Elevation Mesa, Elevation Downtown, Elevation Parkway","priority":"medium"},{"type":"sku_expansion","title":"Add 'ALIEN OG CART - POLARIS' to 2 more store(s)","detail":"Carried in 5 stores. Missing from: Elevation Downtown, Elevation Parkway","priority":"medium"},{"type":"sku_expansion","title":"Add 'APPLE PIE PRE ROLL - POLARIS' to 1 more store(s)","detail":"Carried in 6 stores. Missing from: Elevation Downtown","priority":"medium"},{"type":"sku_expansion","title":"Add 'BIRTHDAY CAKE PRE ROLL - POLARIS' to 1 more store(s)","detail":"Carried in 6 stores. Missing from: Elevation Downtown","priority":"medium"},{"type":"velocity","title":"Improve velocity in CARTRIDGE","detail":"Velocity index 74 (below category average). 27.7 units/day vs 37.2 avg.","priority":"medium"},{"type":"velocity","title":"Improve velocity in INFUSED PRE ROLL","detail":"Velocity index 8 (below category average). 1.0 units/day vs 12.8 avg.","priority":"medium"},{"type":"velocity","title":"Improve velocity in DISPOSABLE VAPE","detail":"Velocity index 0 (below category average). 0.1 units/day vs 14.2 avg.","priority":"medium"}],"trend":[{"period":"2024-01","revenue":133570.546875,"cost":65185.80078125,"margin":51.2,"units":4516,"transactions":3454,"profit":68384.7509765625,"revenue_change_pct":null,"units_change_pct":null,"margin_change_pts":null},{"period":"2024-02","revenue":141241.62109375,"cost":64417.2021484375,"margin":54.4,"units":4616,"transactions":3600,"profit":76824.423828125,"revenue_change_pct":5.7,"units_change_pct":2.2,"margin_change_pts":3.2},{"period":"2024-03","revenue":134235.771484375,"cost":64255.09765625,"margin":52.1,"units":4614,"transactions":3562,"profit":69980.673828125,"revenue_change_pct":-5.0,"units_change_pct":-0.0,"margin_change_pts":-2.3},{"period":"2024-04","revenue":142552.5,"cost":67660.09765625,"margin":52.5,"units":4942,"transactions":3836,"profit":74892.40234375,"revenue_change_pct":6.2,"units_change_pct":7.1,"margin_change_pts":0.4},{"period":"2024-05","revenue":149297.822265625,"cost":71656.0986328125,"margin":52.0,"units":5624,"transactions":4182,"profit":77641.7236328125,"revenue_change_pct":4.7,"units_change_pct":13.8,"margin_change_pts":-0.5},{"period":"2024-06","revenue":162313.154296875,"cost":70942.5,"margin":56.3,"units":5448,"transactions":4194,"profit":91370.654296875,"revenue_change_pct":8.7,"units_change_pct":-3.1,"margin_change_pts":4.3},{"period":"2024-07","revenue":108485.09765625,"cost":50760.0,"margin":53.2,"units":3612,"transactions":2582,"profit":57725.1025390625,"revenue_change_pct":-33.2,"units_change_pct":-33.7,"margin_change_pts":-3.1},{"period":"2024-08","revenue":141626.42578125,"cost":66577.5,"margin":53.0,"units":4212,"transactions":2968,"profit":75048.92578125,"revenue_change_pct":30.5,"units_change_pct":16.6,"margin_change_pts":-0.2},{"period":"2024-09","revenue":134798.525390625,"cost":66277.5,"margin":50.8,"units":4734,"transactions":3616,"profit":68521.025390625,"revenue_change_pct":-4.8,"units_change_pct":12.4,"margin_change_pts":-2.2},{"period":"2024-10","revenue":162069.970703125,"cost":71735.0,"margin":55.7,"units":5612,"transactions":4214,"profit":90334.970703125,"revenue_change_pct":20.2,"units_change_pct":18.5,"margin_change_pts":4.9},{"period":"2024-11","revenue":195805.01953125,"cost":96780.0,"margin":50.6,"units":6612,"transactions":4692,"profit":99025.029296875,"revenue_change_pct":20.8,"units_change_pct":17.8,"margin_change_pts":-5.2},{"period":"2024-12","revenue":130323.271484375,"cost":60400.0,"margin":53.7,"units":4410,"transactions":3352,"profit":69923.2763671875,"revenue_change_pct":-33.4,"units_change_pct":-33.3,"margin_change_pts":3.1},{"period":"2025-01","revenue":94443.427734375,"cost":45120.0,"margin":52.2,"units":3168,"transactions":2474,"profit":49323.4228515625,"revenue_change_pct":-27.5,"units_change_pct":-28.2,"margin_change_pts":-1.4},{"period":"2025-02","revenue":94793.251953125,"cost":45357.5,"margin":52.2,"units":3164,"transactions":2522,"profit":49435.751953125,"revenue_change_pct":0.4,"units_change_pct":-0.1,"margin_change_pts":-0.1},{"period":"2025-03","revenue":99808.203125,"cost":59575.0,"margin":40.3,"units":3892,"transactions":2600,"profit":40233.20068359375,"revenue_change_pct":5.3,"units_change_pct":23.0,"margin_change_pts":-11.8},{"period":"2025-04","revenue":101637.802734375,"cost":59622.5,"margin":41.3,"units":3878,"transactions":2494,"profit":42015.2978515625,"revenue_change_pct":1.8,"units_change_pct":-0.4,"margin_change_pts":1.0},{"period":"2025-05","revenue":71652.1240234375,"cost":33057.5,"margin":53.9,"units":2522,"transactions":1870,"profit":38594.6240234375,"revenue_change_pct":-29.5,"units_change_pct":-35.0,"margin_change_pts":12.5},{"period":"2025-06","revenue":17311.500244140625,"cost":9052.5,"margin":47.7,"units":576,"transactions":456,"profit":8259.000244140625,"revenue_change_pct":-75.8,"units_change_pct":-77.2,"margin_change_pts":-6.2},{"period":"2025-07","revenue":85510.4296875,"cost":31192.5,"margin":63.5,"units":3684,"transactions":2262,"profit":54317.9248046875,"revenue_change_pct":394.0,"units_change_pct":539.6,"margin_change_pts":15.8},{"period":"2025-08","revenue":155293.57421875,"cost":58086.748046875,"margin":62.6,"units":8008,"transactions":4662,"profit":97206.826171875,"revenue_change_pct":81.6,"units_change_pct":117.4,"margin_change_pts":-0.9},{"period":"2025-09","revenue":136918.49609375,"cost":53092.001953125,"margin":61.2,"units":6532,"transactions":4212,"profit":83826.50390625,"revenue_change_pct":-11.8,"units_change_pct":-18.4,"margin_change_pts":-1.4},{"period":"2025-10","revenue":120393.603515625,"cost":46149.248046875,"margin":61.7,"units":6710,"transactions":3870,"profit":74244.3505859375,"revenue_change_pct":-12.1,"units_change_pct":2.7,"margin_change_pts":0.4},{"period":"2025-11","revenue":134272.646484375,"cost":57373.251953125,"margin":57.3,"units":7278,"transactions":4194,"profit":76899.3994140625,"revenue_change_pct":11.5,"units_change_pct":8.5,"margin_change_pts":-4.4},{"period":"2025-12","revenue":136208.876953125,"cost":54403.75,"margin":60.1,"units":6578,"transactions":3742,"profit":81805.126953125,"revenue_change_pct":1.4,"units_change_pct":-9.6,"margin_change_pts":2.8},{"period":"2026-01","revenue":112450.1953125,"cost":42881.748046875,"margin":61.9,"units":5730,"transactions":3160,"profit":69568.4521484375,"revenue_change_pct":-17.4,"units_change_pct":-12.9,"margin_change_pts":1.8}]}