{"brand":"RESIN8","date_range":"2024-01-01 00:00:00 to 2026-01-31 00:00:00","period_label":"All Time","summary":{"total_units":78846,"total_revenue":2622293.75,"total_cost":1399526.25,"total_discounts":573328.59375,"total_profit":1222767.578125,"overall_margin":46.599998474121094,"fp_margin":56.099998474121094,"disc_margin":38.29999923706055,"pct_full_price":46.70000076293945,"avg_discount_rate":17.899999618530273,"fp_revenue":1225645.0,"disc_revenue":1396648.75,"brand":"RESIN8","date_range":"2024-01-01 00:00:00 to 2026-01-31 00:00:00","primary_category":"DISPOSABLE VAPE","store_coverage":"7/7","stores_present":["Elevation Springs","Elevation Mesa","Elevation Oasis","Elevation Downtown","Elevation Midtown","Elevation Boulevard","Elevation Parkway"],"stores_missing":[],"velocity_rank":9,"velocity_total":35},"distribution":[{"store":"Elevation Springs","carries_brand":true,"sku_count":50,"revenue":566151.5625,"units":17466,"store_total_revenue":51138750.0,"brand_share_pct":1.100000023841858},{"store":"Elevation Mesa","carries_brand":true,"sku_count":42,"revenue":575250.9375,"units":17448,"store_total_revenue":47532240.0,"brand_share_pct":1.2000000476837158},{"store":"Elevation Oasis","carries_brand":true,"sku_count":52,"revenue":602832.109375,"units":17956,"store_total_revenue":56050145.0,"brand_share_pct":1.100000023841858},{"store":"Elevation Downtown","carries_brand":true,"sku_count":2,"revenue":1742.4748229980469,"units":60,"store_total_revenue":1945237.1875,"brand_share_pct":0.10000000149011612},{"store":"Elevation Midtown","carries_brand":true,"sku_count":50,"revenue":385518.671875,"units":10992,"store_total_revenue":30850185.0,"brand_share_pct":1.2000000476837158},{"store":"Elevation Boulevard","carries_brand":true,"sku_count":50,"revenue":294904.84375,"units":9114,"store_total_revenue":28757865.0,"brand_share_pct":1.0},{"store":"Elevation Parkway","carries_brand":true,"sku_count":46,"revenue":195893.3203125,"units":5810,"store_total_revenue":21987007.5,"brand_share_pct":0.8999999761581421}],"share_of_category":[{"category":"DISPOSABLE VAPE","brand_revenue":1311252.65625,"category_revenue":30552405.0,"revenue_share_pct":4.300000190734863,"brand_units":37810,"category_units":756548,"units_share_pct":5.0},{"category":"CARTRIDGE","brand_revenue":1311041.25,"category_revenue":46155130.0,"revenue_share_pct":2.799999952316284,"brand_units":41036,"category_units":1532896,"units_share_pct":2.7}],"share_of_category_trend":{"DISPOSABLE VAPE":[{"period":"2024-01","brand_revenue":120438.876953125,"category_revenue":933474.921875,"share_pct":12.899999618530273},{"period":"2024-02","brand_revenue":118922.822265625,"category_revenue":877782.109375,"share_pct":13.5},{"period":"2024-03","brand_revenue":122375.947265625,"category_revenue":990692.03125,"share_pct":12.399999618530273},{"period":"2024-04","brand_revenue":125964.453125,"category_revenue":971952.1875,"share_pct":13.0},{"period":"2024-05","brand_revenue":126342.8515625,"category_revenue":1035100.46875,"share_pct":12.199999809265137},{"period":"2024-06","brand_revenue":102540.400390625,"category_revenue":1039794.21875,"share_pct":9.899999618530273},{"period":"2024-07","brand_revenue":94575.146484375,"category_revenue":1081636.5625,"share_pct":8.699999809265137},{"period":"2024-08","brand_revenue":76905.44921875,"category_revenue":1098658.125,"share_pct":7.0},{"period":"2024-09","brand_revenue":79658.5009765625,"category_revenue":1056394.53125,"share_pct":7.5},{"period":"2024-10","brand_revenue":87006.904296875,"category_revenue":1197041.171875,"share_pct":7.300000190734863},{"period":"2024-11","brand_revenue":40686.923828125,"category_revenue":1193980.234375,"share_pct":3.4000000953674316},{"period":"2024-12","brand_revenue":42831.1767578125,"category_revenue":1222008.984375,"share_pct":3.5},{"period":"2025-01","brand_revenue":59767.9736328125,"category_revenue":1100552.421875,"share_pct":5.400000095367432},{"period":"2025-02","brand_revenue":45824.55078125,"category_revenue":1167271.25,"share_pct":3.9000000953674316},{"period":"2025-03","brand_revenue":39301.826171875,"category_revenue":1348856.71875,"share_pct":2.9000000953674316},{"period":"2025-04","brand_revenue":21797.62451171875,"category_revenue":1414639.84375,"share_pct":1.5},{"period":"2025-05","brand_revenue":6311.25,"category_revenue":1460588.4375,"share_pct":0.4000000059604645},{"period":"2025-06","brand_revenue":0.0,"category_revenue":1320852.96875,"share_pct":0.0},{"period":"2025-07","brand_revenue":0.0,"category_revenue":1451194.84375,"share_pct":0.0},{"period":"2025-08","brand_revenue":0.0,"category_revenue":1403520.625,"share_pct":0.0},{"period":"2025-09","brand_revenue":0.0,"category_revenue":1317518.125,"share_pct":0.0},{"period":"2025-10","brand_revenue":0.0,"category_revenue":1511693.75,"share_pct":0.0},{"period":"2025-11","brand_revenue":0.0,"category_revenue":1481709.21875,"share_pct":0.0},{"period":"2025-12","brand_revenue":0.0,"category_revenue":1476896.875,"share_pct":0.0},{"period":"2026-01","brand_revenue":0.0,"category_revenue":1398594.84375,"share_pct":0.0}],"CARTRIDGE":[{"period":"2024-01","brand_revenue":148015.078125,"category_revenue":2057675.625,"share_pct":7.199999809265137},{"period":"2024-02","brand_revenue":140454.55078125,"category_revenue":2141777.8125,"share_pct":6.599999904632568},{"period":"2024-03","brand_revenue":95374.697265625,"category_revenue":2288552.1875,"share_pct":4.199999809265137},{"period":"2024-04","brand_revenue":113048.22265625,"category_revenue":2096820.46875,"share_pct":5.400000095367432},{"period":"2024-05","brand_revenue":153658.701171875,"category_revenue":2138038.59375,"share_pct":7.199999809265137},{"period":"2024-06","brand_revenue":52218.3740234375,"category_revenue":2017623.90625,"share_pct":2.5999999046325684},{"period":"2024-07","brand_revenue":93188.84765625,"category_revenue":2031918.28125,"share_pct":4.599999904632568},{"period":"2024-08","brand_revenue":61168.5498046875,"category_revenue":2132382.65625,"share_pct":2.9000000953674316},{"period":"2024-09","brand_revenue":54848.30078125,"category_revenue":1955407.03125,"share_pct":2.799999952316284},{"period":"2024-10","brand_revenue":64415.7275390625,"category_revenue":2083993.125,"share_pct":3.0999999046325684},{"period":"2024-11","brand_revenue":64230.0,"category_revenue":2038609.375,"share_pct":3.200000047683716},{"period":"2024-12","brand_revenue":50231.8505859375,"category_revenue":2003932.03125,"share_pct":2.5},{"period":"2025-01","brand_revenue":49431.9482421875,"category_revenue":1921719.21875,"share_pct":2.5999999046325684},{"period":"2025-02","brand_revenue":53021.8505859375,"category_revenue":1668647.5,"share_pct":3.200000047683716},{"period":"2025-03","brand_revenue":18238.64990234375,"category_revenue":1758711.25,"share_pct":1.0},{"period":"2025-04","brand_revenue":41578.623046875,"category_revenue":1735997.5,"share_pct":2.4000000953674316},{"period":"2025-05","brand_revenue":11531.375732421875,"category_revenue":1688800.46875,"share_pct":0.699999988079071},{"period":"2025-06","brand_revenue":32501.99951171875,"category_revenue":1594515.0,"share_pct":2.0},{"period":"2025-07","brand_revenue":9970.125122070312,"category_revenue":1595739.53125,"share_pct":0.6000000238418579},{"period":"2025-08","brand_revenue":2906.25,"category_revenue":1677489.6875,"share_pct":0.20000000298023224},{"period":"2025-09","brand_revenue":790.5000305175781,"category_revenue":1539547.96875,"share_pct":0.10000000149011612},{"period":"2025-10","brand_revenue":217.00000762939453,"category_revenue":1548909.21875,"share_pct":0.0},{"period":"2025-11","brand_revenue":0.0,"category_revenue":1545430.15625,"share_pct":0.0},{"period":"2025-12","brand_revenue":0.0,"category_revenue":1467828.28125,"share_pct":0.0},{"period":"2026-01","brand_revenue":0.0,"category_revenue":1425064.0625,"share_pct":0.0}]},"velocity_by_category":[{"category":"DISPOSABLE VAPE","brand_units_per_day":49.62,"category_avg_units_per_day":28.36,"velocity_index":174.9,"brand_rev_per_unit":27.74,"category_rev_per_unit":32.31,"brands_in_category":35},{"category":"CARTRIDGE","brand_units_per_day":53.86,"category_avg_units_per_day":74.5,"velocity_index":72.3,"brand_rev_per_unit":25.56,"category_rev_per_unit":24.09,"brands_in_category":27}],"store_gaps":[{"store":"Elevation Downtown","category":"CARTRIDGE","category_revenue_at_store":190494.43359375,"opportunity":"Category not carried at this store"}],"product_mix":{"top":[{"product":"BLUEBERRY DISPOSABLE VAPE - RESIN8","units":10098,"revenue":350481.015625,"cost":183026.25,"profit":167454.74609375,"stores":7,"transactions":9098,"margin":47.79999923706055},{"product":"MELON BALLS DISPOSABLE VAPE - RESIN8","units":9782,"revenue":336948.7109375,"cost":177298.75,"profit":159649.98046875,"stores":6,"transactions":8966,"margin":47.400001525878906},{"product":"APPLE JACK DISPOSABLE VAPE - RESIN8","units":8850,"revenue":309446.40625,"cost":160406.25,"profit":149040.146484375,"stores":6,"transactions":8058,"margin":48.20000076293945},{"product":"TROPIC THUNDER DISPOSABLE VAPE - RESIN8","units":8542,"revenue":296410.15625,"cost":154823.75,"profit":141586.396484375,"stores":6,"transactions":7816,"margin":47.79999923706055},{"product":"APPLE JACK CART - RESIN8","units":8382,"revenue":266258.6328125,"cost":141446.25,"profit":124812.373046875,"stores":6,"transactions":7216,"margin":46.900001525878906},{"product":"BLUEBERRY CART - RESIN8","units":8274,"revenue":258973.046875,"cost":139623.75,"profit":119349.296875,"stores":6,"transactions":7082,"margin":46.099998474121094},{"product":"MELON BALLS CART - RESIN8","units":7036,"revenue":220690.09765625,"cost":118732.5,"profit":101957.59765625,"stores":6,"transactions":5664,"margin":46.20000076293945},{"product":"TROPIC THUNDER CART - RESIN8","units":4522,"revenue":142222.021484375,"cost":76308.75,"profit":65913.2763671875,"stores":6,"transactions":4014,"margin":46.29999923706055},{"product":"RASPBERRY CART - RESIN8","units":4136,"revenue":128298.623046875,"cost":69795.0,"profit":58503.623046875,"stores":6,"transactions":3442,"margin":45.599998474121094},{"product":"4:1 THC/CBN SLUMBERBERRY CART - RESIN8","units":1434,"revenue":45656.0009765625,"cost":24840.0,"profit":20816.0009765625,"stores":6,"transactions":1208,"margin":45.599998474121094},{"product":"SUNSHINE HAZE CART - RESIN8 BLACK","units":1204,"revenue":43696.0009765625,"cost":25585.0,"profit":18110.999755859375,"stores":5,"transactions":1020,"margin":41.400001525878906},{"product":"STARBURST CART - RESIN8 BLACK","units":956,"revenue":35782.099609375,"cost":20315.0,"profit":15467.099609375,"stores":6,"transactions":792,"margin":43.20000076293945},{"product":"PINK LEMONADE CART - RESIN8","units":740,"revenue":22577.724609375,"cost":12487.5,"profit":10090.225219726562,"stores":6,"transactions":642,"margin":44.70000076293945},{"product":"SUNSET SHERBET DISPOSABLE VAPE - RESIN8","units":538,"revenue":17966.400146484375,"cost":9751.25,"profit":8215.150146484375,"stores":6,"transactions":462,"margin":45.70000076293945},{"product":"ORANGE CREAMSICLE CART - RESIN8 BLACK","units":442,"revenue":16172.94921875,"cost":9392.5,"profit":6780.4498291015625,"stores":5,"transactions":360,"margin":41.900001525878906},{"product":"PINA COLADA CART - RESIN8","units":516,"revenue":16069.024658203125,"cost":8707.5,"profit":7361.5252685546875,"stores":6,"transactions":482,"margin":45.79999923706055},{"product":"PUMPKIN SPICE CART - RESIN8","units":558,"revenue":15252.774658203125,"cost":9416.25,"profit":5836.524658203125,"stores":6,"transactions":516,"margin":38.29999923706055},{"product":"MIMOSA CART - RESIN8 BLACK","units":424,"revenue":14820.274658203125,"cost":9010.0,"profit":5810.2752685546875,"stores":5,"transactions":362,"margin":39.20000076293945},{"product":"MANGO JUICE CART - RESIN8 BLACK","units":292,"revenue":11318.375244140625,"cost":6205.0,"profit":5113.374938964844,"stores":5,"transactions":272,"margin":45.20000076293945},{"product":"PINEAPPLE CART - RESIN8","units":352,"revenue":10964.525146484375,"cost":5940.0,"profit":5024.524841308594,"stores":3,"transactions":286,"margin":45.79999923706055}],"bottom":[{"product":"MAUI PUNCH CART - RESIN8 BLACK","units":294,"revenue":10487.275390625,"cost":6247.5,"profit":4239.775085449219,"stores":5,"transactions":238,"margin":40.400001525878906},{"product":"LEMON POUND CAKE CART - RESIN8 BLACK","units":284,"revenue":10189.224853515625,"cost":6035.0,"profit":4154.224853515625,"stores":4,"transactions":248,"margin":40.79999923706055},{"product":"LEMON COOKIES CART - RESIN8 BLACK","units":276,"revenue":9913.125,"cost":5865.0,"profit":4048.125,"stores":3,"transactions":204,"margin":40.79999923706055},{"product":"POUND CAKE CART - RESIN8 BLACK","units":246,"revenue":9454.525146484375,"cost":5227.5,"profit":4227.025146484375,"stores":4,"transactions":228,"margin":44.70000076293945},{"product":"RUNTZ CART - RESIN8 BLACK","units":242,"revenue":9024.1748046875,"cost":5142.5,"profit":3881.6751098632812,"stores":4,"transactions":212,"margin":43.0},{"product":"MANGO CART - RESIN8","units":256,"revenue":7481.2750244140625,"cost":4320.0,"profit":3161.2750244140625,"stores":6,"transactions":234,"margin":42.29999923706055},{"product":"OTTER POPZ CART - RESIN8 BLACK","units":140,"revenue":4628.450012207031,"cost":2975.0,"profit":1653.4500122070312,"stores":3,"transactions":102,"margin":35.70000076293945},{"product":"POUND CAKE CART 0.8G - RESIN8 BLACK","units":14,"revenue":624.0000152587891,"cost":297.5,"profit":326.50001525878906,"stores":1,"transactions":14,"margin":52.29999923706055},{"product":"CITRON SQUEEZE CART 0.8G - RESIN8 BLACK","units":8,"revenue":270.0,"cost":170.0,"profit":100.0,"stores":1,"transactions":8,"margin":37.0},{"product":"CANDY CANE CART - RESIN8","units":8,"revenue":217.00000762939453,"cost":135.0,"profit":81.99999809265137,"stores":1,"transactions":6,"margin":37.79999923706055}],"expansion":[{"product":"MELON BALLS DISPOSABLE VAPE - RESIN8","current_stores":6,"total_stores":7,"missing_stores":["Elevation Downtown"],"revenue":336948.7109375},{"product":"APPLE JACK DISPOSABLE VAPE - RESIN8","current_stores":6,"total_stores":7,"missing_stores":["Elevation Downtown"],"revenue":309446.40625},{"product":"TROPIC THUNDER DISPOSABLE VAPE - RESIN8","current_stores":6,"total_stores":7,"missing_stores":["Elevation Downtown"],"revenue":296410.15625},{"product":"APPLE JACK CART - RESIN8","current_stores":6,"total_stores":7,"missing_stores":["Elevation Downtown"],"revenue":266258.6328125},{"product":"BLUEBERRY CART - RESIN8","current_stores":6,"total_stores":7,"missing_stores":["Elevation Downtown"],"revenue":258973.046875},{"product":"MELON BALLS CART - RESIN8","current_stores":6,"total_stores":7,"missing_stores":["Elevation Downtown"],"revenue":220690.09765625},{"product":"TROPIC THUNDER CART - RESIN8","current_stores":6,"total_stores":7,"missing_stores":["Elevation Downtown"],"revenue":142222.021484375},{"product":"RASPBERRY CART - RESIN8","current_stores":6,"total_stores":7,"missing_stores":["Elevation Downtown"],"revenue":128298.623046875},{"product":"4:1 THC/CBN SLUMBERBERRY CART - RESIN8","current_stores":6,"total_stores":7,"missing_stores":["Elevation Downtown"],"revenue":45656.0009765625},{"product":"SUNSHINE HAZE CART - RESIN8 BLACK","current_stores":5,"total_stores":7,"missing_stores":["Elevation Downtown","Elevation Parkway"],"revenue":43696.0009765625}]},"pricing_consistency":[{"product":"PINA COLADA CART - RESIN8","min_price":52.17884944035457,"max_price":73.23750305175781,"avg_price":62.172922192895285,"std_dev":2.8175126418119714,"store_count":12,"price_range":21.058653611403244,"range_pct":33.9},{"product":"PUMPKIN SPICE CART - RESIN8","min_price":44.3760009765625,"max_price":62.32050170898438,"avg_price":54.26841502632954,"std_dev":2.687918176464036,"store_count":12,"price_range":17.94450073242188,"range_pct":33.1},{"product":"MANGO JUICE CART - RESIN8 BLACK","min_price":69.84167098999023,"max_price":90.03333536783855,"avg_price":76.71503234349828,"std_dev":3.2986044144073223,"store_count":10,"price_range":20.19166437784831,"range_pct":26.3},{"product":"MANGO CART - RESIN8","min_price":48.97500228881836,"max_price":63.87375259399414,"avg_price":58.381832333872346,"std_dev":2.3164466012596194,"store_count":12,"price_range":14.898750305175783,"range_pct":25.5},{"product":"SUNSET SHERBET DISPOSABLE VAPE - RESIN8","min_price":61.11861843532986,"max_price":77.59166463216145,"avg_price":69.49050710435459,"std_dev":2.2950910342449333,"store_count":12,"price_range":16.4730461968316,"range_pct":23.7},{"product":"BLUEBERRY DISPOSABLE VAPE - RESIN8","min_price":58.0824940999349,"max_price":74.16820334322625,"avg_price":68.37918316552913,"std_dev":2.0688585764105114,"store_count":14,"price_range":16.08570924329136,"range_pct":23.5},{"product":"POUND CAKE CART - RESIN8 BLACK","min_price":69.61976517078489,"max_price":85.89666748046875,"avg_price":77.06087785173756,"std_dev":3.43318154677076,"store_count":8,"price_range":16.27690230968387,"range_pct":21.1},{"product":"ORANGE CREAMSICLE CART - RESIN8 BLACK","min_price":65.31832377115886,"max_price":78.43679373604911,"avg_price":71.76312397131224,"std_dev":1.907127957058334,"store_count":10,"price_range":13.118469964890247,"range_pct":18.3},{"product":"LEMON POUND CAKE CART - RESIN8 BLACK","min_price":65.79750061035156,"max_price":77.5,"avg_price":71.58773914460212,"std_dev":1.948788273796468,"store_count":8,"price_range":11.702499389648438,"range_pct":16.3},{"product":"MIMOSA CART - RESIN8 BLACK","min_price":66.68500310724431,"max_price":78.13417053222656,"avg_price":70.54698213370315,"std_dev":1.7740924584432587,"store_count":10,"price_range":11.44916742498224,"range_pct":16.2},{"product":"4:1 THC/CBN SLUMBERBERRY CART - RESIN8","min_price":57.318745930989586,"max_price":67.32028537326389,"avg_price":62.84349896436102,"std_dev":1.486072322403456,"store_count":12,"price_range":10.001539442274305,"range_pct":15.9},{"product":"MELON BALLS CART - RESIN8","min_price":57.94806681888204,"max_price":67.5906165692446,"avg_price":61.89967106929284,"std_dev":1.2687167351974522,"store_count":12,"price_range":9.642549750362566,"range_pct":15.6},{"product":"BLUEBERRY CART - RESIN8","min_price":57.28619467618778,"max_price":66.94721581578439,"avg_price":61.80937856852709,"std_dev":1.3705049210146094,"store_count":12,"price_range":9.661021139596606,"range_pct":15.6},{"product":"PINEAPPLE CART - RESIN8","min_price":55.15312194824219,"max_price":63.92922414860255,"avg_price":58.45744900412403,"std_dev":1.9090674527784945,"store_count":6,"price_range":8.776102200360363,"range_pct":15.0},{"product":"SUNSHINE HAZE CART - RESIN8 BLACK","min_price":66.83475721750827,"max_price":77.61712843371976,"avg_price":72.70365689592043,"std_dev":2.013539115179552,"store_count":10,"price_range":10.782371216211484,"range_pct":14.8},{"product":"RASPBERRY CART - RESIN8","min_price":57.47279575892857,"max_price":66.08177942456113,"avg_price":61.000686713201226,"std_dev":1.5070036408909349,"store_count":12,"price_range":8.608983665632568,"range_pct":14.1},{"product":"STARBURST CART - RESIN8 BLACK","min_price":69.13679830143961,"max_price":78.93421373869243,"avg_price":74.6974329788308,"std_dev":1.561769155750577,"store_count":12,"price_range":9.797415437252823,"range_pct":13.1},{"product":"APPLE JACK DISPOSABLE VAPE - RESIN8","min_price":67.12887474798387,"max_price":75.63333222360322,"avg_price":70.29994240592544,"std_dev":1.2189767107187555,"store_count":12,"price_range":8.504457475619356,"range_pct":12.1},{"product":"MAUI PUNCH CART - RESIN8 BLACK","min_price":68.93916829427083,"max_price":77.5131546823602,"avg_price":71.89409672251918,"std_dev":1.4456603793272944,"store_count":10,"price_range":8.573986388089363,"range_pct":11.9},{"product":"MELON BALLS DISPOSABLE VAPE - RESIN8","min_price":67.14818594162813,"max_price":73.89078108990779,"avg_price":69.43656429515553,"std_dev":1.0177810740896491,"store_count":12,"price_range":6.742595148279653,"range_pct":9.7},{"product":"APPLE JACK CART - RESIN8","min_price":60.5881225906332,"max_price":66.54590685614224,"avg_price":63.3550484850037,"std_dev":0.8829546787686585,"store_count":12,"price_range":5.957784265509041,"range_pct":9.4},{"product":"TROPIC THUNDER CART - RESIN8","min_price":60.443826918436294,"max_price":66.2017696234329,"avg_price":62.59986242198532,"std_dev":0.8798922711771937,"store_count":12,"price_range":5.757942704996601,"range_pct":9.2},{"product":"RUNTZ CART - RESIN8 BLACK","min_price":70.71624755859375,"max_price":77.25666809082031,"avg_price":74.3456889827077,"std_dev":1.1371330134303614,"store_count":8,"price_range":6.540420532226561,"range_pct":8.8},{"product":"TROPIC THUNDER DISPOSABLE VAPE - RESIN8","min_price":67.07847541360294,"max_price":72.98169817243304,"avg_price":69.68039879091152,"std_dev":0.852364003006743,"store_count":12,"price_range":5.903222758830093,"range_pct":8.5},{"product":"LEMON COOKIES CART - RESIN8 BLACK","min_price":69.422998046875,"max_price":75.14843622843425,"avg_price":71.81422687106662,"std_dev":1.1907691502336315,"store_count":6,"price_range":5.725438181559248,"range_pct":8.0},{"product":"PINK LEMONADE CART - RESIN8","min_price":58.321876525878906,"max_price":62.41583251953125,"avg_price":60.76855948813474,"std_dev":0.6157488780514783,"store_count":12,"price_range":4.093955993652347,"range_pct":6.7},{"product":"OTTER POPZ CART - RESIN8 BLACK","min_price":64.28916422526042,"max_price":67.74749755859375,"avg_price":66.42597028944228,"std_dev":0.7471039548904288,"store_count":6,"price_range":3.458333333333332,"range_pct":5.2}],"promotional_effectiveness":{"lift":{"fp_units_per_day":52.98,"disc_units_per_day":84.74,"lift_pct":59.9,"fp_avg_revenue_per_unit":81.15,"disc_avg_revenue_per_unit":57.425},"by_deal":[{"deal_name":"Industry - 30% Off","uses":4784,"revenue":330607.7947354317,"discounts":142149.7110939026,"units":11718.0,"cost":207135.0,"margin":37.3,"discount_depth":60.2},{"deal_name":"Resin8 White Label Carts + Dispos 3 for $70","uses":2183,"revenue":405366.19731903076,"discounts":148116.3012599945,"units":13902.0,"cost":241936.25,"margin":40.3,"discount_depth":53.6},{"deal_name":"Resin8 White Label Carts + Dispos 2 for $50","uses":674,"revenue":98430.4999923706,"discounts":24969.49999809265,"units":3112.0,"cost":53973.75,"margin":45.2,"discount_depth":40.4},{"deal_name":"4/20 50% Off!!!!","uses":459,"revenue":31605.0,"discounts":31605.0,"units":1568.0,"cost":27703.75,"margin":12.3,"discount_depth":100.0},{"deal_name":"30% Off Special","uses":410,"revenue":27474.22532081604,"discounts":11848.274643421173,"units":938.0,"cost":17291.25,"margin":37.1,"discount_depth":60.2},{"deal_name":"Senior - 10% Off","uses":328,"revenue":31411.762642860413,"discounts":3525.73743224144,"units":862.0,"cost":15285.0,"margin":51.3,"discount_depth":20.2},{"deal_name":"Jackpot - Locals 30% Off","uses":321,"revenue":28989.275574684143,"discounts":12515.724980831146,"units":1046.0,"cost":18122.5,"margin":37.5,"discount_depth":60.4},{"deal_name":"Veterans - 10% Off","uses":291,"revenue":26768.24999332428,"discounts":2976.7499548196793,"units":724.0,"cost":13011.25,"margin":51.4,"discount_depth":20.0},{"deal_name":"GW - 50% Off Vapes","uses":264,"revenue":16353.75,"discounts":16353.75,"units":810.0,"cost":14282.5,"margin":12.7,"discount_depth":100.0},{"deal_name":"Resin8 Black Label Carts 3 for $76","uses":239,"revenue":47516.73718929291,"discounts":25408.262465000153,"units":1500.0,"cost":31787.5,"margin":33.1,"discount_depth":69.6},{"deal_name":"4/20 2025 - Vapes","uses":201,"revenue":11686.274998188019,"discounts":11818.724994659424,"units":600.0,"cost":10260.0,"margin":12.2,"discount_depth":100.6},{"deal_name":"Senior / Veterans - 20% Off","uses":157,"revenue":15962.42473602295,"discounts":4026.3249349594116,"units":497.0,"cost":8744.375,"margin":45.2,"discount_depth":40.2},{"deal_name":"Industry 30% Off","uses":150,"revenue":12472.07537651062,"discounts":5357.925093173981,"units":460.0,"cost":7765.0,"margin":37.7,"discount_depth":60.2},{"deal_name":"Resin8 BOGO - Carts/ Dispos / White / Black","uses":140,"revenue":17734.53712940216,"discounts":17296.712894439697,"units":857.0,"cost":15315.625,"margin":13.6,"discount_depth":98.8},{"deal_name":"Resin8 White Label Carts + Dispos 3 for $65","uses":103,"revenue":17326.35000228882,"discounts":8268.650121688843,"units":640.0,"cost":11197.5,"margin":35.4,"discount_depth":64.6},{"deal_name":"30% Off Special!","uses":71,"revenue":4389.00007724762,"discounts":1880.9999322891235,"units":152.0,"cost":2755.0,"margin":37.2,"discount_depth":60.0},{"deal_name":"Resin8 Black Label Carts 2 for $60","uses":60,"revenue":9600.0,"discounts":2880.0,"units":256.0,"cost":5440.0,"margin":43.3,"discount_depth":46.2},{"deal_name":"LVAC - 25% Off","uses":49,"revenue":3155.625,"discounts":1051.875,"units":104.0,"cost":1842.5,"margin":41.6,"discount_depth":50.0},{"deal_name":"Cannavative / Resin8 / Packspods / LP Exotics - 30% Off","uses":32,"revenue":2209.2500472068787,"discounts":968.2500123977661,"units":82.0,"cost":1383.75,"margin":37.4,"discount_depth":61.0},{"deal_name":"Resin 8 White/ Black Label 3 for $76","uses":31,"revenue":6649.124965667725,"discounts":1793.3750200271606,"units":210.0,"cost":3693.75,"margin":44.4,"discount_depth":42.4}]},"growth_opportunities":[{"type":"sku_expansion","title":"Add '4:1 THC/CBN SLUMBERBERRY CART - RESIN8' to 1 more store(s)","detail":"Carried in 6 stores. Missing from: Elevation Downtown","priority":"medium"},{"type":"sku_expansion","title":"Add 'APPLE JACK CART - RESIN8' to 1 more store(s)","detail":"Carried in 6 stores. Missing from: Elevation Downtown","priority":"medium"},{"type":"sku_expansion","title":"Add 'APPLE JACK DISPOSABLE VAPE - RESIN8' to 1 more store(s)","detail":"Carried in 6 stores. Missing from: Elevation Downtown","priority":"medium"},{"type":"sku_expansion","title":"Add 'BLUEBERRY CART - RESIN8' to 1 more store(s)","detail":"Carried in 6 stores. Missing from: Elevation Downtown","priority":"medium"},{"type":"sku_expansion","title":"Add 'LEMON COOKIES CART - RESIN8 BLACK' to 4 more store(s)","detail":"Carried in 3 stores. Missing from: Elevation Springs, Elevation Downtown, Elevation Boulevard, Elevation Parkway","priority":"medium"},{"type":"velocity","title":"Improve velocity in CARTRIDGE","detail":"Velocity index 72 (below category average). 26.9 units/day vs 37.2 avg.","priority":"medium"}],"trend":[{"period":"2024-01","revenue":268453.9453125,"cost":142905.0,"margin":46.8,"units":8000,"transactions":4862,"profit":125548.9453125,"revenue_change_pct":null,"units_change_pct":null,"margin_change_pts":null},{"period":"2024-02","revenue":259377.3828125,"cost":134687.5,"margin":48.1,"units":7552,"transactions":4866,"profit":124689.873046875,"revenue_change_pct":-3.4,"units_change_pct":-5.6,"margin_change_pts":1.3},{"period":"2024-03","revenue":217750.64453125,"cost":113841.25,"margin":47.7,"units":6374,"transactions":4456,"profit":103909.404296875,"revenue_change_pct":-16.0,"units_change_pct":-15.6,"margin_change_pts":-0.4},{"period":"2024-04","revenue":239012.67578125,"cost":135803.75,"margin":43.2,"units":7606,"transactions":5058,"profit":103208.92578125,"revenue_change_pct":9.8,"units_change_pct":19.3,"margin_change_pts":-4.5},{"period":"2024-05","revenue":280001.54296875,"cost":149568.75,"margin":46.6,"units":8456,"transactions":5112,"profit":130432.802734375,"revenue_change_pct":17.1,"units_change_pct":11.2,"margin_change_pts":3.4},{"period":"2024-06","revenue":154758.779296875,"cost":80077.5,"margin":48.3,"units":4420,"transactions":3260,"profit":74681.2744140625,"revenue_change_pct":-44.7,"units_change_pct":-47.7,"margin_change_pts":1.7},{"period":"2024-07","revenue":187764.00390625,"cost":100610.0,"margin":46.4,"units":5640,"transactions":3838,"profit":87154.00390625,"revenue_change_pct":21.3,"units_change_pct":27.6,"margin_change_pts":-1.8},{"period":"2024-08","revenue":138074.00390625,"cost":71198.75,"margin":48.4,"units":4020,"transactions":2814,"profit":66875.2490234375,"revenue_change_pct":-26.5,"units_change_pct":-28.7,"margin_change_pts":2.0},{"period":"2024-09","revenue":134506.796875,"cost":69016.25,"margin":48.7,"units":3884,"transactions":2864,"profit":65490.5517578125,"revenue_change_pct":-2.6,"units_change_pct":-3.4,"margin_change_pts":0.3},{"period":"2024-10","revenue":151422.626953125,"cost":76156.25,"margin":49.7,"units":4302,"transactions":3374,"profit":75266.376953125,"revenue_change_pct":12.6,"units_change_pct":10.8,"margin_change_pts":1.0},{"period":"2024-11","revenue":104916.923828125,"cost":60933.75,"margin":41.9,"units":3466,"transactions":2346,"profit":43983.173828125,"revenue_change_pct":-30.7,"units_change_pct":-19.4,"margin_change_pts":-7.8},{"period":"2024-12","revenue":93063.02734375,"cost":47841.25,"margin":48.6,"units":2724,"transactions":2016,"profit":45221.77734375,"revenue_change_pct":-11.3,"units_change_pct":-21.4,"margin_change_pts":6.7},{"period":"2025-01","revenue":109199.921875,"cost":56293.75,"margin":48.4,"units":3206,"transactions":2448,"profit":52906.1767578125,"revenue_change_pct":17.3,"units_change_pct":17.7,"margin_change_pts":-0.1},{"period":"2025-02","revenue":98846.396484375,"cost":54021.25,"margin":45.3,"units":3086,"transactions":1980,"profit":44825.1513671875,"revenue_change_pct":-9.5,"units_change_pct":-3.7,"margin_change_pts":-3.1},{"period":"2025-03","revenue":57540.4736328125,"cost":32727.5,"margin":43.1,"units":1844,"transactions":1334,"profit":24812.97607421875,"revenue_change_pct":-41.8,"units_change_pct":-40.2,"margin_change_pts":-2.2},{"period":"2025-04","revenue":63376.25,"cost":38980.0,"margin":38.5,"units":2254,"transactions":1482,"profit":24396.25,"revenue_change_pct":10.1,"units_change_pct":22.2,"margin_change_pts":-4.6},{"period":"2025-05","revenue":17842.625732421875,"cost":10158.75,"margin":43.1,"units":586,"transactions":460,"profit":7683.8751220703125,"revenue_change_pct":-71.8,"units_change_pct":-74.0,"margin_change_pts":4.6},{"period":"2025-06","revenue":32501.99951171875,"cost":17448.75,"margin":46.3,"units":996,"transactions":646,"profit":15053.24951171875,"revenue_change_pct":82.2,"units_change_pct":70.0,"margin_change_pts":3.3},{"period":"2025-07","revenue":9970.125122070312,"cost":5130.0,"margin":48.5,"units":304,"transactions":218,"profit":4840.124816894531,"revenue_change_pct":-69.3,"units_change_pct":-69.5,"margin_change_pts":2.2},{"period":"2025-08","revenue":2906.25,"cost":1620.0,"margin":44.3,"units":96,"transactions":82,"profit":1286.25,"revenue_change_pct":-70.9,"units_change_pct":-68.4,"margin_change_pts":-4.3},{"period":"2025-09","revenue":790.5000305175781,"cost":371.25,"margin":53.0,"units":22,"transactions":18,"profit":419.24999237060547,"revenue_change_pct":-72.8,"units_change_pct":-77.1,"margin_change_pts":8.8},{"period":"2025-10","revenue":217.00000762939453,"cost":135.0,"margin":37.8,"units":8,"transactions":8,"profit":81.99999809265137,"revenue_change_pct":-72.5,"units_change_pct":-63.6,"margin_change_pts":-15.2}]}