{"brand":"RESIN8","date_range":"2024-01-01 00:00:00 to 2026-01-31 00:00:00","period_label":"All Time","summary":{"total_units":78846,"total_revenue":2622293.75,"total_cost":1399526.25,"total_discounts":573328.59375,"total_profit":1222767.578125,"overall_margin":46.599998474121094,"fp_margin":56.099998474121094,"disc_margin":38.29999923706055,"pct_full_price":46.70000076293945,"avg_discount_rate":17.899999618530273,"fp_revenue":1225645.0,"disc_revenue":1396648.75,"unique_customers":30832,"brand":"RESIN8","date_range":"2024-01-01 00:00:00 to 2026-01-31 00:00:00","months_count":44,"avg_monthly_cost":63614.825,"cost_per_unit":35.5,"primary_category":"DISPOSABLE VAPE","primary_cat_margin":52.79999923706055,"category_rank":9,"category_total":35,"margin_vs_category":-6.199999809265137,"velocity_rank":9},"category_breakdown":[{"category_clean":"DISPOSABLE VAPE","units":37810,"revenue":1311252.65625,"cost":685306.25,"profit":625946.4453125,"discounts":247147.32421875,"margin":47.70000076293945,"category_avg_margin":52.79999923706055,"vs_category":-5.1,"rank":9.0,"total_brands":35.0},{"category_clean":"CARTRIDGE","units":41036,"revenue":1311041.25,"cost":714220.0,"profit":596821.2109375,"discounts":326181.26953125,"margin":45.5,"category_avg_margin":50.400001525878906,"vs_category":-4.9,"rank":7.0,"total_brands":27.0}],"trend":[{"period":"2024-01","revenue":268453.9453125,"cost":142905.0,"margin":46.8,"units":8000,"transactions":4862,"profit":125548.9453125,"revenue_change_pct":null,"units_change_pct":null,"margin_change_pts":null},{"period":"2024-02","revenue":259377.3828125,"cost":134687.5,"margin":48.1,"units":7552,"transactions":4866,"profit":124689.873046875,"revenue_change_pct":-3.4,"units_change_pct":-5.6,"margin_change_pts":1.3},{"period":"2024-03","revenue":217750.64453125,"cost":113841.25,"margin":47.7,"units":6374,"transactions":4456,"profit":103909.404296875,"revenue_change_pct":-16.0,"units_change_pct":-15.6,"margin_change_pts":-0.4},{"period":"2024-04","revenue":239012.67578125,"cost":135803.75,"margin":43.2,"units":7606,"transactions":5058,"profit":103208.92578125,"revenue_change_pct":9.8,"units_change_pct":19.3,"margin_change_pts":-4.5},{"period":"2024-05","revenue":280001.54296875,"cost":149568.75,"margin":46.6,"units":8456,"transactions":5112,"profit":130432.802734375,"revenue_change_pct":17.1,"units_change_pct":11.2,"margin_change_pts":3.4},{"period":"2024-06","revenue":154758.779296875,"cost":80077.5,"margin":48.3,"units":4420,"transactions":3260,"profit":74681.2744140625,"revenue_change_pct":-44.7,"units_change_pct":-47.7,"margin_change_pts":1.7},{"period":"2024-07","revenue":187764.00390625,"cost":100610.0,"margin":46.4,"units":5640,"transactions":3838,"profit":87154.00390625,"revenue_change_pct":21.3,"units_change_pct":27.6,"margin_change_pts":-1.8},{"period":"2024-08","revenue":138074.00390625,"cost":71198.75,"margin":48.4,"units":4020,"transactions":2814,"profit":66875.2490234375,"revenue_change_pct":-26.5,"units_change_pct":-28.7,"margin_change_pts":2.0},{"period":"2024-09","revenue":134506.796875,"cost":69016.25,"margin":48.7,"units":3884,"transactions":2864,"profit":65490.5517578125,"revenue_change_pct":-2.6,"units_change_pct":-3.4,"margin_change_pts":0.3},{"period":"2024-10","revenue":151422.626953125,"cost":76156.25,"margin":49.7,"units":4302,"transactions":3374,"profit":75266.376953125,"revenue_change_pct":12.6,"units_change_pct":10.8,"margin_change_pts":1.0},{"period":"2024-11","revenue":104916.923828125,"cost":60933.75,"margin":41.9,"units":3466,"transactions":2346,"profit":43983.173828125,"revenue_change_pct":-30.7,"units_change_pct":-19.4,"margin_change_pts":-7.8},{"period":"2024-12","revenue":93063.02734375,"cost":47841.25,"margin":48.6,"units":2724,"transactions":2016,"profit":45221.77734375,"revenue_change_pct":-11.3,"units_change_pct":-21.4,"margin_change_pts":6.7},{"period":"2025-01","revenue":109199.921875,"cost":56293.75,"margin":48.4,"units":3206,"transactions":2448,"profit":52906.1767578125,"revenue_change_pct":17.3,"units_change_pct":17.7,"margin_change_pts":-0.1},{"period":"2025-02","revenue":98846.396484375,"cost":54021.25,"margin":45.3,"units":3086,"transactions":1980,"profit":44825.1513671875,"revenue_change_pct":-9.5,"units_change_pct":-3.7,"margin_change_pts":-3.1},{"period":"2025-03","revenue":57540.4736328125,"cost":32727.5,"margin":43.1,"units":1844,"transactions":1334,"profit":24812.97607421875,"revenue_change_pct":-41.8,"units_change_pct":-40.2,"margin_change_pts":-2.2},{"period":"2025-04","revenue":63376.25,"cost":38980.0,"margin":38.5,"units":2254,"transactions":1482,"profit":24396.25,"revenue_change_pct":10.1,"units_change_pct":22.2,"margin_change_pts":-4.6},{"period":"2025-05","revenue":17842.625732421875,"cost":10158.75,"margin":43.1,"units":586,"transactions":460,"profit":7683.8751220703125,"revenue_change_pct":-71.8,"units_change_pct":-74.0,"margin_change_pts":4.6},{"period":"2025-06","revenue":32501.99951171875,"cost":17448.75,"margin":46.3,"units":996,"transactions":646,"profit":15053.24951171875,"revenue_change_pct":82.2,"units_change_pct":70.0,"margin_change_pts":3.3},{"period":"2025-07","revenue":9970.125122070312,"cost":5130.0,"margin":48.5,"units":304,"transactions":218,"profit":4840.124816894531,"revenue_change_pct":-69.3,"units_change_pct":-69.5,"margin_change_pts":2.2},{"period":"2025-08","revenue":2906.25,"cost":1620.0,"margin":44.3,"units":96,"transactions":82,"profit":1286.25,"revenue_change_pct":-70.9,"units_change_pct":-68.4,"margin_change_pts":-4.3},{"period":"2025-09","revenue":790.5000305175781,"cost":371.25,"margin":53.0,"units":22,"transactions":18,"profit":419.24999237060547,"revenue_change_pct":-72.8,"units_change_pct":-77.1,"margin_change_pts":8.8},{"period":"2025-10","revenue":217.00000762939453,"cost":135.0,"margin":37.8,"units":8,"transactions":8,"profit":81.99999809265137,"revenue_change_pct":-72.5,"units_change_pct":-63.6,"margin_change_pts":-15.2}],"share_of_category":[{"category":"DISPOSABLE VAPE","brand_revenue":1311252.65625,"category_revenue":30552405.0,"revenue_share_pct":4.300000190734863,"brand_units":37810,"category_units":756548,"units_share_pct":5.0},{"category":"CARTRIDGE","brand_revenue":1311041.25,"category_revenue":46155130.0,"revenue_share_pct":2.799999952316284,"brand_units":41036,"category_units":1532896,"units_share_pct":2.7}],"share_of_category_trend":{"DISPOSABLE VAPE":[{"period":"2024-01","brand_revenue":120438.876953125,"category_revenue":933474.921875,"share_pct":12.899999618530273},{"period":"2024-02","brand_revenue":118922.822265625,"category_revenue":877782.109375,"share_pct":13.5},{"period":"2024-03","brand_revenue":122375.947265625,"category_revenue":990692.03125,"share_pct":12.399999618530273},{"period":"2024-04","brand_revenue":125964.453125,"category_revenue":971952.1875,"share_pct":13.0},{"period":"2024-05","brand_revenue":126342.8515625,"category_revenue":1035100.46875,"share_pct":12.199999809265137},{"period":"2024-06","brand_revenue":102540.400390625,"category_revenue":1039794.21875,"share_pct":9.899999618530273},{"period":"2024-07","brand_revenue":94575.146484375,"category_revenue":1081636.5625,"share_pct":8.699999809265137},{"period":"2024-08","brand_revenue":76905.44921875,"category_revenue":1098658.125,"share_pct":7.0},{"period":"2024-09","brand_revenue":79658.5009765625,"category_revenue":1056394.53125,"share_pct":7.5},{"period":"2024-10","brand_revenue":87006.904296875,"category_revenue":1197041.171875,"share_pct":7.300000190734863},{"period":"2024-11","brand_revenue":40686.923828125,"category_revenue":1193980.234375,"share_pct":3.4000000953674316},{"period":"2024-12","brand_revenue":42831.1767578125,"category_revenue":1222008.984375,"share_pct":3.5},{"period":"2025-01","brand_revenue":59767.9736328125,"category_revenue":1100552.421875,"share_pct":5.400000095367432},{"period":"2025-02","brand_revenue":45824.55078125,"category_revenue":1167271.25,"share_pct":3.9000000953674316},{"period":"2025-03","brand_revenue":39301.826171875,"category_revenue":1348856.71875,"share_pct":2.9000000953674316},{"period":"2025-04","brand_revenue":21797.62451171875,"category_revenue":1414639.84375,"share_pct":1.5},{"period":"2025-05","brand_revenue":6311.25,"category_revenue":1460588.4375,"share_pct":0.4000000059604645},{"period":"2025-06","brand_revenue":0.0,"category_revenue":1320852.96875,"share_pct":0.0},{"period":"2025-07","brand_revenue":0.0,"category_revenue":1451194.84375,"share_pct":0.0},{"period":"2025-08","brand_revenue":0.0,"category_revenue":1403520.625,"share_pct":0.0},{"period":"2025-09","brand_revenue":0.0,"category_revenue":1317518.125,"share_pct":0.0},{"period":"2025-10","brand_revenue":0.0,"category_revenue":1511693.75,"share_pct":0.0},{"period":"2025-11","brand_revenue":0.0,"category_revenue":1481709.21875,"share_pct":0.0},{"period":"2025-12","brand_revenue":0.0,"category_revenue":1476896.875,"share_pct":0.0},{"period":"2026-01","brand_revenue":0.0,"category_revenue":1398594.84375,"share_pct":0.0}],"CARTRIDGE":[{"period":"2024-01","brand_revenue":148015.078125,"category_revenue":2057675.625,"share_pct":7.199999809265137},{"period":"2024-02","brand_revenue":140454.55078125,"category_revenue":2141777.8125,"share_pct":6.599999904632568},{"period":"2024-03","brand_revenue":95374.697265625,"category_revenue":2288552.1875,"share_pct":4.199999809265137},{"period":"2024-04","brand_revenue":113048.22265625,"category_revenue":2096820.46875,"share_pct":5.400000095367432},{"period":"2024-05","brand_revenue":153658.701171875,"category_revenue":2138038.59375,"share_pct":7.199999809265137},{"period":"2024-06","brand_revenue":52218.3740234375,"category_revenue":2017623.90625,"share_pct":2.5999999046325684},{"period":"2024-07","brand_revenue":93188.84765625,"category_revenue":2031918.28125,"share_pct":4.599999904632568},{"period":"2024-08","brand_revenue":61168.5498046875,"category_revenue":2132382.65625,"share_pct":2.9000000953674316},{"period":"2024-09","brand_revenue":54848.30078125,"category_revenue":1955407.03125,"share_pct":2.799999952316284},{"period":"2024-10","brand_revenue":64415.7275390625,"category_revenue":2083993.125,"share_pct":3.0999999046325684},{"period":"2024-11","brand_revenue":64230.0,"category_revenue":2038609.375,"share_pct":3.200000047683716},{"period":"2024-12","brand_revenue":50231.8505859375,"category_revenue":2003932.03125,"share_pct":2.5},{"period":"2025-01","brand_revenue":49431.9482421875,"category_revenue":1921719.21875,"share_pct":2.5999999046325684},{"period":"2025-02","brand_revenue":53021.8505859375,"category_revenue":1668647.5,"share_pct":3.200000047683716},{"period":"2025-03","brand_revenue":18238.64990234375,"category_revenue":1758711.25,"share_pct":1.0},{"period":"2025-04","brand_revenue":41578.623046875,"category_revenue":1735997.5,"share_pct":2.4000000953674316},{"period":"2025-05","brand_revenue":11531.375732421875,"category_revenue":1688800.46875,"share_pct":0.699999988079071},{"period":"2025-06","brand_revenue":32501.99951171875,"category_revenue":1594515.0,"share_pct":2.0},{"period":"2025-07","brand_revenue":9970.125122070312,"category_revenue":1595739.53125,"share_pct":0.6000000238418579},{"period":"2025-08","brand_revenue":2906.25,"category_revenue":1677489.6875,"share_pct":0.20000000298023224},{"period":"2025-09","brand_revenue":790.5000305175781,"category_revenue":1539547.96875,"share_pct":0.10000000149011612},{"period":"2025-10","brand_revenue":217.00000762939453,"category_revenue":1548909.21875,"share_pct":0.0},{"period":"2025-11","brand_revenue":0.0,"category_revenue":1545430.15625,"share_pct":0.0},{"period":"2025-12","brand_revenue":0.0,"category_revenue":1467828.28125,"share_pct":0.0},{"period":"2026-01","brand_revenue":0.0,"category_revenue":1425064.0625,"share_pct":0.0}]},"discount_depth":[{"tier":"0% (Full Price)","transactions":28308,"pct_of_transactions":40.9,"revenue":1225645.0,"avg_discount":0.0},{"tier":"1-10%","transactions":2284,"pct_of_transactions":3.3,"revenue":95674.98046875,"avg_discount":19.799999237060547},{"tier":"11-20%","transactions":3266,"pct_of_transactions":4.7,"revenue":131705.56640625,"avg_discount":36.0},{"tier":"21-30%","transactions":22024,"pct_of_transactions":31.8,"revenue":761897.65625,"avg_discount":55.599998474121094},{"tier":"31%+","transactions":5864,"pct_of_transactions":8.5,"revenue":174310.87890625,"avg_discount":90.5999984741211}],"velocity":{"units_per_day":122.82,"revenue_per_day":4084.5748901367188,"avg_units_per_txn":2.94,"days_of_data":642,"total_units":78846,"total_transactions":53542},"velocity_by_category":[{"category":"DISPOSABLE VAPE","brand_units_per_day":49.62,"category_avg_units_per_day":28.36,"velocity_index":174.9,"brand_rev_per_unit":27.74,"category_rev_per_unit":32.31,"brands_in_category":35},{"category":"CARTRIDGE","brand_units_per_day":53.86,"category_avg_units_per_day":74.5,"velocity_index":72.3,"brand_rev_per_unit":25.56,"category_rev_per_unit":24.09,"brands_in_category":27}],"deals":[{"deal_name":"Industry - 30% Off","times_used":9568,"units":11718.0,"revenue":330607.7947354317,"discounts":142149.7110939026,"cost":207135.0,"profit":123472.78888940811,"pre_discount_revenue":472757.5,"margin":37.3,"avg_discount":60.2},{"deal_name":"Resin8 White Label Carts + Dispos 3 for $70","times_used":4366,"units":13902.0,"revenue":405366.19731903076,"discounts":148116.3012599945,"cost":241936.25,"profit":163429.94872391224,"pre_discount_revenue":553482.5,"margin":40.3,"avg_discount":53.6},{"deal_name":"Resin8 White Label Carts + Dispos 2 for $50","times_used":1348,"units":3112.0,"revenue":98430.4999923706,"discounts":24969.49999809265,"cost":53973.75,"profit":44456.75000190735,"pre_discount_revenue":123400.0,"margin":45.2,"avg_discount":40.4},{"deal_name":"4/20 50% Off!!!!","times_used":918,"units":1568.0,"revenue":31605.0,"discounts":31605.0,"cost":27703.75,"profit":3901.25,"pre_discount_revenue":63210.0,"margin":12.3,"avg_discount":100.0},{"deal_name":"30% Off Special","times_used":820,"units":938.0,"revenue":27474.22532081604,"discounts":11848.274643421173,"cost":17291.25,"profit":10182.975346446037,"pre_discount_revenue":39322.5,"margin":37.1,"avg_discount":60.2},{"deal_name":"Senior - 10% Off","times_used":656,"units":862.0,"revenue":31411.762642860413,"discounts":3525.73743224144,"cost":15285.0,"profit":16126.762228012085,"pre_discount_revenue":34937.5,"margin":51.3,"avg_discount":20.2},{"deal_name":"Jackpot - Locals 30% Off","times_used":642,"units":1046.0,"revenue":28989.275574684143,"discounts":12515.724980831146,"cost":18122.5,"profit":10866.7750197649,"pre_discount_revenue":41505.0,"margin":37.5,"avg_discount":60.4},{"deal_name":"Veterans - 10% Off","times_used":582,"units":724.0,"revenue":26768.24999332428,"discounts":2976.7499548196793,"cost":13011.25,"profit":13756.999819278717,"pre_discount_revenue":29745.0,"margin":51.4,"avg_discount":20.0},{"deal_name":"GW - 50% Off Vapes","times_used":528,"units":810.0,"revenue":16353.75,"discounts":16353.75,"cost":14282.5,"profit":2071.25,"pre_discount_revenue":32707.5,"margin":12.7,"avg_discount":100.0},{"deal_name":"Resin8 Black Label Carts 3 for $76","times_used":478,"units":1500.0,"revenue":47516.73718929291,"discounts":25408.262465000153,"cost":31787.5,"profit":15729.237357378006,"pre_discount_revenue":72925.0,"margin":33.1,"avg_discount":69.6},{"deal_name":"4/20 2025 - Vapes","times_used":402,"units":600.0,"revenue":11686.274998188019,"discounts":11818.724994659424,"cost":10260.0,"profit":1426.2750000879169,"pre_discount_revenue":23505.0,"margin":12.2,"avg_discount":100.6},{"deal_name":"Senior / Veterans - 20% Off","times_used":314,"units":497.0,"revenue":15962.42473602295,"discounts":4026.3249349594116,"cost":8744.375,"profit":7218.049993515015,"pre_discount_revenue":19988.75,"margin":45.2,"avg_discount":40.2},{"deal_name":"Industry 30% Off","times_used":300,"units":460.0,"revenue":12472.07537651062,"discounts":5357.925093173981,"cost":7765.0,"profit":4707.074906826019,"pre_discount_revenue":17830.0,"margin":37.7,"avg_discount":60.2},{"deal_name":"Resin8 BOGO - Carts/ Dispos / White / Black","times_used":280,"units":857.0,"revenue":17734.53712940216,"discounts":17296.712894439697,"cost":15315.625,"profit":2418.912614583969,"pre_discount_revenue":35031.25,"margin":13.6,"avg_discount":98.8},{"deal_name":"Resin8 White Label Carts + Dispos 3 for $65","times_used":206,"units":640.0,"revenue":17326.35000228882,"discounts":8268.650121688843,"cost":11197.5,"profit":6128.849878907204,"pre_discount_revenue":25595.0,"margin":35.4,"avg_discount":64.6},{"deal_name":"30% Off Special!","times_used":142,"units":152.0,"revenue":4389.00007724762,"discounts":1880.9999322891235,"cost":2755.0,"profit":1634.0000677108765,"pre_discount_revenue":6270.0,"margin":37.2,"avg_discount":60.0},{"deal_name":"Resin8 Black Label Carts 2 for $60","times_used":120,"units":256.0,"revenue":9600.0,"discounts":2880.0,"cost":5440.0,"profit":4160.0,"pre_discount_revenue":12480.0,"margin":43.3,"avg_discount":46.2},{"deal_name":"LVAC - 25% Off","times_used":98,"units":104.0,"revenue":3155.625,"discounts":1051.875,"cost":1842.5,"profit":1313.125,"pre_discount_revenue":4207.5,"margin":41.6,"avg_discount":50.0},{"deal_name":"Cannavative / Resin8 / Packspods / LP Exotics - 30% Off","times_used":64,"units":82.0,"revenue":2209.2500472068787,"discounts":968.2500123977661,"cost":1383.75,"profit":825.4999881982803,"pre_discount_revenue":3177.5,"margin":37.4,"avg_discount":61.0},{"deal_name":"Resin 8 White/ Black Label 3 for $76","times_used":62,"units":210.0,"revenue":6649.124965667725,"discounts":1793.3750200271606,"cost":3693.75,"profit":2955.374994277954,"pre_discount_revenue":8442.5,"margin":44.4,"avg_discount":42.4},{"deal_name":"25-30% Off","times_used":38,"units":50.0,"revenue":1453.125,"discounts":484.375,"cost":843.75,"profit":609.375,"pre_discount_revenue":1937.5,"margin":41.9,"avg_discount":50.0},{"deal_name":"Employee 30% - NOT FRIDAYS","times_used":32,"units":32.0,"revenue":920.5000162124634,"discounts":394.4999957084656,"cost":575.0,"profit":345.5000042915344,"pre_discount_revenue":1315.0,"margin":37.5,"avg_discount":60.0},{"deal_name":"Employee - 40% OFF","times_used":10,"units":12.0,"revenue":314.99999046325684,"discounts":210.0,"cost":230.0,"profit":85.00000238418579,"pre_discount_revenue":525.0,"margin":27.0,"avg_discount":80.0},{"deal_name":"Medical - 10%","times_used":2,"units":2.0,"revenue":69.74999904632568,"discounts":7.749999761581421,"cost":33.75,"profit":35.999999046325684,"pre_discount_revenue":77.5,"margin":51.6,"avg_discount":20.0}],"top_products":[{"product":"BLUEBERRY DISPOSABLE VAPE - RESIN8","units":10098,"revenue":350481.015625,"cost":183026.25,"profit":167454.74609375,"transactions":9098,"margin":47.79999923706055},{"product":"MELON BALLS DISPOSABLE VAPE - RESIN8","units":9782,"revenue":336948.7109375,"cost":177298.75,"profit":159649.98046875,"transactions":8966,"margin":47.400001525878906},{"product":"APPLE JACK DISPOSABLE VAPE - RESIN8","units":8850,"revenue":309446.40625,"cost":160406.25,"profit":149040.146484375,"transactions":8058,"margin":48.20000076293945},{"product":"TROPIC THUNDER DISPOSABLE VAPE - RESIN8","units":8542,"revenue":296410.15625,"cost":154823.75,"profit":141586.396484375,"transactions":7816,"margin":47.79999923706055},{"product":"APPLE JACK CART - RESIN8","units":8382,"revenue":266258.6328125,"cost":141446.25,"profit":124812.373046875,"transactions":7216,"margin":46.900001525878906},{"product":"BLUEBERRY CART - RESIN8","units":8274,"revenue":258973.046875,"cost":139623.75,"profit":119349.296875,"transactions":7082,"margin":46.099998474121094},{"product":"MELON BALLS CART - RESIN8","units":7036,"revenue":220690.09765625,"cost":118732.5,"profit":101957.59765625,"transactions":5664,"margin":46.20000076293945},{"product":"TROPIC THUNDER CART - RESIN8","units":4522,"revenue":142222.021484375,"cost":76308.75,"profit":65913.2763671875,"transactions":4014,"margin":46.29999923706055},{"product":"RASPBERRY CART - RESIN8","units":4136,"revenue":128298.623046875,"cost":69795.0,"profit":58503.623046875,"transactions":3442,"margin":45.599998474121094},{"product":"4:1 THC/CBN SLUMBERBERRY CART - RESIN8","units":1434,"revenue":45656.0009765625,"cost":24840.0,"profit":20816.0009765625,"transactions":1208,"margin":45.599998474121094},{"product":"SUNSHINE HAZE CART - RESIN8 BLACK","units":1204,"revenue":43696.0009765625,"cost":25585.0,"profit":18110.999755859375,"transactions":1020,"margin":41.400001525878906},{"product":"STARBURST CART - RESIN8 BLACK","units":956,"revenue":35782.099609375,"cost":20315.0,"profit":15467.099609375,"transactions":792,"margin":43.20000076293945},{"product":"PINK LEMONADE CART - RESIN8","units":740,"revenue":22577.724609375,"cost":12487.5,"profit":10090.225219726562,"transactions":642,"margin":44.70000076293945},{"product":"SUNSET SHERBET DISPOSABLE VAPE - RESIN8","units":538,"revenue":17966.400146484375,"cost":9751.25,"profit":8215.150146484375,"transactions":462,"margin":45.70000076293945},{"product":"ORANGE CREAMSICLE CART - RESIN8 BLACK","units":442,"revenue":16172.94921875,"cost":9392.5,"profit":6780.4498291015625,"transactions":360,"margin":41.900001525878906},{"product":"PINA COLADA CART - RESIN8","units":516,"revenue":16069.024658203125,"cost":8707.5,"profit":7361.5252685546875,"transactions":482,"margin":45.79999923706055},{"product":"PUMPKIN SPICE CART - RESIN8","units":558,"revenue":15252.774658203125,"cost":9416.25,"profit":5836.524658203125,"transactions":516,"margin":38.29999923706055},{"product":"MIMOSA CART - RESIN8 BLACK","units":424,"revenue":14820.274658203125,"cost":9010.0,"profit":5810.2752685546875,"transactions":362,"margin":39.20000076293945},{"product":"MANGO JUICE CART - RESIN8 BLACK","units":292,"revenue":11318.375244140625,"cost":6205.0,"profit":5113.374938964844,"transactions":272,"margin":45.20000076293945},{"product":"PINEAPPLE CART - RESIN8","units":352,"revenue":10964.525146484375,"cost":5940.0,"profit":5024.524841308594,"transactions":286,"margin":45.79999923706055},{"product":"MAUI PUNCH CART - RESIN8 BLACK","units":294,"revenue":10487.275390625,"cost":6247.5,"profit":4239.775085449219,"transactions":238,"margin":40.400001525878906},{"product":"LEMON POUND CAKE CART - RESIN8 BLACK","units":284,"revenue":10189.224853515625,"cost":6035.0,"profit":4154.224853515625,"transactions":248,"margin":40.79999923706055},{"product":"LEMON COOKIES CART - RESIN8 BLACK","units":276,"revenue":9913.125,"cost":5865.0,"profit":4048.125,"transactions":204,"margin":40.79999923706055},{"product":"POUND CAKE CART - RESIN8 BLACK","units":246,"revenue":9454.525146484375,"cost":5227.5,"profit":4227.025146484375,"transactions":228,"margin":44.70000076293945},{"product":"RUNTZ CART - RESIN8 BLACK","units":242,"revenue":9024.1748046875,"cost":5142.5,"profit":3881.6751098632812,"transactions":212,"margin":43.0}],"products_by_store":{"Elevation Springs":[{"product":"TROPIC THUNDER DISPOSABLE VAPE - RESIN8","units":2876,"revenue":98341.826171875,"cost":52127.5,"profit":46214.326171875,"transactions":2636,"margin":47.0},{"product":"BLUEBERRY DISPOSABLE VAPE - RESIN8","units":2878,"revenue":95689.8046875,"cost":52163.75,"profit":43526.0498046875,"transactions":2676,"margin":45.5},{"product":"MELON BALLS DISPOSABLE VAPE - RESIN8","units":2362,"revenue":79353.0517578125,"cost":42811.25,"profit":36541.79931640625,"transactions":2218,"margin":46.0},{"product":"APPLE JACK DISPOSABLE VAPE - RESIN8","units":1860,"revenue":62429.8486328125,"cost":33712.5,"profit":28717.35107421875,"transactions":1730,"margin":46.0},{"product":"APPLE JACK CART - RESIN8","units":1550,"revenue":47363.5498046875,"cost":26156.25,"profit":21207.2998046875,"transactions":1350,"margin":44.79999923706055},{"product":"BLUEBERRY CART - RESIN8","units":1410,"revenue":41900.625,"cost":23793.75,"profit":18106.875,"transactions":1218,"margin":43.20000076293945},{"product":"MELON BALLS CART - RESIN8","units":1102,"revenue":33605.4248046875,"cost":18596.25,"profit":15009.1748046875,"transactions":912,"margin":44.70000076293945},{"product":"TROPIC THUNDER CART - RESIN8","units":864,"revenue":26233.125,"cost":14580.0,"profit":11653.125,"transactions":788,"margin":44.400001525878906},{"product":"RASPBERRY CART - RESIN8","units":840,"revenue":24138.57421875,"cost":14175.0,"profit":9963.574829101562,"transactions":582,"margin":41.29999923706055},{"product":"4:1 THC/CBN SLUMBERBERRY CART - RESIN8","units":298,"revenue":9290.8251953125,"cost":5028.75,"profit":4262.074890136719,"transactions":276,"margin":45.900001525878906},{"product":"SUNSHINE HAZE CART - RESIN8 BLACK","units":230,"revenue":7837.650146484375,"cost":4887.5,"profit":2950.1498413085938,"transactions":182,"margin":37.599998474121094},{"product":"SUNSET SHERBET DISPOSABLE VAPE - RESIN8","units":138,"revenue":4539.024963378906,"cost":2501.25,"profit":2037.7749633789062,"transactions":124,"margin":44.900001525878906},{"product":"MANGO JUICE CART - RESIN8 BLACK","units":122,"revenue":4469.4500732421875,"cost":2592.5,"profit":1876.9500732421875,"transactions":114,"margin":42.0},{"product":"STARBURST CART - RESIN8 BLACK","units":118,"revenue":4382.39990234375,"cost":2507.5,"profit":1874.9000549316406,"transactions":102,"margin":42.79999923706055},{"product":"PINK LEMONADE CART - RESIN8","units":140,"revenue":4334.949951171875,"cost":2362.5,"profit":1972.449951171875,"transactions":106,"margin":45.5}],"Elevation Mesa":[{"product":"MELON BALLS DISPOSABLE VAPE - RESIN8","units":2394,"revenue":82289.423828125,"cost":43391.25,"profit":38898.17626953125,"transactions":2180,"margin":47.29999923706055},{"product":"BLUEBERRY DISPOSABLE VAPE - RESIN8","units":2178,"revenue":76789.1748046875,"cost":39476.25,"profit":37312.9248046875,"transactions":1846,"margin":48.599998474121094},{"product":"TROPIC THUNDER DISPOSABLE VAPE - RESIN8","units":2050,"revenue":71175.3759765625,"cost":37156.25,"profit":34019.1259765625,"transactions":1848,"margin":47.79999923706055},{"product":"APPLE JACK CART - RESIN8","units":2114,"revenue":67219.775390625,"cost":35673.75,"profit":31546.025390625,"transactions":1904,"margin":46.900001525878906},{"product":"BLUEBERRY CART - RESIN8","units":1980,"revenue":61487.8271484375,"cost":33412.5,"profit":28075.32470703125,"transactions":1808,"margin":45.70000076293945},{"product":"MELON BALLS CART - RESIN8","units":1732,"revenue":53478.3984375,"cost":29227.5,"profit":24250.90087890625,"transactions":1498,"margin":45.29999923706055},{"product":"APPLE JACK DISPOSABLE VAPE - RESIN8","units":1344,"revenue":46566.0986328125,"cost":24360.0,"profit":22206.10107421875,"transactions":1234,"margin":47.70000076293945},{"product":"TROPIC THUNDER CART - RESIN8","units":1218,"revenue":38885.80078125,"cost":20553.75,"profit":18332.049560546875,"transactions":1078,"margin":47.099998474121094},{"product":"RASPBERRY CART - RESIN8","units":696,"revenue":20502.724609375,"cost":11745.0,"profit":8757.725219726562,"transactions":626,"margin":42.70000076293945},{"product":"4:1 THC/CBN SLUMBERBERRY CART - RESIN8","units":400,"revenue":12435.025634765625,"cost":6750.0,"profit":5685.0250244140625,"transactions":352,"margin":45.70000076293945},{"product":"SUNSHINE HAZE CART - RESIN8 BLACK","units":302,"revenue":10092.050170898438,"cost":6417.5,"profit":3674.5498657226562,"transactions":256,"margin":36.400001525878906},{"product":"STARBURST CART - RESIN8 BLACK","units":178,"revenue":6153.175048828125,"cost":3782.5,"profit":2370.675048828125,"transactions":144,"margin":38.5},{"product":"SUNSET SHERBET DISPOSABLE VAPE - RESIN8","units":180,"revenue":5500.675048828125,"cost":3262.5,"profit":2238.175048828125,"transactions":138,"margin":40.70000076293945},{"product":"LEMON POUND CAKE CART - RESIN8 BLACK","units":154,"revenue":5417.774658203125,"cost":3272.5,"profit":2145.2749633789062,"transactions":134,"margin":39.599998474121094},{"product":"MIMOSA CART - RESIN8 BLACK","units":132,"revenue":4585.174865722656,"cost":2805.0,"profit":1780.1750183105469,"transactions":112,"margin":38.79999923706055}],"Elevation Oasis":[{"product":"APPLE JACK CART - RESIN8","units":2408,"revenue":77612.5732421875,"cost":40635.0,"profit":36977.57568359375,"transactions":1898,"margin":47.599998474121094},{"product":"APPLE JACK DISPOSABLE VAPE - RESIN8","units":2176,"revenue":76722.3486328125,"cost":39440.0,"profit":37282.35107421875,"transactions":1844,"margin":48.599998474121094},{"product":"BLUEBERRY CART - RESIN8","units":2312,"revenue":74131.0498046875,"cost":39015.0,"profit":35116.0498046875,"transactions":1806,"margin":47.400001525878906},{"product":"MELON BALLS CART - RESIN8","units":2024,"revenue":63086.0986328125,"cost":34155.0,"profit":28931.10107421875,"transactions":1462,"margin":45.900001525878906},{"product":"BLUEBERRY DISPOSABLE VAPE - RESIN8","units":1656,"revenue":58878.125,"cost":30015.0,"profit":28863.125,"transactions":1452,"margin":49.0},{"product":"TROPIC THUNDER DISPOSABLE VAPE - RESIN8","units":1434,"revenue":51131.97265625,"cost":25991.25,"profit":25140.72509765625,"transactions":1260,"margin":49.20000076293945},{"product":"MELON BALLS DISPOSABLE VAPE - RESIN8","units":1404,"revenue":48410.400390625,"cost":25447.5,"profit":22962.900390625,"transactions":1252,"margin":47.400001525878906},{"product":"RASPBERRY CART - RESIN8","units":1226,"revenue":40148.27392578125,"cost":20688.75,"profit":19459.525146484375,"transactions":1018,"margin":48.5},{"product":"TROPIC THUNDER CART - RESIN8","units":1050,"revenue":33047.02392578125,"cost":17718.75,"profit":15328.275146484375,"transactions":858,"margin":46.400001525878906},{"product":"4:1 THC/CBN SLUMBERBERRY CART - RESIN8","units":360,"revenue":12117.650146484375,"cost":6075.0,"profit":6042.650146484375,"transactions":248,"margin":49.900001525878906},{"product":"SUNSHINE HAZE CART - RESIN8 BLACK","units":290,"revenue":11210.74951171875,"cost":6162.5,"profit":5048.2501220703125,"transactions":236,"margin":45.0},{"product":"STARBURST CART - RESIN8 BLACK","units":272,"revenue":10383.724365234375,"cost":5780.0,"profit":4603.7249755859375,"transactions":208,"margin":44.29999923706055},{"product":"PINEAPPLE CART - RESIN8","units":284,"revenue":9077.949829101562,"cost":4792.5,"profit":4285.4498291015625,"transactions":232,"margin":47.20000076293945},{"product":"PINK LEMONADE CART - RESIN8","units":216,"revenue":6630.0250244140625,"cost":3645.0,"profit":2985.0250244140625,"transactions":178,"margin":45.0},{"product":"ORANGE CREAMSICLE CART - RESIN8 BLACK","units":122,"revenue":4411.474914550781,"cost":2592.5,"profit":1818.9749145507812,"transactions":78,"margin":41.20000076293945}],"Elevation Downtown":[{"product":"BLUEBERRY DISPOSABLE VAPE - RESIN8","units":60,"revenue":1742.4749755859375,"cost":1087.5,"profit":654.9749755859375,"transactions":44,"margin":37.599998474121094}],"Elevation Midtown":[{"product":"MELON BALLS CART - RESIN8","units":1390,"revenue":46975.4736328125,"cost":23456.25,"profit":23519.22607421875,"transactions":1122,"margin":50.099998474121094},{"product":"BLUEBERRY CART - RESIN8","units":1294,"revenue":43314.8486328125,"cost":21836.25,"profit":21478.60107421875,"transactions":1134,"margin":49.599998474121094},{"product":"APPLE JACK DISPOSABLE VAPE - RESIN8","units":1056,"revenue":39934.3994140625,"cost":19140.0,"profit":20794.3994140625,"transactions":1010,"margin":52.099998474121094},{"product":"BLUEBERRY DISPOSABLE VAPE - RESIN8","units":1074,"revenue":39828.3251953125,"cost":19466.25,"profit":20362.0751953125,"transactions":1010,"margin":51.099998474121094},{"product":"APPLE JACK CART - RESIN8","units":1160,"revenue":38596.6259765625,"cost":19575.0,"profit":19021.624755859375,"transactions":1068,"margin":49.29999923706055},{"product":"MELON BALLS DISPOSABLE VAPE - RESIN8","units":976,"revenue":36058.701171875,"cost":17690.0,"profit":18368.699951171875,"transactions":898,"margin":50.900001525878906},{"product":"RASPBERRY CART - RESIN8","units":826,"revenue":27291.77490234375,"cost":13938.75,"profit":13353.02490234375,"transactions":730,"margin":48.900001525878906},{"product":"TROPIC THUNDER DISPOSABLE VAPE - RESIN8","units":672,"revenue":24521.8505859375,"cost":12180.0,"profit":12341.8505859375,"transactions":632,"margin":50.29999923706055},{"product":"TROPIC THUNDER CART - RESIN8","units":678,"revenue":22442.39990234375,"cost":11441.25,"profit":11001.14990234375,"transactions":634,"margin":49.0},{"product":"STARBURST CART - RESIN8 BLACK","units":256,"revenue":10014.450073242188,"cost":5440.0,"profit":4574.4500732421875,"transactions":220,"margin":45.70000076293945},{"product":"SUNSHINE HAZE CART - RESIN8 BLACK","units":248,"revenue":9624.525146484375,"cost":5270.0,"profit":4354.525146484375,"transactions":224,"margin":45.20000076293945},{"product":"4:1 THC/CBN SLUMBERBERRY CART - RESIN8","units":196,"revenue":6538.0499267578125,"cost":3307.5,"profit":3230.5499267578125,"transactions":168,"margin":49.400001525878906},{"product":"PINK LEMONADE CART - RESIN8","units":200,"revenue":6096.35009765625,"cost":3375.0,"profit":2721.35009765625,"transactions":186,"margin":44.599998474121094},{"product":"PINA COLADA CART - RESIN8","units":170,"revenue":5555.2001953125,"cost":2868.75,"profit":2686.4498901367188,"transactions":152,"margin":48.400001525878906},{"product":"ORANGE CREAMSICLE CART - RESIN8 BLACK","units":140,"revenue":5490.574951171875,"cost":2975.0,"profit":2515.574951171875,"transactions":132,"margin":45.79999923706055}],"Elevation Boulevard":[{"product":"MELON BALLS DISPOSABLE VAPE - RESIN8","units":1514,"revenue":50831.1767578125,"cost":27441.25,"profit":23389.92431640625,"transactions":1362,"margin":46.0},{"product":"APPLE JACK DISPOSABLE VAPE - RESIN8","units":1340,"revenue":45486.7236328125,"cost":24287.5,"profit":21199.22607421875,"transactions":1232,"margin":46.599998474121094},{"product":"BLUEBERRY DISPOSABLE VAPE - RESIN8","units":1332,"revenue":45076.376953125,"cost":24142.5,"profit":20933.87451171875,"transactions":1228,"margin":46.400001525878906},{"product":"TROPIC THUNDER DISPOSABLE VAPE - RESIN8","units":850,"revenue":28508.349609375,"cost":15406.25,"profit":13102.099609375,"transactions":804,"margin":46.0},{"product":"BLUEBERRY CART - RESIN8","units":836,"revenue":25478.44970703125,"cost":14107.5,"profit":11370.94970703125,"transactions":716,"margin":44.599998474121094},{"product":"APPLE JACK CART - RESIN8","units":762,"revenue":23084.07470703125,"cost":12858.75,"profit":10225.32470703125,"transactions":662,"margin":44.29999923706055},{"product":"TROPIC THUNDER CART - RESIN8","units":518,"revenue":15654.949951171875,"cost":8741.25,"profit":6913.699951171875,"transactions":472,"margin":44.20000076293945},{"product":"MELON BALLS CART - RESIN8","units":504,"revenue":15316.075439453125,"cost":8505.0,"profit":6811.0748291015625,"transactions":438,"margin":44.5},{"product":"RASPBERRY CART - RESIN8","units":390,"revenue":11586.025390625,"cost":6581.25,"profit":5004.775085449219,"transactions":350,"margin":43.20000076293945},{"product":"SUNSHINE HAZE CART - RESIN8 BLACK","units":134,"revenue":4931.0247802734375,"cost":2847.5,"profit":2083.5250854492188,"transactions":122,"margin":42.29999923706055},{"product":"MIMOSA CART - RESIN8 BLACK","units":110,"revenue":3667.6748657226562,"cost":2337.5,"profit":1330.1750183105469,"transactions":92,"margin":36.29999923706055},{"product":"4:1 THC/CBN SLUMBERBERRY CART - RESIN8","units":120,"revenue":3439.1250610351562,"cost":2666.25,"profit":772.8749847412109,"transactions":110,"margin":22.5},{"product":"STARBURST CART - RESIN8 BLACK","units":94,"revenue":3348.599853515625,"cost":1997.5,"profit":1351.1000061035156,"transactions":80,"margin":40.29999923706055},{"product":"MAUI PUNCH CART - RESIN8 BLACK","units":76,"revenue":2640.0750732421875,"cost":1615.0,"profit":1025.0749969482422,"transactions":50,"margin":38.79999923706055},{"product":"PINK LEMONADE CART - RESIN8","units":80,"revenue":2332.8750610351562,"cost":1350.0,"profit":982.8749847412109,"transactions":74,"margin":42.099998474121094}],"Elevation Parkway":[{"product":"MELON BALLS DISPOSABLE VAPE - RESIN8","units":1132,"revenue":40005.97412109375,"cost":20517.5,"profit":19488.475341796875,"transactions":1056,"margin":48.70000076293945},{"product":"APPLE JACK DISPOSABLE VAPE - RESIN8","units":1074,"revenue":38306.97509765625,"cost":19466.25,"profit":18840.72509765625,"transactions":1008,"margin":49.20000076293945},{"product":"BLUEBERRY DISPOSABLE VAPE - RESIN8","units":920,"revenue":32476.72607421875,"cost":16675.0,"profit":15801.724853515625,"transactions":842,"margin":48.70000076293945},{"product":"TROPIC THUNDER DISPOSABLE VAPE - RESIN8","units":660,"revenue":22730.77392578125,"cost":11962.5,"profit":10768.275146484375,"transactions":636,"margin":47.400001525878906},{"product":"BLUEBERRY CART - RESIN8","units":442,"revenue":12660.250244140625,"cost":7458.75,"profit":5201.500244140625,"transactions":400,"margin":41.099998474121094},{"product":"APPLE JACK CART - RESIN8","units":388,"revenue":12382.025146484375,"cost":6547.5,"profit":5834.525146484375,"transactions":334,"margin":47.099998474121094},{"product":"MELON BALLS CART - RESIN8","units":284,"revenue":8228.624877929688,"cost":4792.5,"profit":3436.1248779296875,"transactions":232,"margin":41.79999923706055},{"product":"TROPIC THUNDER CART - RESIN8","units":194,"revenue":5958.7249755859375,"cost":3273.75,"profit":2684.9749755859375,"transactions":184,"margin":45.099998474121094},{"product":"RASPBERRY CART - RESIN8","units":158,"revenue":4631.25,"cost":2666.25,"profit":1965.0,"transactions":136,"margin":42.400001525878906},{"product":"SUNSET SHERBET DISPOSABLE VAPE - RESIN8","units":60,"revenue":2327.7499389648438,"cost":1087.5,"profit":1240.250015258789,"transactions":58,"margin":53.29999923706055},{"product":"PINK LEMONADE CART - RESIN8","units":60,"revenue":1872.4749755859375,"cost":1012.5,"profit":859.9749755859375,"transactions":56,"margin":45.900001525878906},{"product":"LEMON POUND CAKE CART - RESIN8 BLACK","units":48,"revenue":1860.0,"cost":1020.0,"profit":840.0,"transactions":46,"margin":45.20000076293945},{"product":"4:1 THC/CBN SLUMBERBERRY CART - RESIN8","units":60,"revenue":1835.3250122070312,"cost":1012.5,"profit":822.8250122070312,"transactions":54,"margin":44.79999923706055},{"product":"STARBURST CART - RESIN8 BLACK","units":38,"revenue":1499.7500610351562,"cost":807.5,"profit":692.2499847412109,"transactions":38,"margin":46.20000076293945},{"product":"MAUI PUNCH CART - RESIN8 BLACK","units":38,"revenue":1472.7499389648438,"cost":807.5,"profit":665.2500152587891,"transactions":26,"margin":45.20000076293945}]},"store_summary":[{"store_clean":"Elevation Oasis","units":17956,"revenue":602832.109375,"cost":316458.75,"profit":286373.37890625,"discounts":121267.87109375,"margin":47.5,"discount_rate":16.700000762939453},{"store_clean":"Elevation Mesa","units":17448,"revenue":575250.9375,"cost":308371.25,"profit":266879.66796875,"discounts":129804.072265625,"margin":46.400001525878906,"discount_rate":18.399999618530273},{"store_clean":"Elevation Springs","units":17466,"revenue":566151.5625,"cost":311283.75,"profit":254867.79296875,"discounts":144818.447265625,"margin":45.0,"discount_rate":20.399999618530273},{"store_clean":"Elevation Midtown","units":10992,"revenue":385518.7109375,"cost":195108.75,"profit":190409.94140625,"discounts":60723.798828125,"margin":49.400001525878906,"discount_rate":13.600000381469727},{"store_clean":"Elevation Boulevard","units":9114,"revenue":294904.82421875,"cost":163437.5,"profit":131467.32421875,"discounts":75092.67578125,"margin":44.599998474121094,"discount_rate":20.299999237060547},{"store_clean":"Elevation Parkway","units":5810,"revenue":195893.30078125,"cost":103778.75,"profit":92114.55078125,"discounts":40889.19921875,"margin":47.0,"discount_rate":17.299999237060547},{"store_clean":"Elevation Downtown","units":60,"revenue":1742.4749755859375,"cost":1087.5,"profit":654.9749755859375,"discounts":732.5250244140625,"margin":37.599998474121094,"discount_rate":29.600000381469727}],"recommendations":[{"severity":"yellow","title":"CATEGORY BENCHMARK GAP","detail":"Overall margin (46.6%) trails DISPOSABLE VAPE average (52.8%) by 6.2 pts.","action":"Negotiate cost reduction or increase retail price."},{"severity":"info","title":"VOLUME LEVERAGE","detail":"$1,048,918 revenue provides negotiating leverage.","action":"Use volume as leverage in next vendor meeting."}],"comparison":null}