{"brand":"PARADISE","date_range":"2024-01-01 00:00:00 to 2026-01-31 00:00:00","period_label":"All Time","summary":{"total_units":80,"total_revenue":1703.5250854492188,"total_cost":835.0,"total_discounts":546.4749908447266,"total_profit":868.5250091552734,"overall_margin":51.0,"fp_margin":68.4000015258789,"disc_margin":43.29999923706055,"pct_full_price":30.5,"avg_discount_rate":24.299999237060547,"fp_revenue":518.75,"disc_revenue":1184.7750091552734,"unique_customers":70,"brand":"PARADISE","date_range":"2024-01-01 00:00:00 to 2026-01-31 00:00:00","months_count":14,"avg_monthly_cost":119.275,"cost_per_unit":20.875,"primary_category":"ACCESSORY","primary_cat_margin":61.099998474121094,"category_rank":46,"category_total":136,"margin_vs_category":-10.100000381469727,"velocity_rank":61},"category_breakdown":[{"category_clean":"ACCESSORY","units":36,"revenue":1314.7749328613281,"cost":742.5,"profit":572.2750091552734,"discounts":510.22499084472656,"margin":43.5,"category_avg_margin":61.099998474121094,"vs_category":-17.6,"rank":46.0,"total_brands":136.0}],"trend":[{"period":"2025-07","revenue":752.2750091552734,"cost":328.75,"margin":56.3,"units":32,"transactions":32,"profit":423.52500915527344,"revenue_change_pct":null,"units_change_pct":null,"margin_change_pts":null},{"period":"2025-08","revenue":55.0,"cost":13.75,"margin":75.0,"units":6,"transactions":6,"profit":41.25,"revenue_change_pct":-92.7,"units_change_pct":-81.2,"margin_change_pts":18.7},{"period":"2025-09","revenue":556.25,"cost":355.0,"margin":36.2,"units":10,"transactions":10,"profit":201.25,"revenue_change_pct":911.4,"units_change_pct":66.7,"margin_change_pts":-38.8},{"period":"2025-10","revenue":256.25,"cost":117.5,"margin":54.1,"units":16,"transactions":14,"profit":138.75,"revenue_change_pct":-53.9,"units_change_pct":60.0,"margin_change_pts":18.0},{"period":"2025-11","revenue":37.5,"cost":7.5,"margin":80.0,"units":6,"transactions":6,"profit":30.0,"revenue_change_pct":-85.4,"units_change_pct":-62.5,"margin_change_pts":25.9},{"period":"2025-12","revenue":11.25,"cost":2.5,"margin":77.8,"units":2,"transactions":2,"profit":8.75,"revenue_change_pct":-70.0,"units_change_pct":-66.7,"margin_change_pts":-2.2},{"period":"2026-01","revenue":35.0,"cost":10.0,"margin":71.4,"units":8,"transactions":6,"profit":25.0,"revenue_change_pct":211.1,"units_change_pct":300.0,"margin_change_pts":-6.3}],"share_of_category":[{"category":"ACCESSORY","brand_revenue":1314.7750854492188,"category_revenue":4128754.0625,"revenue_share_pct":0.0,"brand_units":36,"category_units":2130096,"units_share_pct":0.0},{"category":0.0,"brand_revenue":0.0,"category_revenue":0.0,"revenue_share_pct":0.0,"brand_units":0,"category_units":0,"units_share_pct":0.0}],"share_of_category_trend":{"ACCESSORY":[{"period":"2024-01","brand_revenue":0.0,"category_revenue":153543.9453125,"share_pct":0.0},{"period":"2024-02","brand_revenue":0.0,"category_revenue":152399.47265625,"share_pct":0.0},{"period":"2024-03","brand_revenue":0.0,"category_revenue":154678.876953125,"share_pct":0.0},{"period":"2024-04","brand_revenue":0.0,"category_revenue":163353.65234375,"share_pct":0.0},{"period":"2024-05","brand_revenue":0.0,"category_revenue":179676.4453125,"share_pct":0.0},{"period":"2024-06","brand_revenue":0.0,"category_revenue":185008.828125,"share_pct":0.0},{"period":"2024-07","brand_revenue":0.0,"category_revenue":186675.46875,"share_pct":0.0},{"period":"2024-08","brand_revenue":0.0,"category_revenue":180226.328125,"share_pct":0.0},{"period":"2024-09","brand_revenue":0.0,"category_revenue":162386.298828125,"share_pct":0.0},{"period":"2024-10","brand_revenue":0.0,"category_revenue":166088.73046875,"share_pct":0.0},{"period":"2024-11","brand_revenue":0.0,"category_revenue":171706.09375,"share_pct":0.0},{"period":"2024-12","brand_revenue":0.0,"category_revenue":176502.03125,"share_pct":0.0},{"period":"2025-01","brand_revenue":0.0,"category_revenue":167261.34765625,"share_pct":0.0},{"period":"2025-02","brand_revenue":0.0,"category_revenue":155260.927734375,"share_pct":0.0},{"period":"2025-03","brand_revenue":0.0,"category_revenue":176420.390625,"share_pct":0.0},{"period":"2025-04","brand_revenue":0.0,"category_revenue":182694.82421875,"share_pct":0.0},{"period":"2025-05","brand_revenue":0.0,"category_revenue":179904.4921875,"share_pct":0.0},{"period":"2025-06","brand_revenue":0.0,"category_revenue":161148.75,"share_pct":0.0},{"period":"2025-07","brand_revenue":556.0250091552734,"category_revenue":165549.8046875,"share_pct":0.30000001192092896},{"period":"2025-08","brand_revenue":0.0,"category_revenue":171752.05078125,"share_pct":0.0},{"period":"2025-09","brand_revenue":537.5,"category_revenue":168198.9453125,"share_pct":0.30000001192092896},{"period":"2025-10","brand_revenue":175.0,"category_revenue":171844.55078125,"share_pct":0.10000000149011612},{"period":"2025-11","brand_revenue":0.0,"category_revenue":172839.74609375,"share_pct":0.0},{"period":"2025-12","brand_revenue":11.25,"category_revenue":141954.873046875,"share_pct":0.0},{"period":"2026-01","brand_revenue":35.0,"category_revenue":81677.1484375,"share_pct":0.0}]},"discount_depth":[{"tier":"0% (Full Price)","transactions":36,"pct_of_transactions":47.4,"revenue":518.75,"avg_discount":0.0},{"tier":"1-10%","transactions":10,"pct_of_transactions":13.2,"revenue":129.375,"avg_discount":20.0},{"tier":"11-20%","transactions":4,"pct_of_transactions":5.3,"revenue":40.0,"avg_discount":40.0},{"tier":"21-30%","transactions":0,"pct_of_transactions":0.0,"revenue":0.0,"avg_discount":0},{"tier":"31%+","transactions":4,"pct_of_transactions":5.3,"revenue":332.90000915527344,"avg_discount":81.80000305175781}],"velocity":{"units_per_day":0.4,"revenue_per_day":8.525000214576721,"avg_units_per_txn":2.1,"days_of_data":200,"total_units":80,"total_transactions":76},"velocity_by_category":[{"category":"ACCESSORY","brand_units_per_day":0.04,"category_avg_units_per_day":20.56,"velocity_index":0.2,"brand_rev_per_unit":29.22,"category_rev_per_unit":1.55,"brands_in_category":136},{"category":0.0,"brand_units_per_day":0.0,"category_avg_units_per_day":0,"velocity_index":0,"brand_rev_per_unit":0.0,"category_rev_per_unit":0.0,"brands_in_category":0}],"deals":[{"deal_name":"Senior - 10% Off","times_used":12,"units":14.0,"revenue":316.875,"discounts":139.375,"cost":191.25,"profit":125.625,"pre_discount_revenue":456.25,"margin":39.6,"avg_discount":61.0},{"deal_name":"Jackpot - Locals 30% Off","times_used":8,"units":10.0,"revenue":122.5,"discounts":52.5,"cost":58.75,"profit":63.75,"pre_discount_revenue":175.0,"margin":52.0,"avg_discount":60.0},{"deal_name":"Industry 30% Off","times_used":4,"units":4.0,"revenue":17.5,"discounts":7.5,"cost":5.0,"profit":12.5,"pre_discount_revenue":25.0,"margin":71.4,"avg_discount":60.0},{"deal_name":"Senior / Veterans - 20% Off","times_used":4,"units":4.0,"revenue":40.0,"discounts":10.0,"cost":11.25,"profit":28.75,"pre_discount_revenue":50.0,"margin":71.9,"avg_discount":40.0}],"top_products":[{"product":"GLYCERIN DAB RIG - PARADISE","units":8,"revenue":670.4000091552734,"cost":400.0,"profit":270.40000915527344,"transactions":8,"margin":40.29999923706055},{"product":"PIPE KIT","units":54,"revenue":435.0,"cost":105.0,"profit":330.0,"transactions":50,"margin":75.9000015258789},{"product":"WOODEN GANDALF PIPE","units":16,"revenue":410.625,"cost":180.0,"profit":230.625,"transactions":16,"margin":56.20000076293945},{"product":"LAVA LAMP BONG","units":2,"revenue":187.5,"cost":150.0,"profit":37.5,"transactions":2,"margin":20.0}],"products_by_store":{"Elevation Oasis":[{"product":"GLYCERIN DAB RIG - PARADISE","units":8,"revenue":670.4000091552734,"cost":400.0,"profit":270.40000915527344,"transactions":8,"margin":40.29999923706055},{"product":"PIPE KIT","units":54,"revenue":435.0,"cost":105.0,"profit":330.0,"transactions":50,"margin":75.9000015258789},{"product":"WOODEN GANDALF PIPE","units":16,"revenue":410.625,"cost":180.0,"profit":230.625,"transactions":16,"margin":56.20000076293945},{"product":"LAVA LAMP BONG","units":2,"revenue":187.5,"cost":150.0,"profit":37.5,"transactions":2,"margin":20.0}]},"store_summary":[{"store_clean":"Elevation Oasis","units":80,"revenue":1703.5249328613281,"cost":835.0,"profit":868.5250091552734,"discounts":546.4749908447266,"margin":51.0,"discount_rate":24.299999237060547}],"recommendations":[{"severity":"red","title":"ACCESSORY: BELOW CATEGORY AVERAGE","detail":"Margin (43.5%) is 18 pts below ACCESSORY average. Ranked #46 of 136. Strong case for cost negotiation.","action":"Request 9% cost reduction or evaluate alternative ACCESSORY brands."},{"severity":"yellow","title":"CATEGORY BENCHMARK GAP","detail":"Overall margin (51.0%) trails ACCESSORY average (61.1%) by 10.1 pts.","action":"Negotiate cost reduction or increase retail price."}],"comparison":null}