{"brand":"GLASSHOUSE","date_range":"2024-01-01 00:00:00 to 2026-01-31 00:00:00","period_label":"All Time","summary":{"total_units":28,"total_revenue":636.25,"total_cost":305.625,"total_discounts":188.75,"total_profit":330.625,"overall_margin":52.0,"fp_margin":58.5,"disc_margin":41.70000076293945,"pct_full_price":60.900001525878906,"avg_discount_rate":22.899999618530273,"fp_revenue":387.5,"disc_revenue":248.75,"unique_customers":28,"brand":"GLASSHOUSE","date_range":"2024-01-01 00:00:00 to 2026-01-31 00:00:00","months_count":16,"avg_monthly_cost":38.199999999999996,"cost_per_unit":21.825000000000003,"primary_category":"ACCESSORY","primary_cat_margin":61.099998474121094,"category_rank":61,"category_total":136,"margin_vs_category":-9.100000381469727,"velocity_rank":71},"category_breakdown":[{"category_clean":"ACCESSORY","units":28,"revenue":636.25,"cost":305.625,"profit":330.625,"discounts":188.75,"margin":52.0,"category_avg_margin":61.099998474121094,"vs_category":-9.1,"rank":61.0,"total_brands":136.0}],"trend":[{"period":"2025-02","revenue":137.5,"cost":62.5,"margin":54.5,"units":2,"transactions":2,"profit":75.0,"revenue_change_pct":null,"units_change_pct":null,"margin_change_pts":null},{"period":"2025-03","revenue":137.5,"cost":62.5,"margin":54.5,"units":2,"transactions":2,"profit":75.0,"revenue_change_pct":0,"units_change_pct":0,"margin_change_pts":0.0},{"period":"2025-04","revenue":68.75,"cost":50.0,"margin":27.3,"units":2,"transactions":2,"profit":18.75,"revenue_change_pct":-50.0,"units_change_pct":0,"margin_change_pts":-27.3},{"period":"2025-07","revenue":90.0,"cost":35.625,"margin":60.4,"units":6,"transactions":6,"profit":54.375,"revenue_change_pct":30.9,"units_change_pct":200.0,"margin_change_pts":33.1},{"period":"2025-09","revenue":75.0,"cost":23.75,"margin":68.3,"units":4,"transactions":4,"profit":51.25,"revenue_change_pct":-16.7,"units_change_pct":-33.3,"margin_change_pts":7.9},{"period":"2025-11","revenue":18.75,"cost":11.875,"margin":36.7,"units":2,"transactions":2,"profit":6.875,"revenue_change_pct":-75.0,"units_change_pct":-50.0,"margin_change_pts":-31.7},{"period":"2025-12","revenue":82.5,"cost":47.5,"margin":42.4,"units":8,"transactions":8,"profit":35.0,"revenue_change_pct":340.0,"units_change_pct":300.0,"margin_change_pts":5.8},{"period":"2026-01","revenue":26.25,"cost":11.875,"margin":54.8,"units":2,"transactions":2,"profit":14.375,"revenue_change_pct":-68.2,"units_change_pct":-75.0,"margin_change_pts":12.3}],"share_of_category":[{"category":"ACCESSORY","brand_revenue":636.25,"category_revenue":4128754.0625,"revenue_share_pct":0.0,"brand_units":28,"category_units":2130096,"units_share_pct":0.0}],"share_of_category_trend":{"ACCESSORY":[{"period":"2024-01","brand_revenue":0.0,"category_revenue":153543.9453125,"share_pct":0.0},{"period":"2024-02","brand_revenue":0.0,"category_revenue":152399.47265625,"share_pct":0.0},{"period":"2024-03","brand_revenue":0.0,"category_revenue":154678.876953125,"share_pct":0.0},{"period":"2024-04","brand_revenue":0.0,"category_revenue":163353.65234375,"share_pct":0.0},{"period":"2024-05","brand_revenue":0.0,"category_revenue":179676.4453125,"share_pct":0.0},{"period":"2024-06","brand_revenue":0.0,"category_revenue":185008.828125,"share_pct":0.0},{"period":"2024-07","brand_revenue":0.0,"category_revenue":186675.46875,"share_pct":0.0},{"period":"2024-08","brand_revenue":0.0,"category_revenue":180226.328125,"share_pct":0.0},{"period":"2024-09","brand_revenue":0.0,"category_revenue":162386.298828125,"share_pct":0.0},{"period":"2024-10","brand_revenue":0.0,"category_revenue":166088.73046875,"share_pct":0.0},{"period":"2024-11","brand_revenue":0.0,"category_revenue":171706.09375,"share_pct":0.0},{"period":"2024-12","brand_revenue":0.0,"category_revenue":176502.03125,"share_pct":0.0},{"period":"2025-01","brand_revenue":0.0,"category_revenue":167261.34765625,"share_pct":0.0},{"period":"2025-02","brand_revenue":137.5,"category_revenue":155260.927734375,"share_pct":0.10000000149011612},{"period":"2025-03","brand_revenue":137.5,"category_revenue":176420.390625,"share_pct":0.10000000149011612},{"period":"2025-04","brand_revenue":68.75,"category_revenue":182694.82421875,"share_pct":0.0},{"period":"2025-05","brand_revenue":0.0,"category_revenue":179904.4921875,"share_pct":0.0},{"period":"2025-06","brand_revenue":0.0,"category_revenue":161148.75,"share_pct":0.0},{"period":"2025-07","brand_revenue":90.0,"category_revenue":165549.8046875,"share_pct":0.10000000149011612},{"period":"2025-08","brand_revenue":0.0,"category_revenue":171752.05078125,"share_pct":0.0},{"period":"2025-09","brand_revenue":75.0,"category_revenue":168198.9453125,"share_pct":0.0},{"period":"2025-10","brand_revenue":0.0,"category_revenue":171844.55078125,"share_pct":0.0},{"period":"2025-11","brand_revenue":18.75,"category_revenue":172839.74609375,"share_pct":0.0},{"period":"2025-12","brand_revenue":82.5,"category_revenue":141954.873046875,"share_pct":0.10000000149011612},{"period":"2026-01","brand_revenue":26.25,"category_revenue":81677.1484375,"share_pct":0.0}]},"discount_depth":[{"tier":"0% (Full Price)","transactions":10,"pct_of_transactions":35.7,"revenue":387.5,"avg_discount":0.0},{"tier":"1-10%","transactions":0,"pct_of_transactions":0.0,"revenue":0.0,"avg_discount":0},{"tier":"11-20%","transactions":0,"pct_of_transactions":0.0,"revenue":0.0,"avg_discount":0},{"tier":"21-30%","transactions":0,"pct_of_transactions":0.0,"revenue":0.0,"avg_discount":0},{"tier":"31%+","transactions":10,"pct_of_transactions":35.7,"revenue":143.75,"avg_discount":100.0}],"velocity":{"units_per_day":0.08,"revenue_per_day":1.899999976158142,"avg_units_per_txn":2.0,"days_of_data":333,"total_units":28,"total_transactions":28},"velocity_by_category":[{"category":"ACCESSORY","brand_units_per_day":0.04,"category_avg_units_per_day":20.56,"velocity_index":0.2,"brand_rev_per_unit":18.18,"category_rev_per_unit":1.55,"brands_in_category":136}],"deals":[{"deal_name":"Industry 30% Off","times_used":6,"units":6.0,"revenue":78.75,"discounts":33.75,"cost":35.625,"profit":43.125,"pre_discount_revenue":112.5,"margin":54.8,"avg_discount":60.0}],"top_products":[{"product":"ASH CATCHER - GLASSHOUSE","units":6,"revenue":343.75,"cost":175.0,"profit":168.75,"transactions":6,"margin":49.099998474121094},{"product":"ASH CATCHER","units":22,"revenue":292.5,"cost":130.625,"profit":161.875,"transactions":22,"margin":55.29999923706055}],"products_by_store":{"Elevation Oasis":[{"product":"ASH CATCHER - GLASSHOUSE","units":6,"revenue":343.75,"cost":175.0,"profit":168.75,"transactions":6,"margin":49.099998474121094}],"Elevation Boulevard":[{"product":"ASH CATCHER","units":22,"revenue":292.5,"cost":130.625,"profit":161.875,"transactions":22,"margin":55.29999923706055}]},"store_summary":[{"store_clean":"Elevation Oasis","units":6,"revenue":343.75,"cost":175.0,"profit":168.75,"discounts":68.75,"margin":49.099998474121094,"discount_rate":16.700000762939453},{"store_clean":"Elevation Boulevard","units":22,"revenue":292.5,"cost":130.625,"profit":161.875,"discounts":120.0,"margin":55.29999923706055,"discount_rate":29.100000381469727}],"recommendations":[{"severity":"yellow","title":"CATEGORY BENCHMARK GAP","detail":"Overall margin (52.0%) trails ACCESSORY average (61.1%) by 9.1 pts.","action":"Negotiate cost reduction or increase retail price."}],"comparison":null}