{"brand":"GREENWAY MEDICAL","date_range":"2024-01-01 00:00:00 to 2026-01-31 00:00:00","period_label":"All Time","summary":{"total_units":32246,"total_revenue":1397442.65625,"total_cost":791993.75,"total_discounts":440498.59375,"total_profit":605448.90625,"overall_margin":43.29999923706055,"fp_margin":57.0,"disc_margin":36.70000076293945,"pct_full_price":32.70000076293945,"avg_discount_rate":24.0,"fp_revenue":456451.25,"disc_revenue":940991.40625,"brand":"GREENWAY MEDICAL","date_range":"2024-01-01 00:00:00 to 2026-01-31 00:00:00","primary_category":"FLOWER","store_coverage":"6/7","stores_present":["Elevation Springs","Elevation Mesa","Elevation Oasis","Elevation Midtown","Elevation Boulevard","Elevation Parkway"],"stores_missing":["Elevation Downtown"],"velocity_rank":20,"velocity_total":64},"distribution":[{"store":"Elevation Springs","carries_brand":true,"sku_count":20,"revenue":240272.265625,"units":5790,"store_total_revenue":51138750.0,"brand_share_pct":0.5},{"store":"Elevation Mesa","carries_brand":true,"sku_count":20,"revenue":228928.65234375,"units":5506,"store_total_revenue":47532240.0,"brand_share_pct":0.5},{"store":"Elevation Oasis","carries_brand":true,"sku_count":24,"revenue":275802.67578125,"units":6190,"store_total_revenue":56050145.0,"brand_share_pct":0.5},{"store":"Elevation Downtown","carries_brand":false,"sku_count":0,"revenue":0.0,"units":0,"store_total_revenue":1945237.1875,"brand_share_pct":0},{"store":"Elevation Midtown","carries_brand":true,"sku_count":28,"revenue":312786.9921875,"units":7038,"store_total_revenue":30850185.0,"brand_share_pct":1.0},{"store":"Elevation Boulevard","carries_brand":true,"sku_count":20,"revenue":133409.6484375,"units":3196,"store_total_revenue":28757865.0,"brand_share_pct":0.5},{"store":"Elevation Parkway","carries_brand":true,"sku_count":18,"revenue":206242.421875,"units":4526,"store_total_revenue":21987007.5,"brand_share_pct":0.8999999761581421}],"share_of_category":[{"category":"FLOWER","brand_revenue":1397442.65625,"category_revenue":77755450.0,"revenue_share_pct":1.7999999523162842,"brand_units":32246,"category_units":2708446,"units_share_pct":1.2}],"share_of_category_trend":{"FLOWER":[{"period":"2024-01","brand_revenue":33651.6259765625,"category_revenue":3552357.8125,"share_pct":0.8999999761581421},{"period":"2024-02","brand_revenue":133125.2734375,"category_revenue":3535245.625,"share_pct":3.799999952316284},{"period":"2024-03","brand_revenue":80570.2978515625,"category_revenue":3693805.625,"share_pct":2.200000047683716},{"period":"2024-04","brand_revenue":94023.623046875,"category_revenue":3541899.6875,"share_pct":2.700000047683716},{"period":"2024-05","brand_revenue":114815.751953125,"category_revenue":3537479.375,"share_pct":3.200000047683716},{"period":"2024-06","brand_revenue":102478.603515625,"category_revenue":3403269.6875,"share_pct":3.0},{"period":"2024-07","brand_revenue":108393.173828125,"category_revenue":3457705.9375,"share_pct":3.0999999046325684},{"period":"2024-08","brand_revenue":97581.376953125,"category_revenue":3453819.375,"share_pct":2.799999952316284},{"period":"2024-09","brand_revenue":72319.6240234375,"category_revenue":3316441.5625,"share_pct":2.200000047683716},{"period":"2024-10","brand_revenue":68954.6240234375,"category_revenue":3585775.0,"share_pct":1.899999976158142},{"period":"2024-11","brand_revenue":103635.99609375,"category_revenue":3454855.3125,"share_pct":3.0},{"period":"2024-12","brand_revenue":94293.203125,"category_revenue":3226567.8125,"share_pct":2.9000000953674316},{"period":"2025-01","brand_revenue":57894.501953125,"category_revenue":2984938.125,"share_pct":1.899999976158142},{"period":"2025-02","brand_revenue":32268.47412109375,"category_revenue":2816220.0,"share_pct":1.100000023841858},{"period":"2025-03","brand_revenue":48266.875,"category_revenue":2911379.6875,"share_pct":1.7000000476837158},{"period":"2025-04","brand_revenue":57468.5986328125,"category_revenue":3118895.3125,"share_pct":1.7999999523162842},{"period":"2025-05","brand_revenue":66095.9521484375,"category_revenue":2887345.0,"share_pct":2.299999952316284},{"period":"2025-06","brand_revenue":25630.32470703125,"category_revenue":2773698.125,"share_pct":0.8999999761581421},{"period":"2025-07","brand_revenue":4221.000061035156,"category_revenue":2782763.125,"share_pct":0.20000000298023224},{"period":"2025-08","brand_revenue":675.0,"category_revenue":2733122.8125,"share_pct":0.0},{"period":"2025-09","brand_revenue":420.0,"category_revenue":2603501.5625,"share_pct":0.0},{"period":"2025-10","brand_revenue":210.0,"category_revenue":2663705.0,"share_pct":0.0},{"period":"2025-11","brand_revenue":448.75,"category_revenue":2700189.0625,"share_pct":0.0},{"period":"2025-12","brand_revenue":0.0,"category_revenue":2515209.53125,"share_pct":0.0},{"period":"2026-01","brand_revenue":0.0,"category_revenue":2505261.875,"share_pct":0.0}]},"velocity_by_category":[{"category":"FLOWER","brand_units_per_day":42.32,"category_avg_units_per_day":55.54,"velocity_index":76.2,"brand_rev_per_unit":34.67,"category_rev_per_unit":22.97,"brands_in_category":64}],"store_gaps":[{"store":"Elevation Downtown","category":"FLOWER","category_revenue_at_store":324929.8828125,"opportunity":"Brand not carried"}],"product_mix":{"top":[{"product":"JUNGLE PIE EIGHTH - GREENWAY MEDICAL","units":12416,"revenue":547597.3828125,"cost":306968.75,"profit":240628.65234375,"stores":6,"transactions":9532,"margin":43.900001525878906},{"product":"ELECTROLIME EIGHTH - GREENWAY MEDICAL","units":7270,"revenue":316091.34765625,"cost":178643.75,"profit":137447.59765625,"stores":6,"transactions":5338,"margin":43.5},{"product":"SUPER BOOF EIGHTH - GREENWAY MEDICAL","units":4116,"revenue":179647.24609375,"cost":102900.0,"profit":76747.2509765625,"stores":6,"transactions":3348,"margin":42.70000076293945},{"product":"CHEM DE LA CHEM EIGHTH - GREENWAY MEDICAL","units":3414,"revenue":145599.501953125,"cost":85350.0,"profit":60249.501953125,"stores":6,"transactions":2484,"margin":41.400001525878906},{"product":"CAP JUNKY EIGHTH - GREENWAY MEDICAL","units":1494,"revenue":58158.6767578125,"cost":32681.25,"profit":25477.42431640625,"stores":6,"transactions":1150,"margin":43.79999923706055},{"product":"MAI TAI EIGHTH - GREENWAY MEDICAL","units":992,"revenue":42309.0478515625,"cost":24800.0,"profit":17509.05029296875,"stores":6,"transactions":824,"margin":41.400001525878906},{"product":"DOSI PUNCH EIGHTH - GREENWAY MEDICAL","units":672,"revenue":29649.7509765625,"cost":16800.0,"profit":12849.749755859375,"stores":4,"transactions":496,"margin":43.29999923706055},{"product":"APPLES AND BANANAS EIGHTH - GREENWAY MEDICAL","units":410,"revenue":16510.12451171875,"cost":10250.0,"profit":6260.1251220703125,"stores":6,"transactions":342,"margin":37.900001525878906},{"product":"2090 $HIT EIGHTH - GREENWAY MEDICAL","units":350,"revenue":14998.87451171875,"cost":7656.25,"profit":7342.6251220703125,"stores":5,"transactions":312,"margin":49.0},{"product":"DIVORCE CAKE EIGHTH - GREENWAY MEDICAL","units":260,"revenue":12070.875244140625,"cost":6500.0,"profit":5570.875244140625,"stores":3,"transactions":216,"margin":46.20000076293945},{"product":"GARLIC COCKTAIL EIGHTH - GREENWAY MEDICAL","units":248,"revenue":10298.24951171875,"cost":5425.0,"profit":4873.249816894531,"stores":4,"transactions":222,"margin":47.29999923706055},{"product":"DANTES INFERNO EIGHTH - GREENWAY MEDICAL","units":200,"revenue":8265.0,"cost":5000.0,"profit":3265.0,"stores":2,"transactions":134,"margin":39.5},{"product":"MAC AND GARY EIGHTH - GREENWAY MEDICAL","units":198,"revenue":7232.9248046875,"cost":4331.25,"profit":2901.6751098632812,"stores":2,"transactions":162,"margin":40.099998474121094},{"product":"MULE FUEL EIGHTH - GREENWAY MEDICIAL","units":148,"revenue":6534.5001220703125,"cost":3237.5,"profit":3296.9998168945312,"stores":2,"transactions":118,"margin":50.5},{"product":"TRIANGLE MINTS EIGHTH - GREENWAY MEDICAL","units":58,"revenue":2479.1250610351562,"cost":1450.0,"profit":1029.124984741211,"stores":1,"transactions":54,"margin":41.5}],"bottom":[],"expansion":[{"product":"DOSI PUNCH EIGHTH - GREENWAY MEDICAL","current_stores":4,"total_stores":6,"missing_stores":["Elevation Mesa","Elevation Parkway"],"revenue":29649.7509765625},{"product":"2090 $HIT EIGHTH - GREENWAY MEDICAL","current_stores":5,"total_stores":6,"missing_stores":["Elevation Boulevard"],"revenue":14998.87451171875},{"product":"DIVORCE CAKE EIGHTH - GREENWAY MEDICAL","current_stores":3,"total_stores":6,"missing_stores":["Elevation Springs","Elevation Mesa","Elevation Parkway"],"revenue":12070.875244140625},{"product":"GARLIC COCKTAIL EIGHTH - GREENWAY MEDICAL","current_stores":4,"total_stores":6,"missing_stores":["Elevation Boulevard","Elevation Parkway"],"revenue":10298.24951171875},{"product":"DANTES INFERNO EIGHTH - GREENWAY MEDICAL","current_stores":2,"total_stores":6,"missing_stores":["Elevation Springs","Elevation Mesa","Elevation Boulevard","Elevation Parkway"],"revenue":8265.0},{"product":"MAC AND GARY EIGHTH - GREENWAY MEDICAL","current_stores":2,"total_stores":6,"missing_stores":["Elevation Springs","Elevation Oasis","Elevation Boulevard","Elevation Parkway"],"revenue":7232.9248046875},{"product":"MULE FUEL EIGHTH - GREENWAY MEDICIAL","current_stores":2,"total_stores":6,"missing_stores":["Elevation Springs","Elevation Mesa","Elevation Oasis","Elevation Boulevard"],"revenue":6534.5001220703125}]},"pricing_consistency":[{"product":"MAI TAI EIGHTH - GREENWAY MEDICAL","min_price":77.85213797433036,"max_price":108.2735918153007,"avg_price":86.86075020172787,"std_dev":4.517388358331373,"store_count":12,"price_range":30.421453840970347,"range_pct":35.0},{"product":"DIVORCE CAKE EIGHTH - GREENWAY MEDICAL","min_price":76.75337507918074,"max_price":106.43889024522568,"avg_price":91.9061023303577,"std_dev":5.940985726344053,"store_count":6,"price_range":29.68551516604494,"range_pct":32.3},{"product":"GARLIC COCKTAIL EIGHTH - GREENWAY MEDICAL","min_price":74.060009765625,"max_price":96.73999633789063,"avg_price":83.72875213623047,"std_dev":3.8233829222161995,"store_count":8,"price_range":22.679986572265626,"range_pct":27.1},{"product":"SUPER BOOF EIGHTH - GREENWAY MEDICAL","min_price":79.93489583333333,"max_price":94.11995515695068,"avg_price":86.38439248629565,"std_dev":2.465594579339263,"store_count":12,"price_range":14.18505932361735,"range_pct":16.4},{"product":"ELECTROLIME EIGHTH - GREENWAY MEDICAL","min_price":81.83376044984075,"max_price":94.70142869294389,"avg_price":86.82650197062351,"std_dev":1.8731962782765323,"store_count":12,"price_range":12.867668243103125,"range_pct":14.8},{"product":"DOSI PUNCH EIGHTH - GREENWAY MEDICAL","min_price":79.57236842105263,"max_price":91.89500122070312,"avg_price":87.22789959412033,"std_dev":2.242504909406361,"store_count":8,"price_range":12.32263279965049,"range_pct":14.1},{"product":"APPLES AND BANANAS EIGHTH - GREENWAY MEDICAL","min_price":76.625,"max_price":87.63999633789062,"avg_price":79.65423550075955,"std_dev":1.6695392643447464,"store_count":12,"price_range":11.014996337890626,"range_pct":13.8},{"product":"CAP JUNKY EIGHTH - GREENWAY MEDICAL","min_price":73.46499633789062,"max_price":83.92999877929688,"avg_price":78.46556110106907,"std_dev":1.3601172038955298,"store_count":12,"price_range":10.46500244140625,"range_pct":13.3},{"product":"MAC AND GARY EIGHTH - GREENWAY MEDICAL","min_price":66.64700317382812,"max_price":75.22634970175253,"avg_price":70.93667643779033,"std_dev":2.426605643217844,"store_count":4,"price_range":8.579346527924407,"range_pct":12.1},{"product":"CHEM DE LA CHEM EIGHTH - GREENWAY MEDICAL","min_price":79.60552265117695,"max_price":89.45027894078038,"avg_price":84.74407558097262,"std_dev":1.6212957911100554,"store_count":12,"price_range":9.844756289603431,"range_pct":11.6},{"product":"2090 $HIT EIGHTH - GREENWAY MEDICAL","min_price":80.04500732421874,"max_price":89.64500122070312,"avg_price":85.17800537109375,"std_dev":1.47668429249893,"store_count":10,"price_range":9.599993896484378,"range_pct":11.3},{"product":"DANTES INFERNO EIGHTH - GREENWAY MEDICAL","min_price":78.65,"max_price":86.64999999999999,"avg_price":82.65,"std_dev":2.2627416997969467,"store_count":4,"price_range":7.999999999999989,"range_pct":9.7},{"product":"JUNGLE PIE EIGHTH - GREENWAY MEDICAL","min_price":84.22300561964795,"max_price":92.69246160098194,"avg_price":88.11047873093358,"std_dev":1.3064855824555826,"store_count":12,"price_range":8.469455981334004,"range_pct":9.6},{"product":"MULE FUEL EIGHTH - GREENWAY MEDICIAL","min_price":85.02084732055664,"max_price":89.87999877929688,"avg_price":87.45042304992677,"std_dev":1.374375578915092,"store_count":4,"price_range":4.859151458740243,"range_pct":5.6}],"promotional_effectiveness":{"lift":{"fp_units_per_day":15.92,"disc_units_per_day":44.5,"lift_pct":179.5,"fp_avg_revenue_per_unit":114.225,"disc_avg_revenue_per_unit":77.6},"by_deal":[{"deal_name":"Greenway Medical 1/4 for $60","uses":2175,"revenue":383509.74999427795,"discounts":208690.2499961853,"units":10227.0,"cost":255637.5,"margin":33.3,"discount_depth":70.4},{"deal_name":"Industry - 30% Off","uses":1603,"revenue":164607.57754325867,"discounts":70736.17585897446,"units":4088.0,"cost":101325.0,"margin":38.4,"discount_depth":60.2},{"deal_name":"Senior - 10% Off","uses":312,"revenue":48427.50100135803,"discounts":5539.999884366989,"units":949.0,"cost":23256.25,"margin":52.0,"discount_depth":20.6},{"deal_name":"4/20 2025 - Flower / Infused","uses":278,"revenue":23203.35000038147,"discounts":23286.64999961853,"units":886.0,"cost":19600.0,"margin":15.5,"discount_depth":100.2},{"deal_name":"Greenway Medical 1/4 for $70","uses":227,"revenue":44504.7500038147,"discounts":8920.249999761581,"units":1018.0,"cost":22587.5,"margin":49.2,"discount_depth":33.4},{"deal_name":"4/20 50% Off!!!!","uses":226,"revenue":19895.0,"discounts":19895.0,"units":692.0,"cost":17300.0,"margin":13.0,"discount_depth":100.0},{"deal_name":"Industry 30% Off","uses":171,"revenue":15905.99980354309,"discounts":6979.000177383423,"units":436.0,"cost":9543.75,"margin":40.0,"discount_depth":61.0},{"deal_name":"Senior / Veterans - 20% Off","uses":159,"revenue":20543.49956035614,"discounts":5148.999891281128,"units":452.0,"cost":11087.5,"margin":46.0,"discount_depth":40.0},{"deal_name":"30% Off Special","uses":153,"revenue":11451.999955177307,"discounts":4908.000049591064,"units":332.0,"cost":8068.75,"margin":29.5,"discount_depth":60.0},{"deal_name":"$50 Greenway Medical 1/4","uses":147,"revenue":22115.0,"discounts":18480.0,"units":706.0,"cost":17650.0,"margin":20.2,"discount_depth":91.0},{"deal_name":"Veterans - 10% Off","uses":105,"revenue":13431.375284194946,"discounts":1492.3749721050262,"units":260.0,"cost":6425.0,"margin":52.2,"discount_depth":20.0},{"deal_name":"Jackpot - Locals 30% Off","uses":75,"revenue":8402.62511253357,"discounts":3601.125054359436,"units":212.0,"cost":5156.25,"margin":38.6,"discount_depth":60.0},{"deal_name":"Employee 30% - NOT FRIDAYS","uses":32,"revenue":2947.000026702881,"discounts":1263.0000257492065,"units":76.0,"cost":1793.75,"margin":39.1,"discount_depth":60.0},{"deal_name":"Employee - 40% OFF","uses":29,"revenue":2444.325051307678,"discounts":1644.424958229065,"units":74.0,"cost":1762.5,"margin":27.9,"discount_depth":80.4},{"deal_name":"LVAC - 25% Off","uses":10,"revenue":1121.25,"discounts":373.75,"units":26.0,"cost":650.0,"margin":42.0,"discount_depth":50.0},{"deal_name":"40% Off Flower Blowout","uses":8,"revenue":434.375,"discounts":315.625,"units":15.0,"cost":328.125,"margin":24.5,"discount_depth":84.2},{"deal_name":"Veterans Day - 30% Off For Veterans!","uses":4,"revenue":322.00000762939453,"discounts":138.00000190734863,"units":8.0,"cost":200.0,"margin":37.9,"discount_depth":60.0},{"deal_name":"Medical - 10%","uses":1,"revenue":103.50000381469727,"discounts":11.499999761581421,"units":2.0,"cost":50.0,"margin":51.7,"discount_depth":20.0},{"deal_name":"Store Credit - $25","uses":1,"revenue":14.375,"discounts":35.625,"units":1.0,"cost":21.875,"margin":-52.2,"discount_depth":142.4}]},"growth_opportunities":[{"type":"distribution","title":"Expand to Elevation Downtown","detail":"Store has $129,972 in FLOWER \u2014 categories where GREENWAY MEDICAL competes.","priority":"high"},{"type":"sku_expansion","title":"Add '2090 $HIT EIGHTH - GREENWAY MEDICAL' to 1 more store(s)","detail":"Carried in 5 stores. Missing from: Elevation Boulevard","priority":"medium"},{"type":"sku_expansion","title":"Add 'DANTES INFERNO EIGHTH - GREENWAY MEDICAL' to 4 more store(s)","detail":"Carried in 2 stores. Missing from: Elevation Springs, Elevation Mesa, Elevation Boulevard, Elevation Parkway","priority":"medium"},{"type":"sku_expansion","title":"Add 'DIVORCE CAKE EIGHTH - GREENWAY MEDICAL' to 3 more store(s)","detail":"Carried in 3 stores. Missing from: Elevation Springs, Elevation Mesa, Elevation Parkway","priority":"medium"},{"type":"sku_expansion","title":"Add 'DOSI PUNCH EIGHTH - GREENWAY MEDICAL' to 2 more store(s)","detail":"Carried in 4 stores. Missing from: Elevation Mesa, Elevation Parkway","priority":"medium"},{"type":"sku_expansion","title":"Add 'GARLIC COCKTAIL EIGHTH - GREENWAY MEDICAL' to 2 more store(s)","detail":"Carried in 4 stores. Missing from: Elevation Boulevard, Elevation Parkway","priority":"medium"},{"type":"velocity","title":"Improve velocity in FLOWER","detail":"Velocity index 76 (below category average). 21.2 units/day vs 27.8 avg.","priority":"medium"}],"trend":[{"period":"2024-01","revenue":33651.6259765625,"cost":17350.0,"margin":48.4,"units":694,"transactions":552,"profit":16301.624755859375,"revenue_change_pct":null,"units_change_pct":null,"margin_change_pts":null},{"period":"2024-02","revenue":133125.2734375,"cost":77400.0,"margin":41.9,"units":3096,"transactions":1840,"profit":55725.2734375,"revenue_change_pct":295.6,"units_change_pct":346.1,"margin_change_pts":-6.6},{"period":"2024-03","revenue":80570.2978515625,"cost":44150.0,"margin":45.2,"units":1766,"transactions":1222,"profit":36420.30029296875,"revenue_change_pct":-39.5,"units_change_pct":-43.0,"margin_change_pts":3.3},{"period":"2024-04","revenue":94023.623046875,"cost":54250.0,"margin":42.3,"units":2170,"transactions":1636,"profit":39773.62548828125,"revenue_change_pct":16.7,"units_change_pct":22.9,"margin_change_pts":-2.9},{"period":"2024-05","revenue":114815.751953125,"cost":64600.0,"margin":43.7,"units":2584,"transactions":1606,"profit":50215.751953125,"revenue_change_pct":22.1,"units_change_pct":19.1,"margin_change_pts":1.4},{"period":"2024-06","revenue":102478.603515625,"cost":55800.0,"margin":45.5,"units":2232,"transactions":1452,"profit":46678.5986328125,"revenue_change_pct":-10.7,"units_change_pct":-13.6,"margin_change_pts":1.8},{"period":"2024-07","revenue":108393.173828125,"cost":63300.0,"margin":41.6,"units":2532,"transactions":1502,"profit":45093.173828125,"revenue_change_pct":5.8,"units_change_pct":13.4,"margin_change_pts":-3.9},{"period":"2024-08","revenue":97581.376953125,"cost":50400.0,"margin":48.4,"units":2016,"transactions":1384,"profit":47181.376953125,"revenue_change_pct":-10.0,"units_change_pct":-20.4,"margin_change_pts":6.7},{"period":"2024-09","revenue":72319.6240234375,"cost":40100.0,"margin":44.6,"units":1604,"transactions":1082,"profit":32219.6240234375,"revenue_change_pct":-25.9,"units_change_pct":-20.4,"margin_change_pts":-3.8},{"period":"2024-10","revenue":68954.6240234375,"cost":40950.0,"margin":40.6,"units":1638,"transactions":928,"profit":28004.6240234375,"revenue_change_pct":-4.7,"units_change_pct":2.1,"margin_change_pts":-3.9},{"period":"2024-11","revenue":103635.99609375,"cost":59800.0,"margin":42.3,"units":2392,"transactions":1562,"profit":43836.0009765625,"revenue_change_pct":50.3,"units_change_pct":46.0,"margin_change_pts":1.7},{"period":"2024-12","revenue":94293.203125,"cost":56100.0,"margin":40.5,"units":2244,"transactions":1214,"profit":38193.20068359375,"revenue_change_pct":-9.0,"units_change_pct":-6.2,"margin_change_pts":-1.8},{"period":"2025-01","revenue":57894.501953125,"cost":34950.0,"margin":39.6,"units":1398,"transactions":790,"profit":22944.49951171875,"revenue_change_pct":-38.6,"units_change_pct":-37.7,"margin_change_pts":-0.9},{"period":"2025-02","revenue":32268.47412109375,"cost":19950.0,"margin":38.2,"units":806,"transactions":416,"profit":12318.475341796875,"revenue_change_pct":-44.3,"units_change_pct":-42.3,"margin_change_pts":-1.5},{"period":"2025-03","revenue":48266.875,"cost":24518.75,"margin":49.2,"units":1088,"transactions":788,"profit":23748.125,"revenue_change_pct":49.6,"units_change_pct":35.0,"margin_change_pts":11.0},{"period":"2025-04","revenue":57468.5986328125,"cost":37412.5,"margin":34.9,"units":1680,"transactions":1082,"profit":20056.099853515625,"revenue_change_pct":19.1,"units_change_pct":54.4,"margin_change_pts":-14.3},{"period":"2025-05","revenue":66095.9521484375,"cost":34125.0,"margin":48.4,"units":1548,"transactions":1062,"profit":31970.94970703125,"revenue_change_pct":15.0,"units_change_pct":-7.9,"margin_change_pts":13.5},{"period":"2025-06","revenue":25630.32470703125,"cost":13468.75,"margin":47.4,"units":604,"transactions":462,"profit":12161.57470703125,"revenue_change_pct":-61.2,"units_change_pct":-61.0,"margin_change_pts":-0.9},{"period":"2025-07","revenue":4221.000061035156,"cost":2231.25,"margin":47.1,"units":102,"transactions":94,"profit":1989.7499084472656,"revenue_change_pct":-83.5,"units_change_pct":-83.1,"margin_change_pts":-0.3},{"period":"2025-08","revenue":675.0,"cost":393.75,"margin":41.7,"units":18,"transactions":12,"profit":281.25,"revenue_change_pct":-84.0,"units_change_pct":-82.4,"margin_change_pts":-5.5},{"period":"2025-09","revenue":420.0,"cost":262.5,"margin":37.5,"units":12,"transactions":10,"profit":157.5,"revenue_change_pct":-37.8,"units_change_pct":-33.3,"margin_change_pts":-4.2},{"period":"2025-10","revenue":210.0,"cost":131.25,"margin":37.5,"units":6,"transactions":6,"profit":78.75,"revenue_change_pct":-50.0,"units_change_pct":-50.0,"margin_change_pts":0.0},{"period":"2025-11","revenue":448.75,"cost":350.0,"margin":22.0,"units":16,"transactions":16,"profit":98.75,"revenue_change_pct":113.7,"units_change_pct":166.7,"margin_change_pts":-15.5}]}