{"brand":"GREENWAY MEDICAL","date_range":"2024-01-01 00:00:00 to 2026-01-31 00:00:00","period_label":"All Time","summary":{"total_units":32246,"total_revenue":1397442.65625,"total_cost":791993.75,"total_discounts":440498.59375,"total_profit":605448.90625,"overall_margin":43.29999923706055,"fp_margin":57.0,"disc_margin":36.70000076293945,"pct_full_price":32.70000076293945,"avg_discount_rate":24.0,"fp_revenue":456451.25,"disc_revenue":940991.40625,"unique_customers":13614,"brand":"GREENWAY MEDICAL","date_range":"2024-01-01 00:00:00 to 2026-01-31 00:00:00","months_count":46,"avg_monthly_cost":34434.5,"cost_per_unit":49.125,"primary_category":"FLOWER","primary_cat_margin":54.099998474121094,"category_rank":19,"category_total":64,"margin_vs_category":-10.800000190734863,"velocity_rank":20},"category_breakdown":[{"category_clean":"FLOWER","units":32246,"revenue":1397442.65625,"cost":791993.75,"profit":605448.90625,"discounts":440498.59375,"margin":43.29999923706055,"category_avg_margin":54.099998474121094,"vs_category":-10.8,"rank":19.0,"total_brands":64.0}],"trend":[{"period":"2024-01","revenue":33651.6259765625,"cost":17350.0,"margin":48.4,"units":694,"transactions":552,"profit":16301.624755859375,"revenue_change_pct":null,"units_change_pct":null,"margin_change_pts":null},{"period":"2024-02","revenue":133125.2734375,"cost":77400.0,"margin":41.9,"units":3096,"transactions":1840,"profit":55725.2734375,"revenue_change_pct":295.6,"units_change_pct":346.1,"margin_change_pts":-6.6},{"period":"2024-03","revenue":80570.2978515625,"cost":44150.0,"margin":45.2,"units":1766,"transactions":1222,"profit":36420.30029296875,"revenue_change_pct":-39.5,"units_change_pct":-43.0,"margin_change_pts":3.3},{"period":"2024-04","revenue":94023.623046875,"cost":54250.0,"margin":42.3,"units":2170,"transactions":1636,"profit":39773.62548828125,"revenue_change_pct":16.7,"units_change_pct":22.9,"margin_change_pts":-2.9},{"period":"2024-05","revenue":114815.751953125,"cost":64600.0,"margin":43.7,"units":2584,"transactions":1606,"profit":50215.751953125,"revenue_change_pct":22.1,"units_change_pct":19.1,"margin_change_pts":1.4},{"period":"2024-06","revenue":102478.603515625,"cost":55800.0,"margin":45.5,"units":2232,"transactions":1452,"profit":46678.5986328125,"revenue_change_pct":-10.7,"units_change_pct":-13.6,"margin_change_pts":1.8},{"period":"2024-07","revenue":108393.173828125,"cost":63300.0,"margin":41.6,"units":2532,"transactions":1502,"profit":45093.173828125,"revenue_change_pct":5.8,"units_change_pct":13.4,"margin_change_pts":-3.9},{"period":"2024-08","revenue":97581.376953125,"cost":50400.0,"margin":48.4,"units":2016,"transactions":1384,"profit":47181.376953125,"revenue_change_pct":-10.0,"units_change_pct":-20.4,"margin_change_pts":6.7},{"period":"2024-09","revenue":72319.6240234375,"cost":40100.0,"margin":44.6,"units":1604,"transactions":1082,"profit":32219.6240234375,"revenue_change_pct":-25.9,"units_change_pct":-20.4,"margin_change_pts":-3.8},{"period":"2024-10","revenue":68954.6240234375,"cost":40950.0,"margin":40.6,"units":1638,"transactions":928,"profit":28004.6240234375,"revenue_change_pct":-4.7,"units_change_pct":2.1,"margin_change_pts":-3.9},{"period":"2024-11","revenue":103635.99609375,"cost":59800.0,"margin":42.3,"units":2392,"transactions":1562,"profit":43836.0009765625,"revenue_change_pct":50.3,"units_change_pct":46.0,"margin_change_pts":1.7},{"period":"2024-12","revenue":94293.203125,"cost":56100.0,"margin":40.5,"units":2244,"transactions":1214,"profit":38193.20068359375,"revenue_change_pct":-9.0,"units_change_pct":-6.2,"margin_change_pts":-1.8},{"period":"2025-01","revenue":57894.501953125,"cost":34950.0,"margin":39.6,"units":1398,"transactions":790,"profit":22944.49951171875,"revenue_change_pct":-38.6,"units_change_pct":-37.7,"margin_change_pts":-0.9},{"period":"2025-02","revenue":32268.47412109375,"cost":19950.0,"margin":38.2,"units":806,"transactions":416,"profit":12318.475341796875,"revenue_change_pct":-44.3,"units_change_pct":-42.3,"margin_change_pts":-1.5},{"period":"2025-03","revenue":48266.875,"cost":24518.75,"margin":49.2,"units":1088,"transactions":788,"profit":23748.125,"revenue_change_pct":49.6,"units_change_pct":35.0,"margin_change_pts":11.0},{"period":"2025-04","revenue":57468.5986328125,"cost":37412.5,"margin":34.9,"units":1680,"transactions":1082,"profit":20056.099853515625,"revenue_change_pct":19.1,"units_change_pct":54.4,"margin_change_pts":-14.3},{"period":"2025-05","revenue":66095.9521484375,"cost":34125.0,"margin":48.4,"units":1548,"transactions":1062,"profit":31970.94970703125,"revenue_change_pct":15.0,"units_change_pct":-7.9,"margin_change_pts":13.5},{"period":"2025-06","revenue":25630.32470703125,"cost":13468.75,"margin":47.4,"units":604,"transactions":462,"profit":12161.57470703125,"revenue_change_pct":-61.2,"units_change_pct":-61.0,"margin_change_pts":-0.9},{"period":"2025-07","revenue":4221.000061035156,"cost":2231.25,"margin":47.1,"units":102,"transactions":94,"profit":1989.7499084472656,"revenue_change_pct":-83.5,"units_change_pct":-83.1,"margin_change_pts":-0.3},{"period":"2025-08","revenue":675.0,"cost":393.75,"margin":41.7,"units":18,"transactions":12,"profit":281.25,"revenue_change_pct":-84.0,"units_change_pct":-82.4,"margin_change_pts":-5.5},{"period":"2025-09","revenue":420.0,"cost":262.5,"margin":37.5,"units":12,"transactions":10,"profit":157.5,"revenue_change_pct":-37.8,"units_change_pct":-33.3,"margin_change_pts":-4.2},{"period":"2025-10","revenue":210.0,"cost":131.25,"margin":37.5,"units":6,"transactions":6,"profit":78.75,"revenue_change_pct":-50.0,"units_change_pct":-50.0,"margin_change_pts":0.0},{"period":"2025-11","revenue":448.75,"cost":350.0,"margin":22.0,"units":16,"transactions":16,"profit":98.75,"revenue_change_pct":113.7,"units_change_pct":166.7,"margin_change_pts":-15.5}],"share_of_category":[{"category":"FLOWER","brand_revenue":1397442.65625,"category_revenue":77755450.0,"revenue_share_pct":1.7999999523162842,"brand_units":32246,"category_units":2708446,"units_share_pct":1.2}],"share_of_category_trend":{"FLOWER":[{"period":"2024-01","brand_revenue":33651.6259765625,"category_revenue":3552357.8125,"share_pct":0.8999999761581421},{"period":"2024-02","brand_revenue":133125.2734375,"category_revenue":3535245.625,"share_pct":3.799999952316284},{"period":"2024-03","brand_revenue":80570.2978515625,"category_revenue":3693805.625,"share_pct":2.200000047683716},{"period":"2024-04","brand_revenue":94023.623046875,"category_revenue":3541899.6875,"share_pct":2.700000047683716},{"period":"2024-05","brand_revenue":114815.751953125,"category_revenue":3537479.375,"share_pct":3.200000047683716},{"period":"2024-06","brand_revenue":102478.603515625,"category_revenue":3403269.6875,"share_pct":3.0},{"period":"2024-07","brand_revenue":108393.173828125,"category_revenue":3457705.9375,"share_pct":3.0999999046325684},{"period":"2024-08","brand_revenue":97581.376953125,"category_revenue":3453819.375,"share_pct":2.799999952316284},{"period":"2024-09","brand_revenue":72319.6240234375,"category_revenue":3316441.5625,"share_pct":2.200000047683716},{"period":"2024-10","brand_revenue":68954.6240234375,"category_revenue":3585775.0,"share_pct":1.899999976158142},{"period":"2024-11","brand_revenue":103635.99609375,"category_revenue":3454855.3125,"share_pct":3.0},{"period":"2024-12","brand_revenue":94293.203125,"category_revenue":3226567.8125,"share_pct":2.9000000953674316},{"period":"2025-01","brand_revenue":57894.501953125,"category_revenue":2984938.125,"share_pct":1.899999976158142},{"period":"2025-02","brand_revenue":32268.47412109375,"category_revenue":2816220.0,"share_pct":1.100000023841858},{"period":"2025-03","brand_revenue":48266.875,"category_revenue":2911379.6875,"share_pct":1.7000000476837158},{"period":"2025-04","brand_revenue":57468.5986328125,"category_revenue":3118895.3125,"share_pct":1.7999999523162842},{"period":"2025-05","brand_revenue":66095.9521484375,"category_revenue":2887345.0,"share_pct":2.299999952316284},{"period":"2025-06","brand_revenue":25630.32470703125,"category_revenue":2773698.125,"share_pct":0.8999999761581421},{"period":"2025-07","brand_revenue":4221.000061035156,"category_revenue":2782763.125,"share_pct":0.20000000298023224},{"period":"2025-08","brand_revenue":675.0,"category_revenue":2733122.8125,"share_pct":0.0},{"period":"2025-09","brand_revenue":420.0,"category_revenue":2603501.5625,"share_pct":0.0},{"period":"2025-10","brand_revenue":210.0,"category_revenue":2663705.0,"share_pct":0.0},{"period":"2025-11","brand_revenue":448.75,"category_revenue":2700189.0625,"share_pct":0.0},{"period":"2025-12","brand_revenue":0.0,"category_revenue":2515209.53125,"share_pct":0.0},{"period":"2026-01","brand_revenue":0.0,"category_revenue":2505261.875,"share_pct":0.0}]},"discount_depth":[{"tier":"0% (Full Price)","transactions":6872,"pct_of_transactions":27.8,"revenue":456451.25,"avg_discount":0.0},{"tier":"1-10%","transactions":1424,"pct_of_transactions":5.8,"revenue":94827.8515625,"avg_discount":19.799999237060547},{"tier":"11-20%","transactions":1422,"pct_of_transactions":5.7,"revenue":87104.453125,"avg_discount":36.20000076293945},{"tier":"21-30%","transactions":358,"pct_of_transactions":1.4,"revenue":22115.17578125,"avg_discount":50.79999923706055},{"tier":"31%+","transactions":9084,"pct_of_transactions":36.7,"revenue":474658.3203125,"avg_discount":76.80000305175781}],"velocity":{"units_per_day":47.64,"revenue_per_day":2064.1749572753906,"avg_units_per_txn":3.12,"days_of_data":677,"total_units":32246,"total_transactions":20718},"velocity_by_category":[{"category":"FLOWER","brand_units_per_day":42.32,"category_avg_units_per_day":55.54,"velocity_index":76.2,"brand_rev_per_unit":34.67,"category_rev_per_unit":22.97,"brands_in_category":64}],"deals":[{"deal_name":"Greenway Medical 1/4 for $60","times_used":4350,"units":10227.0,"revenue":383509.74999427795,"discounts":208690.2499961853,"cost":255637.5,"profit":127872.2500038147,"pre_discount_revenue":592200.0,"margin":33.3,"avg_discount":70.4},{"deal_name":"Industry - 30% Off","times_used":3206,"units":4088.0,"revenue":164607.57754325867,"discounts":70736.17585897446,"cost":101325.0,"profit":63282.574137076735,"pre_discount_revenue":235343.75,"margin":38.4,"avg_discount":60.2},{"deal_name":"Senior - 10% Off","times_used":624,"units":949.0,"revenue":48427.50100135803,"discounts":5539.999884366989,"cost":23256.25,"profit":25171.2495136261,"pre_discount_revenue":53967.5,"margin":52.0,"avg_discount":20.6},{"deal_name":"4/20 2025 - Flower / Infused","times_used":556,"units":886.0,"revenue":23203.35000038147,"discounts":23286.64999961853,"cost":19600.0,"profit":3603.3500003814697,"pre_discount_revenue":46490.0,"margin":15.5,"avg_discount":100.2},{"deal_name":"Greenway Medical 1/4 for $70","times_used":454,"units":1018.0,"revenue":44504.7500038147,"discounts":8920.249999761581,"cost":22587.5,"profit":21917.249999046326,"pre_discount_revenue":53425.0,"margin":49.2,"avg_discount":33.4},{"deal_name":"4/20 50% Off!!!!","times_used":452,"units":692.0,"revenue":19895.0,"discounts":19895.0,"cost":17300.0,"profit":2595.0,"pre_discount_revenue":39790.0,"margin":13.0,"avg_discount":100.0},{"deal_name":"Industry 30% Off","times_used":342,"units":436.0,"revenue":15905.99980354309,"discounts":6979.000177383423,"cost":9543.75,"profit":6362.24982380867,"pre_discount_revenue":22885.0,"margin":40.0,"avg_discount":61.0},{"deal_name":"Senior / Veterans - 20% Off","times_used":318,"units":452.0,"revenue":20543.49956035614,"discounts":5148.999891281128,"cost":11087.5,"profit":9455.999774932861,"pre_discount_revenue":25692.5,"margin":46.0,"avg_discount":40.0},{"deal_name":"30% Off Special","times_used":306,"units":332.0,"revenue":11451.999955177307,"discounts":4908.000049591064,"cost":8068.75,"profit":3383.2499504089355,"pre_discount_revenue":16360.0,"margin":29.5,"avg_discount":60.0},{"deal_name":"$50 Greenway Medical 1/4","times_used":294,"units":706.0,"revenue":22115.0,"discounts":18480.0,"cost":17650.0,"profit":4465.0,"pre_discount_revenue":40595.0,"margin":20.2,"avg_discount":91.0},{"deal_name":"Veterans - 10% Off","times_used":210,"units":260.0,"revenue":13431.375284194946,"discounts":1492.3749721050262,"cost":6425.0,"profit":7006.374878883362,"pre_discount_revenue":14923.75,"margin":52.2,"avg_discount":20.0},{"deal_name":"Jackpot - Locals 30% Off","times_used":150,"units":212.0,"revenue":8402.62511253357,"discounts":3601.125054359436,"cost":5156.25,"profit":3246.374945640564,"pre_discount_revenue":12003.75,"margin":38.6,"avg_discount":60.0},{"deal_name":"Employee 30% - NOT FRIDAYS","times_used":64,"units":76.0,"revenue":2947.000026702881,"discounts":1263.0000257492065,"cost":1793.75,"profit":1153.2499742507935,"pre_discount_revenue":4210.0,"margin":39.1,"avg_discount":60.0},{"deal_name":"Employee - 40% OFF","times_used":58,"units":74.0,"revenue":2444.325051307678,"discounts":1644.424958229065,"cost":1762.5,"profit":681.8249866366386,"pre_discount_revenue":4088.75,"margin":27.9,"avg_discount":80.4},{"deal_name":"LVAC - 25% Off","times_used":20,"units":26.0,"revenue":1121.25,"discounts":373.75,"cost":650.0,"profit":471.25,"pre_discount_revenue":1495.0,"margin":42.0,"avg_discount":50.0},{"deal_name":"40% Off Flower Blowout","times_used":16,"units":15.0,"revenue":434.375,"discounts":315.625,"cost":328.125,"profit":106.25,"pre_discount_revenue":750.0,"margin":24.5,"avg_discount":84.2},{"deal_name":"Veterans Day - 30% Off For Veterans!","times_used":8,"units":8.0,"revenue":322.00000762939453,"discounts":138.00000190734863,"cost":200.0,"profit":121.99999809265137,"pre_discount_revenue":460.0,"margin":37.9,"avg_discount":60.0},{"deal_name":"Medical - 10%","times_used":2,"units":2.0,"revenue":103.50000381469727,"discounts":11.499999761581421,"cost":50.0,"profit":53.499999046325684,"pre_discount_revenue":115.0,"margin":51.7,"avg_discount":20.0},{"deal_name":"Store Credit - $25","times_used":2,"units":1.0,"revenue":14.375,"discounts":35.625,"cost":21.875,"profit":-7.5,"pre_discount_revenue":50.0,"margin":-52.2,"avg_discount":142.4}],"top_products":[{"product":"JUNGLE PIE EIGHTH - GREENWAY MEDICAL","units":12416,"revenue":547597.3828125,"cost":306968.75,"profit":240628.65234375,"transactions":9532,"margin":43.900001525878906},{"product":"ELECTROLIME EIGHTH - GREENWAY MEDICAL","units":7270,"revenue":316091.34765625,"cost":178643.75,"profit":137447.59765625,"transactions":5338,"margin":43.5},{"product":"SUPER BOOF EIGHTH - GREENWAY MEDICAL","units":4116,"revenue":179647.24609375,"cost":102900.0,"profit":76747.2509765625,"transactions":3348,"margin":42.70000076293945},{"product":"CHEM DE LA CHEM EIGHTH - GREENWAY MEDICAL","units":3414,"revenue":145599.501953125,"cost":85350.0,"profit":60249.501953125,"transactions":2484,"margin":41.400001525878906},{"product":"CAP JUNKY EIGHTH - GREENWAY MEDICAL","units":1494,"revenue":58158.6767578125,"cost":32681.25,"profit":25477.42431640625,"transactions":1150,"margin":43.79999923706055},{"product":"MAI TAI EIGHTH - GREENWAY MEDICAL","units":992,"revenue":42309.0478515625,"cost":24800.0,"profit":17509.05029296875,"transactions":824,"margin":41.400001525878906},{"product":"DOSI PUNCH EIGHTH - GREENWAY MEDICAL","units":672,"revenue":29649.7509765625,"cost":16800.0,"profit":12849.749755859375,"transactions":496,"margin":43.29999923706055},{"product":"APPLES AND BANANAS EIGHTH - GREENWAY MEDICAL","units":410,"revenue":16510.12451171875,"cost":10250.0,"profit":6260.1251220703125,"transactions":342,"margin":37.900001525878906},{"product":"2090 $HIT EIGHTH - GREENWAY MEDICAL","units":350,"revenue":14998.87451171875,"cost":7656.25,"profit":7342.6251220703125,"transactions":312,"margin":49.0},{"product":"DIVORCE CAKE EIGHTH - GREENWAY MEDICAL","units":260,"revenue":12070.875244140625,"cost":6500.0,"profit":5570.875244140625,"transactions":216,"margin":46.20000076293945},{"product":"GARLIC COCKTAIL EIGHTH - GREENWAY MEDICAL","units":248,"revenue":10298.24951171875,"cost":5425.0,"profit":4873.249816894531,"transactions":222,"margin":47.29999923706055},{"product":"DANTES INFERNO EIGHTH - GREENWAY MEDICAL","units":200,"revenue":8265.0,"cost":5000.0,"profit":3265.0,"transactions":134,"margin":39.5},{"product":"MAC AND GARY EIGHTH - GREENWAY MEDICAL","units":198,"revenue":7232.9248046875,"cost":4331.25,"profit":2901.6751098632812,"transactions":162,"margin":40.099998474121094},{"product":"MULE FUEL EIGHTH - GREENWAY MEDICIAL","units":148,"revenue":6534.5001220703125,"cost":3237.5,"profit":3296.9998168945312,"transactions":118,"margin":50.5},{"product":"TRIANGLE MINTS EIGHTH - GREENWAY MEDICAL","units":58,"revenue":2479.1250610351562,"cost":1450.0,"profit":1029.124984741211,"transactions":54,"margin":41.5}],"products_by_store":{"Elevation Springs":[{"product":"JUNGLE PIE EIGHTH - GREENWAY MEDICAL","units":2102,"revenue":88518.37890625,"cost":52081.25,"profit":36437.1240234375,"transactions":1614,"margin":41.20000076293945},{"product":"ELECTROLIME EIGHTH - GREENWAY MEDICAL","units":1400,"revenue":58450.4248046875,"cost":34531.25,"profit":23919.1748046875,"transactions":1004,"margin":40.900001525878906},{"product":"CHEM DE LA CHEM EIGHTH - GREENWAY MEDICAL","units":798,"revenue":33611.025390625,"cost":19950.0,"profit":13661.025390625,"transactions":584,"margin":40.599998474121094},{"product":"SUPER BOOF EIGHTH - GREENWAY MEDICAL","units":726,"revenue":29134.05029296875,"cost":18150.0,"profit":10984.05029296875,"transactions":622,"margin":37.70000076293945},{"product":"MAI TAI EIGHTH - GREENWAY MEDICAL","units":212,"revenue":8703.75,"cost":5300.0,"profit":3403.75,"transactions":184,"margin":39.099998474121094},{"product":"CAP JUNKY EIGHTH - GREENWAY MEDICAL","units":200,"revenue":7819.000244140625,"cost":4375.0,"profit":3443.9999389648438,"transactions":164,"margin":44.0},{"product":"DOSI PUNCH EIGHTH - GREENWAY MEDICAL","units":152,"revenue":6047.5,"cost":3800.0,"profit":2247.5,"transactions":124,"margin":37.20000076293945},{"product":"2090 $HIT EIGHTH - GREENWAY MEDICAL","units":100,"revenue":4221.000061035156,"cost":2187.5,"profit":2033.4999084472656,"transactions":90,"margin":48.20000076293945},{"product":"APPLES AND BANANAS EIGHTH - GREENWAY MEDICAL","units":50,"revenue":1915.625,"cost":1250.0,"profit":665.625,"transactions":44,"margin":34.70000076293945},{"product":"GARLIC COCKTAIL EIGHTH - GREENWAY MEDICAL","units":50,"revenue":1851.4999389648438,"cost":1093.75,"profit":757.7500152587891,"transactions":44,"margin":40.900001525878906}],"Elevation Mesa":[{"product":"JUNGLE PIE EIGHTH - GREENWAY MEDICAL","units":2270,"revenue":98147.177734375,"cost":56287.5,"profit":41859.6728515625,"transactions":1734,"margin":42.599998474121094},{"product":"ELECTROLIME EIGHTH - GREENWAY MEDICAL","units":1256,"revenue":51391.6015625,"cost":31237.5,"profit":20154.100341796875,"transactions":968,"margin":39.20000076293945},{"product":"SUPER BOOF EIGHTH - GREENWAY MEDICAL","units":730,"revenue":30419.07470703125,"cost":18250.0,"profit":12169.07470703125,"transactions":626,"margin":40.0},{"product":"CHEM DE LA CHEM EIGHTH - GREENWAY MEDICAL","units":398,"revenue":16006.2255859375,"cost":9950.0,"profit":6056.2249755859375,"transactions":322,"margin":37.79999923706055},{"product":"CAP JUNKY EIGHTH - GREENWAY MEDICAL","units":398,"revenue":15333.924560546875,"cost":8706.25,"profit":6627.6751708984375,"transactions":294,"margin":43.20000076293945},{"product":"MAI TAI EIGHTH - GREENWAY MEDICAL","units":256,"revenue":10018.350219726562,"cost":6400.0,"profit":3618.3499145507812,"transactions":224,"margin":36.099998474121094},{"product":"GARLIC COCKTAIL EIGHTH - GREENWAY MEDICAL","units":48,"revenue":2010.0,"cost":1050.0,"profit":960.0,"transactions":42,"margin":47.79999923706055},{"product":"2090 $HIT EIGHTH - GREENWAY MEDICAL","units":50,"revenue":2001.1250305175781,"cost":1093.75,"profit":907.3749542236328,"transactions":46,"margin":45.29999923706055},{"product":"APPLES AND BANANAS EIGHTH - GREENWAY MEDICAL","units":50,"revenue":1935.0,"cost":1250.0,"profit":685.0,"transactions":44,"margin":35.400001525878906},{"product":"MAC AND GARY EIGHTH - GREENWAY MEDICAL","units":50,"revenue":1666.1749267578125,"cost":1093.75,"profit":572.4250030517578,"transactions":44,"margin":34.400001525878906}],"Elevation Oasis":[{"product":"JUNGLE PIE EIGHTH - GREENWAY MEDICAL","units":2294,"revenue":103760.126953125,"cost":56881.25,"profit":46878.876953125,"transactions":1416,"margin":45.20000076293945},{"product":"ELECTROLIME EIGHTH - GREENWAY MEDICAL","units":1300,"revenue":56131.6259765625,"cost":32043.75,"profit":24087.8759765625,"transactions":750,"margin":42.900001525878906},{"product":"CHEM DE LA CHEM EIGHTH - GREENWAY MEDICAL","units":904,"revenue":39174.92431640625,"cost":22600.0,"profit":16574.92431640625,"transactions":528,"margin":42.29999923706055},{"product":"SUPER BOOF EIGHTH - GREENWAY MEDICAL","units":806,"revenue":37332.5,"cost":20150.0,"profit":17182.5,"transactions":530,"margin":46.0},{"product":"DOSI PUNCH EIGHTH - GREENWAY MEDICAL","units":260,"revenue":11816.25,"cost":6500.0,"profit":5316.25,"transactions":160,"margin":45.0},{"product":"CAP JUNKY EIGHTH - GREENWAY MEDICAL","units":200,"revenue":7346.500244140625,"cost":4375.0,"profit":2971.4999389648438,"transactions":106,"margin":40.400001525878906},{"product":"MAI TAI EIGHTH - GREENWAY MEDICAL","units":106,"revenue":5738.499755859375,"cost":2650.0,"profit":3088.5000610351562,"transactions":80,"margin":53.79999923706055},{"product":"DIVORCE CAKE EIGHTH - GREENWAY MEDICAL","units":90,"revenue":4789.750061035156,"cost":2250.0,"profit":2539.7500610351562,"transactions":70,"margin":53.0},{"product":"DANTES INFERNO EIGHTH - GREENWAY MEDICAL","units":100,"revenue":3932.5,"cost":2500.0,"profit":1432.5,"transactions":70,"margin":36.400001525878906},{"product":"GARLIC COCKTAIL EIGHTH - GREENWAY MEDICAL","units":50,"revenue":2418.5000610351562,"cost":1093.75,"profit":1324.7500610351562,"transactions":46,"margin":54.79999923706055},{"product":"2090 $HIT EIGHTH - GREENWAY MEDICAL","units":50,"revenue":2192.7499389648438,"cost":1093.75,"profit":1099.000015258789,"transactions":38,"margin":50.099998474121094},{"product":"APPLES AND BANANAS EIGHTH - GREENWAY MEDICAL","units":30,"revenue":1168.75,"cost":750.0,"profit":418.75,"transactions":18,"margin":35.79999923706055}],"Elevation Midtown":[{"product":"JUNGLE PIE EIGHTH - GREENWAY MEDICAL","units":2382,"revenue":106487.001953125,"cost":58462.5,"profit":48024.501953125,"transactions":1880,"margin":45.099998474121094},{"product":"ELECTROLIME EIGHTH - GREENWAY MEDICAL","units":1512,"revenue":67760.048828125,"cost":36556.25,"profit":31203.798828125,"transactions":1084,"margin":46.099998474121094},{"product":"SUPER BOOF EIGHTH - GREENWAY MEDICAL","units":892,"revenue":41977.5,"cost":22300.0,"profit":19677.5,"transactions":712,"margin":46.900001525878906},{"product":"CHEM DE LA CHEM EIGHTH - GREENWAY MEDICAL","units":644,"revenue":28357.57568359375,"cost":16100.0,"profit":12257.574462890625,"transactions":492,"margin":43.20000076293945},{"product":"CAP JUNKY EIGHTH - GREENWAY MEDICAL","units":398,"revenue":15787.249755859375,"cost":8706.25,"profit":7080.999755859375,"transactions":322,"margin":44.900001525878906},{"product":"MAI TAI EIGHTH - GREENWAY MEDICAL","units":266,"revenue":11511.12548828125,"cost":6650.0,"profit":4861.1248779296875,"transactions":200,"margin":42.20000076293945},{"product":"DOSI PUNCH EIGHTH - GREENWAY MEDICAL","units":200,"revenue":9189.500122070312,"cost":5000.0,"profit":4189.5001220703125,"transactions":160,"margin":45.599998474121094},{"product":"MAC AND GARY EIGHTH - GREENWAY MEDICAL","units":148,"revenue":5566.7498779296875,"cost":3237.5,"profit":2329.250030517578,"transactions":118,"margin":41.79999923706055},{"product":"MULE FUEL EIGHTH - GREENWAY MEDICIAL","units":100,"revenue":4493.999938964844,"cost":2187.5,"profit":2306.4999389648438,"transactions":72,"margin":51.29999923706055},{"product":"2090 $HIT EIGHTH - GREENWAY MEDICAL","units":100,"revenue":4482.250061035156,"cost":2187.5,"profit":2294.7500610351562,"transactions":94,"margin":51.20000076293945},{"product":"DIVORCE CAKE EIGHTH - GREENWAY MEDICAL","units":96,"revenue":4441.25,"cost":2400.0,"profit":2041.25,"transactions":82,"margin":46.0},{"product":"APPLES AND BANANAS EIGHTH - GREENWAY MEDICAL","units":100,"revenue":4382.0001220703125,"cost":2500.0,"profit":1881.9999694824219,"transactions":84,"margin":42.900001525878906},{"product":"DANTES INFERNO EIGHTH - GREENWAY MEDICAL","units":100,"revenue":4332.5,"cost":2500.0,"profit":1832.5,"transactions":64,"margin":42.29999923706055},{"product":"GARLIC COCKTAIL EIGHTH - GREENWAY MEDICAL","units":100,"revenue":4018.2501220703125,"cost":2187.5,"profit":1830.7499694824219,"transactions":90,"margin":45.599998474121094}],"Elevation Boulevard":[{"product":"JUNGLE PIE EIGHTH - GREENWAY MEDICAL","units":1484,"revenue":63368.427734375,"cost":36793.75,"profit":26574.67529296875,"transactions":1256,"margin":41.900001525878906},{"product":"ELECTROLIME EIGHTH - GREENWAY MEDICAL","units":608,"revenue":25820.90087890625,"cost":15037.5,"profit":10783.399658203125,"transactions":504,"margin":41.79999923706055},{"product":"SUPER BOOF EIGHTH - GREENWAY MEDICAL","units":384,"revenue":15347.5,"cost":9600.0,"profit":5747.5,"transactions":340,"margin":37.400001525878906},{"product":"CHEM DE LA CHEM EIGHTH - GREENWAY MEDICAL","units":308,"revenue":12259.25048828125,"cost":7700.0,"profit":4559.2498779296875,"transactions":256,"margin":37.20000076293945},{"product":"APPLES AND BANANAS EIGHTH - GREENWAY MEDICAL","units":100,"revenue":3875.0,"cost":2500.0,"profit":1375.0,"transactions":82,"margin":35.5},{"product":"DIVORCE CAKE EIGHTH - GREENWAY MEDICAL","units":74,"revenue":2839.8748779296875,"cost":1850.0,"profit":989.8750305175781,"transactions":64,"margin":34.900001525878906},{"product":"MAI TAI EIGHTH - GREENWAY MEDICAL","units":70,"revenue":2724.8251342773438,"cost":1750.0,"profit":974.8249816894531,"transactions":64,"margin":35.79999923706055},{"product":"DOSI PUNCH EIGHTH - GREENWAY MEDICAL","units":60,"revenue":2596.4999389648438,"cost":1500.0,"profit":1096.500015258789,"transactions":52,"margin":42.20000076293945},{"product":"TRIANGLE MINTS EIGHTH - GREENWAY MEDICAL","units":58,"revenue":2479.1250610351562,"cost":1450.0,"profit":1029.124984741211,"transactions":54,"margin":41.5},{"product":"CAP JUNKY EIGHTH - GREENWAY MEDICAL","units":50,"revenue":2098.249969482422,"cost":1093.75,"profit":1004.4999694824219,"transactions":40,"margin":47.900001525878906}],"Elevation Parkway":[{"product":"JUNGLE PIE EIGHTH - GREENWAY MEDICAL","units":1884,"revenue":87316.298828125,"cost":46462.5,"profit":40853.798828125,"transactions":1632,"margin":46.79999923706055},{"product":"ELECTROLIME EIGHTH - GREENWAY MEDICAL","units":1194,"revenue":56536.748046875,"cost":29237.5,"profit":27299.25048828125,"transactions":1028,"margin":48.29999923706055},{"product":"SUPER BOOF EIGHTH - GREENWAY MEDICAL","units":578,"revenue":25436.6259765625,"cost":14450.0,"profit":10986.624755859375,"transactions":518,"margin":43.20000076293945},{"product":"CHEM DE LA CHEM EIGHTH - GREENWAY MEDICAL","units":362,"revenue":16190.50048828125,"cost":9050.0,"profit":7140.4998779296875,"transactions":302,"margin":44.099998474121094},{"product":"CAP JUNKY EIGHTH - GREENWAY MEDICAL","units":248,"revenue":9773.75,"cost":5425.0,"profit":4348.75,"transactions":224,"margin":44.5},{"product":"MAI TAI EIGHTH - GREENWAY MEDICAL","units":82,"revenue":3612.5,"cost":2050.0,"profit":1562.5,"transactions":72,"margin":43.29999923706055},{"product":"APPLES AND BANANAS EIGHTH - GREENWAY MEDICAL","units":80,"revenue":3233.75,"cost":2000.0,"profit":1233.75,"transactions":70,"margin":38.20000076293945},{"product":"2090 $HIT EIGHTH - GREENWAY MEDICAL","units":50,"revenue":2101.750030517578,"cost":1093.75,"profit":1007.9999542236328,"transactions":44,"margin":48.0},{"product":"MULE FUEL EIGHTH - GREENWAY MEDICIAL","units":48,"revenue":2040.5000305175781,"cost":1050.0,"profit":990.5000305175781,"transactions":46,"margin":48.5}]},"store_summary":[{"store_clean":"Elevation Midtown","units":7038,"revenue":312786.9921875,"cost":170975.0,"profit":141812.001953125,"discounts":84262.998046875,"margin":45.29999923706055,"discount_rate":21.200000762939453},{"store_clean":"Elevation Oasis","units":6190,"revenue":275802.67578125,"cost":152887.5,"profit":122915.17578125,"discounts":78577.32421875,"margin":44.599998474121094,"discount_rate":22.200000762939453},{"store_clean":"Elevation Springs","units":5790,"revenue":240272.24609375,"cost":142718.75,"profit":97553.49609375,"discounts":89361.50390625,"margin":40.599998474121094,"discount_rate":27.100000381469727},{"store_clean":"Elevation Mesa","units":5506,"revenue":228928.65234375,"cost":135318.75,"profit":93609.90234375,"discounts":85492.59765625,"margin":40.900001525878906,"discount_rate":27.200000762939453},{"store_clean":"Elevation Parkway","units":4526,"revenue":206242.421875,"cost":110818.75,"profit":95423.671875,"discounts":52602.5732421875,"margin":46.29999923706055,"discount_rate":20.299999237060547},{"store_clean":"Elevation Boulevard","units":3196,"revenue":133409.6484375,"cost":79275.0,"profit":54134.6484375,"discounts":50201.6015625,"margin":40.599998474121094,"discount_rate":27.299999237060547}],"recommendations":[{"severity":"red","title":"FLOWER: BELOW CATEGORY AVERAGE","detail":"Margin (43.3%) is 11 pts below FLOWER average. Ranked #19 of 64. Strong case for cost negotiation.","action":"Request 5% cost reduction or evaluate alternative FLOWER brands."},{"severity":"yellow","title":"CATEGORY BENCHMARK GAP","detail":"Overall margin (43.3%) trails FLOWER average (54.1%) by 10.8 pts.","action":"Negotiate cost reduction or increase retail price."},{"severity":"info","title":"VOLUME LEVERAGE","detail":"$558,977 revenue provides negotiating leverage.","action":"Use volume as leverage in next vendor meeting."}],"comparison":null}