{"brand":"AIROPRO","date_range":"2024-01-01 00:00:00 to 2026-01-31 00:00:00","period_label":"All Time","summary":{"total_units":81236,"total_revenue":3305776.875,"total_cost":1615247.8125,"total_discounts":870740.3125,"total_profit":1690529.375,"overall_margin":51.099998474121094,"fp_margin":59.599998474121094,"disc_margin":42.900001525878906,"pct_full_price":49.29999923706055,"avg_discount_rate":20.799999237060547,"fp_revenue":1628566.25,"disc_revenue":1677210.9375,"unique_customers":30868,"brand":"AIROPRO","date_range":"2024-01-01 00:00:00 to 2026-01-31 00:00:00","months_count":50,"avg_monthly_cost":64609.925,"cost_per_unit":39.775,"primary_category":"DISPOSABLE VAPE","primary_cat_margin":52.79999923706055,"category_rank":6,"category_total":35,"margin_vs_category":-1.7000000476837158,"velocity_rank":6},"category_breakdown":[{"category_clean":"DISPOSABLE VAPE","units":46576,"revenue":2048714.6875,"cost":992170.0,"profit":1056544.609375,"discounts":546320.390625,"margin":51.599998474121094,"category_avg_margin":52.79999923706055,"vs_category":-1.2,"rank":6.0,"total_brands":35.0},{"category_clean":"CARTRIDGE","units":30978,"revenue":1170362.8125,"cost":580232.5,"profit":590130.3125,"discounts":307982.1875,"margin":50.400001525878906,"category_avg_margin":50.400001525878906,"vs_category":0.0,"rank":11.0,"total_brands":27.0},{"category_clean":"BATTERY","units":3558,"revenue":82608.623046875,"cost":40404.25048828125,"profit":42204.375,"discounts":14678.87451171875,"margin":51.099998474121094,"category_avg_margin":62.29999923706055,"vs_category":-11.2,"rank":5.0,"total_brands":19.0},{"category_clean":"ACCESSORY","units":30,"revenue":464.375,"cost":208.50000381469727,"profit":255.87499618530273,"discounts":98.125,"margin":55.099998474121094,"category_avg_margin":61.099998474121094,"vs_category":-6.0,"rank":75.0,"total_brands":136.0}],"trend":[{"period":"2024-01","revenue":135980.8984375,"cost":70105.0,"margin":48.4,"units":3874,"transactions":2704,"profit":65875.8984375,"revenue_change_pct":null,"units_change_pct":null,"margin_change_pts":null},{"period":"2024-02","revenue":143700.869140625,"cost":77342.5,"margin":46.2,"units":4234,"transactions":2900,"profit":66358.3740234375,"revenue_change_pct":5.7,"units_change_pct":9.3,"margin_change_pts":-2.3},{"period":"2024-03","revenue":143774.55078125,"cost":75102.5,"margin":47.8,"units":4102,"transactions":2886,"profit":68672.05078125,"revenue_change_pct":0.1,"units_change_pct":-3.1,"margin_change_pts":1.6},{"period":"2024-04","revenue":156350.048828125,"cost":87795.0,"margin":43.8,"units":4794,"transactions":3344,"profit":68555.048828125,"revenue_change_pct":8.7,"units_change_pct":16.9,"margin_change_pts":-3.9},{"period":"2024-05","revenue":156241.26953125,"cost":81951.25,"margin":47.5,"units":4442,"transactions":3092,"profit":74290.0244140625,"revenue_change_pct":-0.1,"units_change_pct":-7.3,"margin_change_pts":3.7},{"period":"2024-06","revenue":166786.23046875,"cost":88036.25,"margin":47.2,"units":4132,"transactions":2862,"profit":78749.9755859375,"revenue_change_pct":6.7,"units_change_pct":-7.0,"margin_change_pts":-0.3},{"period":"2024-07","revenue":158498.3203125,"cost":82291.25,"margin":48.1,"units":3728,"transactions":2646,"profit":76207.0751953125,"revenue_change_pct":-5.0,"units_change_pct":-9.8,"margin_change_pts":0.9},{"period":"2024-08","revenue":177641.46484375,"cost":91311.25,"margin":48.6,"units":4100,"transactions":2918,"profit":86330.224609375,"revenue_change_pct":12.1,"units_change_pct":10.0,"margin_change_pts":0.5},{"period":"2024-09","revenue":145490.703125,"cost":74653.84765625,"margin":48.7,"units":3338,"transactions":2476,"profit":70836.8505859375,"revenue_change_pct":-18.1,"units_change_pct":-18.6,"margin_change_pts":0.1},{"period":"2024-10","revenue":139080.751953125,"cost":72390.8984375,"margin":48.0,"units":3284,"transactions":2390,"profit":66689.8486328125,"revenue_change_pct":-4.4,"units_change_pct":-1.6,"margin_change_pts":-0.7},{"period":"2024-11","revenue":88859.00390625,"cost":54578.75,"margin":38.6,"units":2474,"transactions":1586,"profit":34280.2490234375,"revenue_change_pct":-36.1,"units_change_pct":-24.7,"margin_change_pts":-9.4},{"period":"2024-12","revenue":137323.779296875,"cost":68853.75,"margin":49.9,"units":3184,"transactions":2306,"profit":68470.0244140625,"revenue_change_pct":54.5,"units_change_pct":28.7,"margin_change_pts":11.3},{"period":"2025-01","revenue":113443.3984375,"cost":60539.0234375,"margin":46.6,"units":2858,"transactions":1998,"profit":52904.375,"revenue_change_pct":-17.4,"units_change_pct":-10.2,"margin_change_pts":-3.2},{"period":"2025-02","revenue":97592.6953125,"cost":50975.09765625,"margin":47.8,"units":2460,"transactions":1704,"profit":46617.59765625,"revenue_change_pct":-14.0,"units_change_pct":-13.9,"margin_change_pts":1.1},{"period":"2025-03","revenue":94957.7734375,"cost":48411.2744140625,"margin":49.0,"units":2290,"transactions":1646,"profit":46546.4990234375,"revenue_change_pct":-2.7,"units_change_pct":-6.9,"margin_change_pts":1.3},{"period":"2025-04","revenue":78138.02734375,"cost":45432.5244140625,"margin":41.9,"units":2340,"transactions":1598,"profit":32705.50048828125,"revenue_change_pct":-17.7,"units_change_pct":2.2,"margin_change_pts":-7.2},{"period":"2025-05","revenue":109655.849609375,"cost":52557.548828125,"margin":52.1,"units":2756,"transactions":1928,"profit":57098.30078125,"revenue_change_pct":40.3,"units_change_pct":17.8,"margin_change_pts":10.2},{"period":"2025-06","revenue":58987.998046875,"cost":27275.0,"margin":53.8,"units":1444,"transactions":1082,"profit":31713.00048828125,"revenue_change_pct":-46.2,"units_change_pct":-47.6,"margin_change_pts":1.7},{"period":"2025-07","revenue":105179.228515625,"cost":46342.5244140625,"margin":55.9,"units":2556,"transactions":1844,"profit":58836.69921875,"revenue_change_pct":78.3,"units_change_pct":77.0,"margin_change_pts":2.2},{"period":"2025-08","revenue":100030.80078125,"cost":40431.25,"margin":59.6,"units":2390,"transactions":1744,"profit":59599.55078125,"revenue_change_pct":-4.9,"units_change_pct":-6.5,"margin_change_pts":3.6},{"period":"2025-09","revenue":95311.298828125,"cost":37968.75,"margin":60.2,"units":2226,"transactions":1710,"profit":57342.548828125,"revenue_change_pct":-4.7,"units_change_pct":-6.9,"margin_change_pts":0.6},{"period":"2025-10","revenue":132731.123046875,"cost":52625.0,"margin":60.4,"units":2768,"transactions":2210,"profit":80106.123046875,"revenue_change_pct":39.3,"units_change_pct":24.3,"margin_change_pts":0.2},{"period":"2025-11","revenue":226315.64453125,"cost":98013.75,"margin":56.7,"units":4952,"transactions":3806,"profit":128301.904296875,"revenue_change_pct":70.5,"units_change_pct":78.9,"margin_change_pts":-3.7},{"period":"2025-12","revenue":153159.228515625,"cost":56818.75,"margin":62.9,"units":2836,"transactions":2322,"profit":96340.478515625,"revenue_change_pct":-32.3,"units_change_pct":-42.7,"margin_change_pts":6.2},{"period":"2026-01","revenue":190546.23046875,"cost":73445.0,"margin":61.5,"units":3674,"transactions":2884,"profit":117101.220703125,"revenue_change_pct":24.4,"units_change_pct":29.5,"margin_change_pts":-1.4}],"share_of_category":[{"category":"DISPOSABLE VAPE","brand_revenue":2048714.6875,"category_revenue":30552405.0,"revenue_share_pct":6.699999809265137,"brand_units":46576,"category_units":756548,"units_share_pct":6.2},{"category":"CARTRIDGE","brand_revenue":1170362.8125,"category_revenue":46155130.0,"revenue_share_pct":2.5,"brand_units":30978,"category_units":1532896,"units_share_pct":2.0},{"category":"BATTERY","brand_revenue":82608.623046875,"category_revenue":1041867.1875,"revenue_share_pct":7.900000095367432,"brand_units":3558,"category_units":41118,"units_share_pct":8.7},{"category":"ACCESSORY","brand_revenue":464.375,"category_revenue":4128754.0625,"revenue_share_pct":0.0,"brand_units":30,"category_units":2130096,"units_share_pct":0.0},{"category":0.0,"brand_revenue":0.0,"category_revenue":0.0,"revenue_share_pct":0.0,"brand_units":0,"category_units":0,"units_share_pct":0.0}],"share_of_category_trend":{"DISPOSABLE VAPE":[{"period":"2024-01","brand_revenue":67410.1513671875,"category_revenue":933474.921875,"share_pct":7.199999809265137},{"period":"2024-02","brand_revenue":66317.197265625,"category_revenue":877782.109375,"share_pct":7.599999904632568},{"period":"2024-03","brand_revenue":70097.9736328125,"category_revenue":990692.03125,"share_pct":7.099999904632568},{"period":"2024-04","brand_revenue":59611.9970703125,"category_revenue":971952.1875,"share_pct":6.099999904632568},{"period":"2024-05","brand_revenue":59549.7265625,"category_revenue":1035100.46875,"share_pct":5.800000190734863},{"period":"2024-06","brand_revenue":94640.72265625,"category_revenue":1039794.21875,"share_pct":9.100000381469727},{"period":"2024-07","brand_revenue":105820.654296875,"category_revenue":1081636.5625,"share_pct":9.800000190734863},{"period":"2024-08","brand_revenue":127977.470703125,"category_revenue":1098658.125,"share_pct":11.600000381469727},{"period":"2024-09","brand_revenue":108220.80078125,"category_revenue":1056394.53125,"share_pct":10.199999809265137},{"period":"2024-10","brand_revenue":94993.02734375,"category_revenue":1197041.171875,"share_pct":7.900000095367432},{"period":"2024-11","brand_revenue":62850.8740234375,"category_revenue":1193980.234375,"share_pct":5.300000190734863},{"period":"2024-12","brand_revenue":88883.57421875,"category_revenue":1222008.984375,"share_pct":7.300000190734863},{"period":"2025-01","brand_revenue":63222.998046875,"category_revenue":1100552.421875,"share_pct":5.699999809265137},{"period":"2025-02","brand_revenue":60706.6259765625,"category_revenue":1167271.25,"share_pct":5.199999809265137},{"period":"2025-03","brand_revenue":62625.0244140625,"category_revenue":1348856.71875,"share_pct":4.599999904632568},{"period":"2025-04","brand_revenue":46098.84765625,"category_revenue":1414639.84375,"share_pct":3.299999952316284},{"period":"2025-05","brand_revenue":76945.2001953125,"category_revenue":1460588.4375,"share_pct":5.300000190734863},{"period":"2025-06","brand_revenue":39160.0,"category_revenue":1320852.96875,"share_pct":3.0},{"period":"2025-07","brand_revenue":51770.673828125,"category_revenue":1451194.84375,"share_pct":3.5999999046325684},{"period":"2025-08","brand_revenue":48824.501953125,"category_revenue":1403520.625,"share_pct":3.5},{"period":"2025-09","brand_revenue":54621.8017578125,"category_revenue":1317518.125,"share_pct":4.099999904632568},{"period":"2025-10","brand_revenue":89266.123046875,"category_revenue":1511693.75,"share_pct":5.900000095367432},{"period":"2025-11","brand_revenue":178442.96875,"category_revenue":1481709.21875,"share_pct":12.0},{"period":"2025-12","brand_revenue":116692.822265625,"category_revenue":1476896.875,"share_pct":7.900000095367432},{"period":"2026-01","brand_revenue":153962.8515625,"category_revenue":1398594.84375,"share_pct":11.0}],"CARTRIDGE":[{"period":"2024-01","brand_revenue":64453.75,"category_revenue":2057675.625,"share_pct":3.0999999046325684},{"period":"2024-02","brand_revenue":73081.6748046875,"category_revenue":2141777.8125,"share_pct":3.4000000953674316},{"period":"2024-03","brand_revenue":71451.07421875,"category_revenue":2288552.1875,"share_pct":3.0999999046325684},{"period":"2024-04","brand_revenue":92453.798828125,"category_revenue":2096820.46875,"share_pct":4.400000095367432},{"period":"2024-05","brand_revenue":90807.802734375,"category_revenue":2138038.59375,"share_pct":4.199999809265137},{"period":"2024-06","brand_revenue":62783.876953125,"category_revenue":2017623.90625,"share_pct":3.0999999046325684},{"period":"2024-07","brand_revenue":48433.4228515625,"category_revenue":2031918.28125,"share_pct":2.4000000953674316},{"period":"2024-08","brand_revenue":44802.5,"category_revenue":2132382.65625,"share_pct":2.0999999046325684},{"period":"2024-09","brand_revenue":34438.85009765625,"category_revenue":1955407.03125,"share_pct":1.7999999523162842},{"period":"2024-10","brand_revenue":39608.7255859375,"category_revenue":2083993.125,"share_pct":1.899999976158142},{"period":"2024-11","brand_revenue":23000.625,"category_revenue":2038609.375,"share_pct":1.100000023841858},{"period":"2024-12","brand_revenue":44333.1982421875,"category_revenue":2003932.03125,"share_pct":2.200000047683716},{"period":"2025-01","brand_revenue":47325.7763671875,"category_revenue":1921719.21875,"share_pct":2.5},{"period":"2025-02","brand_revenue":33351.07421875,"category_revenue":1668647.5,"share_pct":2.0},{"period":"2025-03","brand_revenue":30670.625,"category_revenue":1758711.25,"share_pct":1.7000000476837158},{"period":"2025-04","brand_revenue":29703.92578125,"category_revenue":1735997.5,"share_pct":1.7000000476837158},{"period":"2025-05","brand_revenue":30012.15087890625,"category_revenue":1688800.46875,"share_pct":1.7999999523162842},{"period":"2025-06","brand_revenue":18475.0,"category_revenue":1594515.0,"share_pct":1.2000000476837158},{"period":"2025-07","brand_revenue":50092.9248046875,"category_revenue":1595739.53125,"share_pct":3.0999999046325684},{"period":"2025-08","brand_revenue":48646.298828125,"category_revenue":1677489.6875,"share_pct":2.9000000953674316},{"period":"2025-09","brand_revenue":38136.99951171875,"category_revenue":1539547.96875,"share_pct":2.5},{"period":"2025-10","brand_revenue":41000.8251953125,"category_revenue":1548909.21875,"share_pct":2.5999999046325684},{"period":"2025-11","brand_revenue":45177.3486328125,"category_revenue":1545430.15625,"share_pct":2.9000000953674316},{"period":"2025-12","brand_revenue":34248.701171875,"category_revenue":1467828.28125,"share_pct":2.299999952316284},{"period":"2026-01","brand_revenue":33871.875,"category_revenue":1425064.0625,"share_pct":2.4000000953674316}],"BATTERY":[{"period":"2024-01","brand_revenue":4117.0001220703125,"category_revenue":78523.75,"share_pct":5.199999809265137},{"period":"2024-02","brand_revenue":4302.0001220703125,"category_revenue":79510.9765625,"share_pct":5.400000095367432},{"period":"2024-03","brand_revenue":2225.500030517578,"category_revenue":80066.9482421875,"share_pct":2.799999952316284},{"period":"2024-04","brand_revenue":4284.2498779296875,"category_revenue":65688.7744140625,"share_pct":6.5},{"period":"2024-05","brand_revenue":5883.75,"category_revenue":61493.57421875,"share_pct":9.600000381469727},{"period":"2024-06","brand_revenue":5734.8748779296875,"category_revenue":67340.751953125,"share_pct":8.5},{"period":"2024-07","brand_revenue":4244.2498779296875,"category_revenue":70591.1767578125,"share_pct":6.0},{"period":"2024-08","brand_revenue":4861.499938964844,"category_revenue":64657.8759765625,"share_pct":7.5},{"period":"2024-09","brand_revenue":2809.8001098632812,"category_revenue":52538.3740234375,"share_pct":5.300000190734863},{"period":"2024-10","brand_revenue":4460.874938964844,"category_revenue":49278.92578125,"share_pct":9.100000381469727},{"period":"2024-11","brand_revenue":3007.5,"category_revenue":39889.69970703125,"share_pct":7.5},{"period":"2024-12","brand_revenue":4107.0001220703125,"category_revenue":38273.87451171875,"share_pct":10.699999809265137},{"period":"2025-01","brand_revenue":2894.6249389648438,"category_revenue":24301.0498046875,"share_pct":11.899999618530273},{"period":"2025-02","brand_revenue":3535.0,"category_revenue":15730.625,"share_pct":22.5},{"period":"2025-03","brand_revenue":1662.1249389648438,"category_revenue":17904.124755859375,"share_pct":9.300000190734863},{"period":"2025-04","brand_revenue":2335.2499389648438,"category_revenue":17018.02490234375,"share_pct":13.699999809265137},{"period":"2025-05","brand_revenue":2698.5000610351562,"category_revenue":21588.3740234375,"share_pct":12.5},{"period":"2025-06","brand_revenue":1353.0000305175781,"category_revenue":20285.274658203125,"share_pct":6.699999809265137},{"period":"2025-07","brand_revenue":3265.625,"category_revenue":26462.7490234375,"share_pct":12.300000190734863},{"period":"2025-08","brand_revenue":2185.0,"category_revenue":27441.025390625,"share_pct":8.0},{"period":"2025-09","brand_revenue":2552.5,"category_revenue":24531.35009765625,"share_pct":10.399999618530273},{"period":"2025-10","brand_revenue":2464.1749572753906,"category_revenue":27787.275390625,"share_pct":8.899999618530273},{"period":"2025-11","brand_revenue":2695.3250122070312,"category_revenue":23690.8251953125,"share_pct":11.399999618530273},{"period":"2025-12","brand_revenue":2217.7000427246094,"category_revenue":24923.798828125,"share_pct":8.899999618530273},{"period":"2026-01","brand_revenue":2711.4999389648438,"category_revenue":22347.9248046875,"share_pct":12.100000381469727}],"ACCESSORY":[{"period":"2024-01","brand_revenue":0.0,"category_revenue":153543.9453125,"share_pct":0.0},{"period":"2024-02","brand_revenue":0.0,"category_revenue":152399.47265625,"share_pct":0.0},{"period":"2024-03","brand_revenue":0.0,"category_revenue":154678.876953125,"share_pct":0.0},{"period":"2024-04","brand_revenue":0.0,"category_revenue":163353.65234375,"share_pct":0.0},{"period":"2024-05","brand_revenue":0.0,"category_revenue":179676.4453125,"share_pct":0.0},{"period":"2024-06","brand_revenue":0.0,"category_revenue":185008.828125,"share_pct":0.0},{"period":"2024-07","brand_revenue":0.0,"category_revenue":186675.46875,"share_pct":0.0},{"period":"2024-08","brand_revenue":0.0,"category_revenue":180226.328125,"share_pct":0.0},{"period":"2024-09","brand_revenue":21.25,"category_revenue":162386.298828125,"share_pct":0.0},{"period":"2024-10","brand_revenue":18.125,"category_revenue":166088.73046875,"share_pct":0.0},{"period":"2024-11","brand_revenue":0.0,"category_revenue":171706.09375,"share_pct":0.0},{"period":"2024-12","brand_revenue":0.0,"category_revenue":176502.03125,"share_pct":0.0},{"period":"2025-01","brand_revenue":0.0,"category_revenue":167261.34765625,"share_pct":0.0},{"period":"2025-02","brand_revenue":0.0,"category_revenue":155260.927734375,"share_pct":0.0},{"period":"2025-03","brand_revenue":0.0,"category_revenue":176420.390625,"share_pct":0.0},{"period":"2025-04","brand_revenue":0.0,"category_revenue":182694.82421875,"share_pct":0.0},{"period":"2025-05","brand_revenue":0.0,"category_revenue":179904.4921875,"share_pct":0.0},{"period":"2025-06","brand_revenue":0.0,"category_revenue":161148.75,"share_pct":0.0},{"period":"2025-07","brand_revenue":50.0,"category_revenue":165549.8046875,"share_pct":0.0},{"period":"2025-08","brand_revenue":375.0,"category_revenue":171752.05078125,"share_pct":0.20000000298023224},{"period":"2025-09","brand_revenue":0.0,"category_revenue":168198.9453125,"share_pct":0.0},{"period":"2025-10","brand_revenue":0.0,"category_revenue":171844.55078125,"share_pct":0.0},{"period":"2025-11","brand_revenue":0.0,"category_revenue":172839.74609375,"share_pct":0.0},{"period":"2025-12","brand_revenue":0.0,"category_revenue":141954.873046875,"share_pct":0.0},{"period":"2026-01","brand_revenue":0.0,"category_revenue":81677.1484375,"share_pct":0.0}]},"discount_depth":[{"tier":"0% (Full Price)","transactions":31016,"pct_of_transactions":44.1,"revenue":1628566.25,"avg_discount":0.0},{"tier":"1-10%","transactions":2240,"pct_of_transactions":3.2,"revenue":111687.34375,"avg_discount":19.799999237060547},{"tier":"11-20%","transactions":1994,"pct_of_transactions":2.8,"revenue":104294.0234375,"avg_discount":35.599998474121094},{"tier":"21-30%","transactions":696,"pct_of_transactions":1.0,"revenue":32803.876953125,"avg_discount":50.400001525878906},{"tier":"31%+","transactions":9268,"pct_of_transactions":13.2,"revenue":410548.7109375,"avg_discount":97.80000305175781}],"velocity":{"units_per_day":106.6,"revenue_per_day":4338.299865722656,"avg_units_per_txn":2.78,"days_of_data":762,"total_units":81236,"total_transactions":58586},"velocity_by_category":[{"category":"DISPOSABLE VAPE","brand_units_per_day":61.12,"category_avg_units_per_day":28.36,"velocity_index":215.5,"brand_rev_per_unit":35.19,"category_rev_per_unit":32.31,"brands_in_category":35},{"category":"BATTERY","brand_units_per_day":4.66,"category_avg_units_per_day":2.84,"velocity_index":164.4,"brand_rev_per_unit":18.57,"category_rev_per_unit":20.27,"brands_in_category":19},{"category":"CARTRIDGE","brand_units_per_day":40.66,"category_avg_units_per_day":74.5,"velocity_index":54.6,"brand_rev_per_unit":30.22,"category_rev_per_unit":24.09,"brands_in_category":27},{"category":"ACCESSORY","brand_units_per_day":0.04,"category_avg_units_per_day":20.56,"velocity_index":0.2,"brand_rev_per_unit":12.38,"category_rev_per_unit":1.55,"brands_in_category":136},{"category":0.0,"brand_units_per_day":0.0,"category_avg_units_per_day":0,"velocity_index":0,"brand_rev_per_unit":0.0,"category_rev_per_unit":0.0,"brands_in_category":0}],"deals":[{"deal_name":"Industry - 30% Off","times_used":7348,"units":9114.0,"revenue":304003.77247333527,"discounts":130598.72750520706,"cost":184587.22499973606,"profit":119416.54755115509,"pre_discount_revenue":434602.5,"margin":39.3,"avg_discount":60.2},{"deal_name":"AIRO / INDO 30% Off","times_used":5488,"units":6991.333333333333,"revenue":303792.0708354314,"discounts":130821.67918523154,"cost":133432.70833333334,"profit":170359.36248720932,"pre_discount_revenue":434613.75,"margin":56.1,"avg_discount":60.2},{"deal_name":"Industry 30% Off","times_used":4210,"units":5185.333333333333,"revenue":218257.15415418148,"discounts":94802.42919286093,"cost":98947.70833333334,"profit":119309.44580939753,"pre_discount_revenue":313059.5833333333,"margin":54.7,"avg_discount":60.6},{"deal_name":"AIRO BOGO Pods / Dispos","times_used":2946,"units":7326.0,"revenue":188396.01808071136,"discounts":186736.48130893707,"cost":158620.0,"profit":29776.025934242643,"pre_discount_revenue":375132.5,"margin":15.8,"avg_discount":99.6},{"deal_name":"Lit4Less - Disposables - 2 for $75 LR / HTE","times_used":938,"units":1322.0,"revenue":61737.85000085831,"discounts":13767.149999141693,"cost":22826.25,"profit":38911.599999666214,"pre_discount_revenue":75505.0,"margin":63.0,"avg_discount":36.4},{"deal_name":"AIRO BOGO Pods","times_used":794,"units":2016.0,"revenue":43795.52300930023,"discounts":43356.97595119476,"cost":37885.0,"profit":5910.525271743536,"pre_discount_revenue":87152.5,"margin":13.5,"avg_discount":99.4},{"deal_name":"50% Off - G2B","times_used":724,"units":1100.0,"revenue":35802.76249885559,"discounts":35979.73750114441,"cost":21694.375,"profit":14108.387500196695,"pre_discount_revenue":71782.5,"margin":39.4,"avg_discount":100.2},{"deal_name":"4/20 2025 - Vapes","times_used":706,"units":1162.0,"revenue":30152.425000667572,"discounts":30690.074996948242,"cost":23202.5,"profit":6949.925000667572,"pre_discount_revenue":60842.5,"margin":23.0,"avg_discount":100.8},{"deal_name":"Senior - 10% Off","times_used":646,"units":909.0,"revenue":39894.849660396576,"discounts":4646.400028467178,"cost":17946.25,"profit":21948.59974384308,"pre_discount_revenue":44541.25,"margin":55.0,"avg_discount":20.8},{"deal_name":"Veterans - 10% Off","times_used":488,"units":608.0,"revenue":29168.99983406067,"discounts":3241.000010371208,"cost":12290.0,"profit":16878.99988412857,"pre_discount_revenue":32410.0,"margin":57.9,"avg_discount":20.0},{"deal_name":"GW - 50% Off Vapes","times_used":386,"units":654.0,"revenue":17113.00000190735,"discounts":17094.49999809265,"cost":14565.0,"profit":2547.999999523163,"pre_discount_revenue":34207.5,"margin":14.9,"avg_discount":100.0},{"deal_name":"Jackpot - Locals 30% Off","times_used":320,"units":454.0,"revenue":17065.999941825867,"discounts":7314.000068902969,"cost":9168.75,"profit":7897.249931693077,"pre_discount_revenue":24380.0,"margin":46.3,"avg_discount":60.0},{"deal_name":"4/20 50% Off!!!!","times_used":320,"units":578.0,"revenue":12448.624999523163,"discounts":12476.374998092651,"cost":10848.75,"profit":1599.8750001192093,"pre_discount_revenue":24925.0,"margin":12.9,"avg_discount":100.2},{"deal_name":"AIRO 30% Off","times_used":280,"units":368.0,"revenue":13713.000001907349,"discounts":5877.000000476837,"cost":6668.75,"profit":7044.250001907349,"pre_discount_revenue":19590.0,"margin":51.4,"avg_discount":60.0},{"deal_name":"Senior / Veterans - 20% Off","times_used":274,"units":522.0,"revenue":20809.250111579895,"discounts":5190.75003027916,"cost":10226.25,"profit":10583.000077009201,"pre_discount_revenue":26000.0,"margin":50.9,"avg_discount":40.0},{"deal_name":"30% Off Special","times_used":200,"units":215.0,"revenue":7715.999994277954,"discounts":3320.250005722046,"cost":4173.75,"profit":3542.249994277954,"pre_discount_revenue":11036.25,"margin":45.9,"avg_discount":60.2},{"deal_name":"LVAC - 25% Off","times_used":198,"units":209.0,"revenue":8857.1875,"discounts":2994.0625,"cost":4235.44999986887,"profit":4621.737499833107,"pre_discount_revenue":11851.25,"margin":52.2,"avg_discount":50.6},{"deal_name":"Lit4Less - Disposables - 2 for $60 (NO LR / HTE)","times_used":156,"units":346.0,"revenue":12975.0,"discounts":6487.5,"cost":7238.75,"profit":5736.25,"pre_discount_revenue":19462.5,"margin":44.2,"avg_discount":66.6},{"deal_name":"AIRO B2G1 Pods / Disposables","times_used":126,"units":438.0,"revenue":14644.40019607544,"discounts":7708.100271224976,"cost":9395.0,"profit":5249.399857521057,"pre_discount_revenue":22352.5,"margin":35.8,"avg_discount":69.0},{"deal_name":"AIRO B2G1 Pods","times_used":120,"units":384.0,"revenue":11014.175233840942,"discounts":5895.825138092041,"cost":7337.5,"profit":3676.675019264221,"pre_discount_revenue":16910.0,"margin":33.4,"avg_discount":69.8},{"deal_name":"Employee 30% - NOT FRIDAYS","times_used":90,"units":100.0,"revenue":3974.249987602234,"discounts":1703.250014781952,"cost":2043.75,"profit":1930.499986410141,"pre_discount_revenue":5677.5,"margin":48.6,"avg_discount":60.0},{"deal_name":"Employee - 40% OFF","times_used":84,"units":94.0,"revenue":3322.250020503998,"discounts":2225.25000333786,"cost":1837.5249999994412,"profit":1484.7249948978424,"pre_discount_revenue":5547.5,"margin":44.7,"avg_discount":80.2},{"deal_name":"Store Credit - $25","times_used":78,"units":72.66666666666667,"revenue":2634.999997814496,"discounts":2027.0833329359689,"cost":1398.5416666666665,"profit":1236.458340846002,"pre_discount_revenue":4662.083333333333,"margin":46.9,"avg_discount":87.0},{"deal_name":"Store Credit - $15","times_used":70,"units":49.0,"revenue":2123.774995803833,"discounts":1332.4749994277954,"cost":1046.875,"profit":1076.9000005722046,"pre_discount_revenue":3456.25,"margin":50.7,"avg_discount":77.2},{"deal_name":"Store Credit - $100","times_used":16,"units":19.666666666666668,"revenue":387.2999962170919,"discounts":877.2833530108135,"cost":377.29166666666663,"profit":10.008333586156368,"pre_discount_revenue":1264.5833333333333,"margin":2.6,"avg_discount":138.8},{"deal_name":"Medical - 10%","times_used":10,"units":32.0,"revenue":1687.5,"discounts":187.5,"cost":555.0,"profit":1132.5,"pre_discount_revenue":1875.0,"margin":67.1,"avg_discount":20.0},{"deal_name":"Store Credit - $50","times_used":10,"units":11.0,"revenue":283.53749990463257,"discounts":460.2125024795532,"cost":223.75,"profit":59.78750020265579,"pre_discount_revenue":743.75,"margin":21.1,"avg_discount":123.8},{"deal_name":"Reno - Early Bird - Senior / Veterans - 20%","times_used":8,"units":12.0,"revenue":540.0,"discounts":135.0,"cost":197.5,"profit":342.5,"pre_discount_revenue":675.0,"margin":63.4,"avg_discount":40.0},{"deal_name":"40% Off Special","times_used":6,"units":10.0,"revenue":337.5,"discounts":225.0,"cost":162.5,"profit":175.0,"pre_discount_revenue":562.5,"margin":51.9,"avg_discount":80.0},{"deal_name":"Store Credit - $75","times_used":6,"units":4.0,"revenue":79.0625,"discounts":170.9375,"cost":75.0,"profit":4.0625,"pre_discount_revenue":250.0,"margin":5.1,"avg_discount":136.8},{"deal_name":"Sammy Davis Early Bird - 15% Off","times_used":4,"units":4.0,"revenue":233.75,"discounts":41.25,"cost":83.75,"profit":150.0,"pre_discount_revenue":275.0,"margin":64.2,"avg_discount":30.0},{"deal_name":"Senior Sunday - RENO ONLY - 20% Off","times_used":2,"units":2.0,"revenue":60.0,"discounts":15.0,"cost":32.5,"profit":27.5,"pre_discount_revenue":75.0,"margin":45.8,"avg_discount":40.0},{"deal_name":"Store Credit - $150","times_used":2,"units":2.0,"revenue":68.75,"discounts":93.75,"cost":50.0,"profit":18.75,"pre_discount_revenue":162.5,"margin":27.3,"avg_discount":115.4}],"top_products":[{"product":"BLACK MAMBA DISPOSABLE VAPE - AIROPRO","units":8386,"revenue":376206.640625,"cost":178451.25,"profit":197755.390625,"transactions":7344,"margin":52.599998474121094},{"product":"LEMON CAKE DISPOSABLE VAPE - AIROPRO","units":8462,"revenue":336228.28125,"cost":161117.5,"profit":175110.80078125,"transactions":7502,"margin":52.099998474121094},{"product":"NORTHERN LIGHTS DISPOSABLE VAPE - AIROPRO","units":7204,"revenue":298750.09765625,"cost":153360.0,"profit":145390.09765625,"transactions":6128,"margin":48.70000076293945},{"product":"BLUE DREAM DISPOSABLE VAPE - AIROPRO","units":4794,"revenue":212731.09375,"cost":97115.0,"profit":115616.103515625,"transactions":4300,"margin":54.29999923706055},{"product":"SHERBANGER LIVE DISPOSABLE VAPE - AIROPRO","units":4560,"revenue":203825.95703125,"cost":107095.0,"profit":96730.947265625,"transactions":3866,"margin":47.5},{"product":"MIDNIGHT MOON DISPOSABLE VAPE - AIROPRO","units":4558,"revenue":194251.26953125,"cost":93875.0,"profit":100376.279296875,"transactions":3988,"margin":51.70000076293945},{"product":"BAHAMA BREEZE CART - AIROPRO","units":5134,"revenue":186462.6171875,"cost":98075.0,"profit":88387.626953125,"transactions":4132,"margin":47.400001525878906},{"product":"BLACK MAMBA CART - AIROPRO","units":3800,"revenue":135868.349609375,"cost":71996.25,"profit":63872.099609375,"transactions":3124,"margin":47.0},{"product":"LEMON CAKE CART - AIROPRO","units":3418,"revenue":127268.14453125,"cost":68172.5,"profit":59095.6494140625,"transactions":2744,"margin":46.400001525878906},{"product":"BERRY BLISS DISPOSABLE VAPE - AIROPRO","units":1986,"revenue":118202.3046875,"cost":49650.0,"profit":68552.2998046875,"transactions":1868,"margin":58.0},{"product":"GARLIC VANILLA ICING LIVE DISPOSABLE VAPE - AIROPRO","units":2490,"revenue":113323.876953125,"cost":59137.5,"profit":54186.376953125,"transactions":2144,"margin":47.79999923706055},{"product":"PURPLE AFGHANI CART - AIROPRO","units":2248,"revenue":87282.7734375,"cost":42965.0,"profit":44317.7734375,"transactions":1890,"margin":50.79999923706055},{"product":"BLUE DREAM CART - AIROPRO","units":2364,"revenue":85484.853515625,"cost":45820.0,"profit":39664.8486328125,"transactions":1866,"margin":46.400001525878906},{"product":"PURPLE AFGHANI DISPOSABLE VAPE - AIROPRO","units":1302,"revenue":80231.201171875,"cost":32550.0,"profit":47681.201171875,"transactions":1244,"margin":59.400001525878906},{"product":"MIDNIGHT MOON LIVE DISPOSABLE VAPE - AIROPRO","units":1328,"revenue":59921.4501953125,"cost":31141.25,"profit":28780.2001953125,"transactions":1106,"margin":48.0},{"product":"BERRY BLISS CART - AIROPRO","units":1650,"revenue":55775.7763671875,"cost":28335.0,"profit":27440.77392578125,"transactions":1358,"margin":49.20000076293945},{"product":"LEMON Z X RED VELVET LIQUID DIAMONDS CART - AIROPRO","units":1108,"revenue":53571.34765625,"cost":19390.0,"profit":34181.35009765625,"transactions":998,"margin":63.79999923706055},{"product":"JACK FRUIT LIVE DISPOSABLE VAPE - AIROPRO","units":1296,"revenue":48511.42578125,"cost":25590.0,"profit":22921.42578125,"transactions":1120,"margin":47.20000076293945},{"product":"GSC CART - AIROPRO","units":1250,"revenue":46478.5986328125,"cost":24615.0,"profit":21863.5986328125,"transactions":1032,"margin":47.0},{"product":"SPORT BATTERY - AIRO","units":2132,"revenue":44445.17578125,"cost":19986.25,"profit":24458.92578125,"transactions":2074,"margin":55.0},{"product":"CHERRY AK CART - AIROPRO","units":998,"revenue":42870.2001953125,"cost":16870.0,"profit":26000.2001953125,"transactions":908,"margin":60.599998474121094},{"product":"JUNGLE CAKE LIVE DISPOSABLE VAPE - AIROPRO","units":1218,"revenue":39932.7490234375,"cost":21315.0,"profit":18617.750244140625,"transactions":1048,"margin":46.599998474121094},{"product":"PRO BATTERY - AIRO","units":1426,"revenue":38163.44970703125,"cost":20418.00048828125,"profit":17745.450439453125,"transactions":1394,"margin":46.5},{"product":"CHERRY COOKIES LIQUID DIAMONDS CART - AIROPRO","units":786,"revenue":37481.17431640625,"cost":13755.0,"profit":23726.17431640625,"transactions":746,"margin":63.29999923706055},{"product":"LONDON POUND CAKE #75 LIQUID DIAMONDS CART - AIROPRO","units":698,"revenue":33586.79931640625,"cost":12215.0,"profit":21371.79931640625,"transactions":670,"margin":63.599998474121094}],"products_by_store":{"Elevation Springs":[{"product":"BLACK MAMBA DISPOSABLE VAPE - AIROPRO","units":2300,"revenue":100614.404296875,"cost":48561.25,"profit":52053.1494140625,"transactions":2030,"margin":51.70000076293945},{"product":"LEMON CAKE DISPOSABLE VAPE - AIROPRO","units":2472,"revenue":97041.5234375,"cost":47462.5,"profit":49579.0234375,"transactions":2234,"margin":51.099998474121094},{"product":"NORTHERN LIGHTS DISPOSABLE VAPE - AIROPRO","units":2056,"revenue":82437.94921875,"cost":42630.0,"profit":39807.94921875,"transactions":1706,"margin":48.29999923706055},{"product":"BAHAMA BREEZE CART - AIROPRO","units":1898,"revenue":66018.173828125,"cost":36555.0,"profit":29463.173828125,"transactions":1498,"margin":44.599998474121094},{"product":"BLUE DREAM DISPOSABLE VAPE - AIROPRO","units":1388,"revenue":57626.4501953125,"cost":27725.0,"profit":29901.4501953125,"transactions":1210,"margin":51.900001525878906},{"product":"MIDNIGHT MOON DISPOSABLE VAPE - AIROPRO","units":1248,"revenue":51936.42578125,"cost":25310.0,"profit":26626.42578125,"transactions":1106,"margin":51.29999923706055},{"product":"SHERBANGER LIVE DISPOSABLE VAPE - AIROPRO","units":1072,"revenue":49457.05078125,"cost":25215.0,"profit":24242.05078125,"transactions":944,"margin":49.0},{"product":"GARLIC VANILLA ICING LIVE DISPOSABLE VAPE - AIROPRO","units":950,"revenue":40836.75048828125,"cost":22562.5,"profit":18274.25048828125,"transactions":776,"margin":44.70000076293945},{"product":"LEMON CAKE CART - AIROPRO","units":1000,"revenue":38171.6748046875,"cost":19812.5,"profit":18359.1748046875,"transactions":836,"margin":48.099998474121094},{"product":"BLACK MAMBA CART - AIROPRO","units":888,"revenue":31136.12548828125,"cost":16813.75,"profit":14322.37548828125,"transactions":698,"margin":46.0},{"product":"BLUE DREAM CART - AIROPRO","units":886,"revenue":30736.923828125,"cost":17135.0,"profit":13601.925048828125,"transactions":692,"margin":44.29999923706055},{"product":"MIDNIGHT MOON LIVE DISPOSABLE VAPE - AIROPRO","units":586,"revenue":26577.7001953125,"cost":13917.5,"profit":12660.2001953125,"transactions":486,"margin":47.599998474121094},{"product":"BERRY BLISS DISPOSABLE VAPE - AIROPRO","units":440,"revenue":25796.69921875,"cost":11000.0,"profit":14796.700439453125,"transactions":420,"margin":57.400001525878906},{"product":"PURPLE AFGHANI CART - AIROPRO","units":596,"revenue":22579.27490234375,"cost":11395.0,"profit":11184.27490234375,"transactions":492,"margin":49.5},{"product":"PURPLE AFGHANI DISPOSABLE VAPE - AIROPRO","units":352,"revenue":20785.17578125,"cost":8800.0,"profit":11985.174560546875,"transactions":344,"margin":57.70000076293945}],"Elevation Mesa":[{"product":"BLACK MAMBA DISPOSABLE VAPE - AIROPRO","units":1592,"revenue":69923.076171875,"cost":35220.0,"profit":34703.076171875,"transactions":1366,"margin":49.599998474121094},{"product":"LEMON CAKE DISPOSABLE VAPE - AIROPRO","units":1646,"revenue":63989.501953125,"cost":31303.75,"profit":32685.74951171875,"transactions":1492,"margin":51.099998474121094},{"product":"NORTHERN LIGHTS DISPOSABLE VAPE - AIROPRO","units":1454,"revenue":56661.6015625,"cost":30297.5,"profit":26364.09912109375,"transactions":1202,"margin":46.5},{"product":"BAHAMA BREEZE CART - AIROPRO","units":1116,"revenue":40980.17578125,"cost":21162.5,"profit":19817.674560546875,"transactions":930,"margin":48.400001525878906},{"product":"MIDNIGHT MOON DISPOSABLE VAPE - AIROPRO","units":948,"revenue":39794.69970703125,"cost":20025.0,"profit":19769.69970703125,"transactions":802,"margin":49.70000076293945},{"product":"BLUE DREAM DISPOSABLE VAPE - AIROPRO","units":806,"revenue":36999.69970703125,"cost":16730.0,"profit":20269.69970703125,"transactions":734,"margin":54.79999923706055},{"product":"SHERBANGER LIVE DISPOSABLE VAPE - AIROPRO","units":706,"revenue":31715.94970703125,"cost":16642.5,"profit":15073.44970703125,"transactions":596,"margin":47.5},{"product":"BLACK MAMBA CART - AIROPRO","units":870,"revenue":31427.39990234375,"cost":16467.5,"profit":14959.89990234375,"transactions":740,"margin":47.599998474121094},{"product":"LEMON CAKE CART - AIROPRO","units":804,"revenue":28797.64892578125,"cost":16080.0,"profit":12717.650146484375,"transactions":634,"margin":44.20000076293945},{"product":"BERRY BLISS DISPOSABLE VAPE - AIROPRO","units":382,"revenue":21691.474609375,"cost":9550.0,"profit":12141.474609375,"transactions":360,"margin":56.0},{"product":"PURPLE AFGHANI CART - AIROPRO","units":536,"revenue":20500.6494140625,"cost":10270.0,"profit":10230.650024414062,"transactions":462,"margin":49.900001525878906},{"product":"PURPLE AFGHANI DISPOSABLE VAPE - AIROPRO","units":304,"revenue":19061.25,"cost":7600.0,"profit":11461.25,"transactions":290,"margin":60.099998474121094},{"product":"BLUE DREAM CART - AIROPRO","units":528,"revenue":18745.174560546875,"cost":10220.0,"profit":8525.175170898438,"transactions":446,"margin":45.5},{"product":"GARLIC VANILLA ICING LIVE DISPOSABLE VAPE - AIROPRO","units":376,"revenue":18045.250244140625,"cost":8930.0,"profit":9115.250244140625,"transactions":346,"margin":50.5},{"product":"BERRY BLISS CART - AIROPRO","units":394,"revenue":13756.97509765625,"cost":6790.0,"profit":6966.97509765625,"transactions":354,"margin":50.599998474121094}],"Elevation Oasis":[{"product":"LEMON CAKE DISPOSABLE VAPE - AIROPRO","units":1816,"revenue":74557.32421875,"cost":34956.25,"profit":39601.07421875,"transactions":1512,"margin":53.099998474121094},{"product":"BLACK MAMBA DISPOSABLE VAPE - AIROPRO","units":1466,"revenue":67912.4755859375,"cost":31195.0,"profit":36717.4755859375,"transactions":1240,"margin":54.099998474121094},{"product":"MIDNIGHT MOON DISPOSABLE VAPE - AIROPRO","units":1062,"revenue":46400.6005859375,"cost":21487.5,"profit":24913.1005859375,"transactions":864,"margin":53.70000076293945},{"product":"NORTHERN LIGHTS DISPOSABLE VAPE - AIROPRO","units":748,"revenue":33702.5244140625,"cost":16752.5,"profit":16950.0244140625,"transactions":604,"margin":50.29999923706055},{"product":"BLUE DREAM DISPOSABLE VAPE - AIROPRO","units":540,"revenue":27266.39892578125,"cost":11610.0,"profit":15656.400146484375,"transactions":464,"margin":57.400001525878906},{"product":"SHERBANGER LIVE DISPOSABLE VAPE - AIROPRO","units":608,"revenue":27265.6005859375,"cost":14195.0,"profit":13070.6005859375,"transactions":460,"margin":47.900001525878906},{"product":"BERRY BLISS DISPOSABLE VAPE - AIROPRO","units":338,"revenue":20820.625,"cost":8450.0,"profit":12370.625,"transactions":310,"margin":59.400001525878906},{"product":"BAHAMA BREEZE CART - AIROPRO","units":482,"revenue":18751.600341796875,"cost":9122.5,"profit":9629.099731445312,"transactions":314,"margin":51.400001525878906},{"product":"PURPLE AFGHANI DISPOSABLE VAPE - AIROPRO","units":200,"revenue":14072.5,"cost":5000.0,"profit":9072.5,"transactions":186,"margin":64.5},{"product":"BLUE DREAM CART - AIROPRO","units":282,"revenue":11322.19970703125,"cost":5550.0,"profit":5772.19970703125,"transactions":182,"margin":51.0},{"product":"LEMON CAKE CART - AIROPRO","units":302,"revenue":11199.974365234375,"cost":6040.0,"profit":5159.9749755859375,"transactions":202,"margin":46.099998474121094},{"product":"GARLIC VANILLA ICING LIVE DISPOSABLE VAPE - AIROPRO","units":226,"revenue":11064.625244140625,"cost":5367.5,"profit":5697.125244140625,"transactions":188,"margin":51.5},{"product":"BLACK MAMBA CART - AIROPRO","units":286,"revenue":10973.275146484375,"cost":5382.5,"profit":5590.775146484375,"transactions":212,"margin":50.900001525878906},{"product":"JACK FRUIT LIVE DISPOSABLE VAPE - AIROPRO","units":272,"revenue":10886.0498046875,"cost":5822.5,"profit":5063.550109863281,"transactions":210,"margin":46.5},{"product":"BERRY BLISS CART - AIROPRO","units":260,"revenue":8718.800048828125,"cost":4557.5,"profit":4161.300048828125,"transactions":186,"margin":47.70000076293945}],"Elevation Midtown":[{"product":"BLACK MAMBA DISPOSABLE VAPE - AIROPRO","units":1190,"revenue":53589.19921875,"cost":24311.25,"profit":29277.94921875,"transactions":1030,"margin":54.599998474121094},{"product":"NORTHERN LIGHTS DISPOSABLE VAPE - AIROPRO","units":760,"revenue":34622.94921875,"cost":16837.5,"profit":17785.450439453125,"transactions":666,"margin":51.400001525878906},{"product":"BLUE DREAM DISPOSABLE VAPE - AIROPRO","units":568,"revenue":27738.20068359375,"cost":11800.0,"profit":15938.199462890625,"transactions":516,"margin":57.5},{"product":"LEMON CAKE DISPOSABLE VAPE - AIROPRO","units":650,"revenue":26964.69970703125,"cost":11890.0,"profit":15074.69970703125,"transactions":574,"margin":55.900001525878906},{"product":"SHERBANGER LIVE DISPOSABLE VAPE - AIROPRO","units":544,"revenue":25531.474609375,"cost":12920.0,"profit":12611.474609375,"transactions":456,"margin":49.400001525878906},{"product":"BAHAMA BREEZE CART - AIROPRO","units":638,"revenue":25504.1259765625,"cost":12045.0,"profit":13459.124755859375,"transactions":556,"margin":52.79999923706055},{"product":"BLACK MAMBA CART - AIROPRO","units":562,"revenue":21643.125,"cost":10765.0,"profit":10878.125,"transactions":440,"margin":50.29999923706055},{"product":"LEMON CAKE CART - AIROPRO","units":522,"revenue":20953.07373046875,"cost":10440.0,"profit":10513.074951171875,"transactions":418,"margin":50.20000076293945},{"product":"BERRY BLISS DISPOSABLE VAPE - AIROPRO","units":304,"revenue":19336.875,"cost":7600.0,"profit":11736.875,"transactions":294,"margin":60.70000076293945},{"product":"PURPLE AFGHANI CART - AIROPRO","units":370,"revenue":15773.22509765625,"cost":7115.0,"profit":8658.22509765625,"transactions":318,"margin":54.900001525878906},{"product":"MIDNIGHT MOON DISPOSABLE VAPE - AIROPRO","units":336,"revenue":14755.12451171875,"cost":6526.25,"profit":8228.875122070312,"transactions":316,"margin":55.79999923706055},{"product":"BLUE DREAM CART - AIROPRO","units":332,"revenue":12675.92529296875,"cost":6410.0,"profit":6265.9246826171875,"transactions":264,"margin":49.400001525878906},{"product":"LEMON Z X RED VELVET LIQUID DIAMONDS CART - AIROPRO","units":230,"revenue":12374.300537109375,"cost":4025.0,"profit":8349.299926757812,"transactions":170,"margin":67.5},{"product":"PURPLE AFGHANI DISPOSABLE VAPE - AIROPRO","units":198,"revenue":11806.025390625,"cost":4950.0,"profit":6856.0247802734375,"transactions":184,"margin":58.099998474121094},{"product":"GSC CART - AIROPRO","units":240,"revenue":9641.35009765625,"cost":4680.0,"profit":4961.35009765625,"transactions":198,"margin":51.5}],"Elevation Boulevard":[{"product":"BLACK MAMBA DISPOSABLE VAPE - AIROPRO","units":1016,"revenue":45384.248046875,"cost":22171.25,"profit":23213.00048828125,"transactions":918,"margin":51.099998474121094},{"product":"LEMON CAKE DISPOSABLE VAPE - AIROPRO","units":936,"revenue":36475.90087890625,"cost":17983.75,"profit":18492.149658203125,"transactions":834,"margin":50.70000076293945},{"product":"NORTHERN LIGHTS DISPOSABLE VAPE - AIROPRO","units":742,"revenue":29943.02490234375,"cost":15897.5,"profit":14045.52490234375,"transactions":636,"margin":46.900001525878906},{"product":"SHERBANGER LIVE DISPOSABLE VAPE - AIROPRO","units":706,"revenue":28823.27392578125,"cost":16532.5,"profit":12290.775146484375,"transactions":586,"margin":42.599998474121094},{"product":"MIDNIGHT MOON DISPOSABLE VAPE - AIROPRO","units":542,"revenue":22853.1494140625,"cost":11541.25,"profit":11311.8994140625,"transactions":500,"margin":49.5},{"product":"BAHAMA BREEZE CART - AIROPRO","units":624,"revenue":22129.52392578125,"cost":12022.5,"profit":10107.025146484375,"transactions":522,"margin":45.70000076293945},{"product":"BLACK MAMBA CART - AIROPRO","units":626,"revenue":20968.349609375,"cost":11667.5,"profit":9300.849609375,"transactions":532,"margin":44.400001525878906},{"product":"BLUE DREAM DISPOSABLE VAPE - AIROPRO","units":496,"revenue":20619.82421875,"cost":9960.0,"profit":10659.825439453125,"transactions":446,"margin":51.70000076293945},{"product":"GARLIC VANILLA ICING LIVE DISPOSABLE VAPE - AIROPRO","units":446,"revenue":19890.450439453125,"cost":10592.5,"profit":9297.949829101562,"transactions":398,"margin":46.70000076293945},{"product":"LEMON CAKE CART - AIROPRO","units":502,"revenue":17580.775146484375,"cost":10040.0,"profit":7540.775146484375,"transactions":408,"margin":42.900001525878906},{"product":"BERRY BLISS DISPOSABLE VAPE - AIROPRO","units":214,"revenue":12315.0,"cost":5350.0,"profit":6965.0,"transactions":198,"margin":56.599998474121094},{"product":"PURPLE AFGHANI CART - AIROPRO","units":308,"revenue":11640.400390625,"cost":5972.5,"profit":5667.8997802734375,"transactions":260,"margin":48.70000076293945},{"product":"BERRY BLISS CART - AIROPRO","units":288,"revenue":9088.350219726562,"cost":4737.5,"profit":4350.849914550781,"transactions":234,"margin":47.900001525878906},{"product":"PURPLE AFGHANI DISPOSABLE VAPE - AIROPRO","units":148,"revenue":8816.875,"cost":3700.0,"profit":5116.875,"transactions":140,"margin":58.0},{"product":"MIDNIGHT MOON LIVE DISPOSABLE VAPE - AIROPRO","units":164,"revenue":6754.000244140625,"cost":3496.25,"profit":3257.7499389648438,"transactions":138,"margin":48.20000076293945}],"Elevation Parkway":[{"product":"NORTHERN LIGHTS DISPOSABLE VAPE - AIROPRO","units":1444,"revenue":61382.05078125,"cost":30945.0,"profit":30437.05078125,"transactions":1314,"margin":49.599998474121094},{"product":"BLUE DREAM DISPOSABLE VAPE - AIROPRO","units":996,"revenue":42480.52734375,"cost":19290.0,"profit":23190.52490234375,"transactions":930,"margin":54.599998474121094},{"product":"SHERBANGER LIVE DISPOSABLE VAPE - AIROPRO","units":924,"revenue":41032.59765625,"cost":21590.0,"profit":19442.60009765625,"transactions":824,"margin":47.400001525878906},{"product":"BLACK MAMBA DISPOSABLE VAPE - AIROPRO","units":822,"revenue":38783.24951171875,"cost":16992.5,"profit":21790.74951171875,"transactions":760,"margin":56.20000076293945},{"product":"LEMON CAKE DISPOSABLE VAPE - AIROPRO","units":942,"revenue":37199.3505859375,"cost":17521.25,"profit":19678.099365234375,"transactions":856,"margin":52.900001525878906},{"product":"BLACK MAMBA CART - AIROPRO","units":568,"revenue":19720.074462890625,"cost":10900.0,"profit":8820.075073242188,"transactions":502,"margin":44.70000076293945},{"product":"MIDNIGHT MOON DISPOSABLE VAPE - AIROPRO","units":422,"revenue":18511.2744140625,"cost":8985.0,"profit":9526.275024414062,"transactions":400,"margin":51.5},{"product":"BERRY BLISS DISPOSABLE VAPE - AIROPRO","units":308,"revenue":18241.624755859375,"cost":7700.0,"profit":10541.624755859375,"transactions":286,"margin":57.79999923706055},{"product":"JUNGLE CAKE LIVE DISPOSABLE VAPE - AIROPRO","units":454,"revenue":15988.1494140625,"cost":7945.0,"profit":8043.1500244140625,"transactions":434,"margin":50.29999923706055},{"product":"GARLIC VANILLA ICING LIVE DISPOSABLE VAPE - AIROPRO","units":314,"revenue":14576.600341796875,"cost":7457.5,"profit":7119.0997314453125,"transactions":280,"margin":48.79999923706055},{"product":"BAHAMA BREEZE CART - AIROPRO","units":376,"revenue":13079.024658203125,"cost":7167.5,"profit":5911.524658203125,"transactions":312,"margin":45.20000076293945},{"product":"JACK FRUIT LIVE DISPOSABLE VAPE - AIROPRO","units":348,"revenue":12821.700439453125,"cost":6352.5,"profit":6469.1998291015625,"transactions":312,"margin":50.5},{"product":"LEMON CAKE CART - AIROPRO","units":288,"revenue":10565.0,"cost":5760.0,"profit":4805.0,"transactions":246,"margin":45.5},{"product":"PURPLE AFGHANI CART - AIROPRO","units":250,"revenue":8962.550048828125,"cost":4895.0,"profit":4067.550048828125,"transactions":204,"margin":45.400001525878906},{"product":"MIDNIGHT MOON LIVE DISPOSABLE VAPE - AIROPRO","units":160,"revenue":7750.1251220703125,"cost":3800.0,"profit":3950.1251220703125,"transactions":150,"margin":51.0}]},"store_summary":[{"store_clean":"Elevation Springs","units":23164,"revenue":918940.078125,"cost":460723.8671875,"profit":458216.2109375,"discounts":263332.421875,"margin":49.900001525878906,"discount_rate":22.299999237060547},{"store_clean":"Elevation Mesa","units":15922,"revenue":638171.1328125,"cost":316113.75,"profit":322057.40234375,"discounts":178678.84765625,"margin":50.5,"discount_rate":21.899999618530273},{"store_clean":"Elevation Oasis","units":11432,"revenue":489603.0859375,"cost":228732.5,"profit":260870.60546875,"discounts":116909.404296875,"margin":53.29999923706055,"discount_rate":19.299999237060547},{"store_clean":"Elevation Midtown","units":10202,"revenue":440942.03125,"cost":201462.6171875,"profit":239479.39453125,"discounts":87620.478515625,"margin":54.29999923706055,"discount_rate":16.600000381469727},{"store_clean":"Elevation Parkway","units":10604,"revenue":431377.5390625,"cost":210159.00390625,"profit":221218.515625,"discounts":99937.48046875,"margin":51.29999923706055,"discount_rate":18.799999237060547},{"store_clean":"Elevation Boulevard","units":9912,"revenue":386743.3203125,"cost":198055.99609375,"profit":188687.32421875,"discounts":124261.6796875,"margin":48.79999923706055,"discount_rate":24.299999237060547}],"recommendations":[{"severity":"red","title":"BATTERY: BELOW CATEGORY AVERAGE","detail":"Margin (51.1%) is 11 pts below BATTERY average. Ranked #5 of 19. Strong case for cost negotiation.","action":"Request 6% cost reduction or evaluate alternative BATTERY brands."},{"severity":"info","title":"VOLUME LEVERAGE","detail":"$1,322,311 revenue provides negotiating leverage.","action":"Use volume as leverage in next vendor meeting."}],"comparison":null}