{"brand":"RETREAT","date_range":"2024-01-01 00:00:00 to 2026-01-31 00:00:00","period_label":"All Time","summary":{"total_units":102070,"total_revenue":3629431.5625,"total_cost":1511110.3125,"total_discounts":1206310.9375,"total_profit":2118321.25,"overall_margin":58.400001525878906,"fp_margin":68.30000305175781,"disc_margin":55.0,"pct_full_price":25.200000762939453,"avg_discount_rate":24.899999618530273,"fp_revenue":915697.5,"disc_revenue":2713734.0625,"brand":"RETREAT","date_range":"2024-01-01 00:00:00 to 2026-01-31 00:00:00","primary_category":"DISPOSABLE VAPE","store_coverage":"7/7","stores_present":["Elevation Springs","Elevation Mesa","Elevation Oasis","Elevation Downtown","Elevation Midtown","Elevation Boulevard","Elevation Parkway"],"stores_missing":[],"velocity_rank":4,"velocity_total":35},"distribution":[{"store":"Elevation Springs","carries_brand":true,"sku_count":86,"revenue":714592.265625,"units":20266,"store_total_revenue":51138750.0,"brand_share_pct":1.399999976158142},{"store":"Elevation Mesa","carries_brand":true,"sku_count":86,"revenue":510445.46875,"units":14794,"store_total_revenue":47532240.0,"brand_share_pct":1.100000023841858},{"store":"Elevation Oasis","carries_brand":true,"sku_count":86,"revenue":1335865.625,"units":36284,"store_total_revenue":56050145.0,"brand_share_pct":2.4000000953674316},{"store":"Elevation Downtown","carries_brand":true,"sku_count":78,"revenue":81781.123046875,"units":2296,"store_total_revenue":1945237.1875,"brand_share_pct":4.199999809265137},{"store":"Elevation Midtown","carries_brand":true,"sku_count":86,"revenue":395067.6171875,"units":11030,"store_total_revenue":30850185.0,"brand_share_pct":1.2999999523162842},{"store":"Elevation Boulevard","carries_brand":true,"sku_count":86,"revenue":342281.5625,"units":10394,"store_total_revenue":28757865.0,"brand_share_pct":1.2000000476837158},{"store":"Elevation Parkway","carries_brand":true,"sku_count":86,"revenue":249397.890625,"units":7006,"store_total_revenue":21987007.5,"brand_share_pct":1.100000023841858}],"share_of_category":[{"category":"DISPOSABLE VAPE","brand_revenue":2436918.125,"category_revenue":30552405.0,"revenue_share_pct":8.0,"brand_units":69174,"category_units":756548,"units_share_pct":9.1},{"category":"CARTRIDGE","brand_revenue":1186768.828125,"category_revenue":46155130.0,"revenue_share_pct":2.5999999046325684,"brand_units":32766,"category_units":1532896,"units_share_pct":2.1},{"category":"CONCENTRATE","brand_revenue":3402.5,"category_revenue":7866357.5,"revenue_share_pct":0.0,"brand_units":80,"category_units":316632,"units_share_pct":0.0},{"category":0.0,"brand_revenue":0.0,"category_revenue":0.0,"revenue_share_pct":0.0,"brand_units":0,"category_units":0,"units_share_pct":0.0}],"share_of_category_trend":{"DISPOSABLE VAPE":[{"period":"2024-01","brand_revenue":33327.5,"category_revenue":933474.921875,"share_pct":3.5999999046325684},{"period":"2024-02","brand_revenue":29552.0751953125,"category_revenue":877782.109375,"share_pct":3.4000000953674316},{"period":"2024-03","brand_revenue":96094.453125,"category_revenue":990692.03125,"share_pct":9.699999809265137},{"period":"2024-04","brand_revenue":128261.171875,"category_revenue":971952.1875,"share_pct":13.199999809265137},{"period":"2024-05","brand_revenue":62223.2763671875,"category_revenue":1035100.46875,"share_pct":6.0},{"period":"2024-06","brand_revenue":105946.552734375,"category_revenue":1039794.21875,"share_pct":10.199999809265137},{"period":"2024-07","brand_revenue":107685.751953125,"category_revenue":1081636.5625,"share_pct":10.0},{"period":"2024-08","brand_revenue":93033.671875,"category_revenue":1098658.125,"share_pct":8.5},{"period":"2024-09","brand_revenue":81783.798828125,"category_revenue":1056394.53125,"share_pct":7.699999809265137},{"period":"2024-10","brand_revenue":101215.0,"category_revenue":1197041.171875,"share_pct":8.5},{"period":"2024-11","brand_revenue":101340.029296875,"category_revenue":1193980.234375,"share_pct":8.5},{"period":"2024-12","brand_revenue":139716.50390625,"category_revenue":1222008.984375,"share_pct":11.399999618530273},{"period":"2025-01","brand_revenue":151212.275390625,"category_revenue":1100552.421875,"share_pct":13.699999809265137},{"period":"2025-02","brand_revenue":98123.251953125,"category_revenue":1167271.25,"share_pct":8.399999618530273},{"period":"2025-03","brand_revenue":110391.25,"category_revenue":1348856.71875,"share_pct":8.199999809265137},{"period":"2025-04","brand_revenue":116039.248046875,"category_revenue":1414639.84375,"share_pct":8.199999809265137},{"period":"2025-05","brand_revenue":100443.251953125,"category_revenue":1460588.4375,"share_pct":6.900000095367432},{"period":"2025-06","brand_revenue":112025.146484375,"category_revenue":1320852.96875,"share_pct":8.5},{"period":"2025-07","brand_revenue":108015.8984375,"category_revenue":1451194.84375,"share_pct":7.400000095367432},{"period":"2025-08","brand_revenue":116919.19921875,"category_revenue":1403520.625,"share_pct":8.300000190734863},{"period":"2025-09","brand_revenue":86801.279296875,"category_revenue":1317518.125,"share_pct":6.599999904632568},{"period":"2025-10","brand_revenue":108000.37109375,"category_revenue":1511693.75,"share_pct":7.099999904632568},{"period":"2025-11","brand_revenue":97249.345703125,"category_revenue":1481709.21875,"share_pct":6.599999904632568},{"period":"2025-12","brand_revenue":69103.076171875,"category_revenue":1476896.875,"share_pct":4.699999809265137},{"period":"2026-01","brand_revenue":82414.62890625,"category_revenue":1398594.84375,"share_pct":5.900000095367432}],"CARTRIDGE":[{"period":"2024-01","brand_revenue":0.0,"category_revenue":2057675.625,"share_pct":0.0},{"period":"2024-02","brand_revenue":0.0,"category_revenue":2141777.8125,"share_pct":0.0},{"period":"2024-03","brand_revenue":0.0,"category_revenue":2288552.1875,"share_pct":0.0},{"period":"2024-04","brand_revenue":832.5,"category_revenue":2096820.46875,"share_pct":0.0},{"period":"2024-05","brand_revenue":49220.0244140625,"category_revenue":2138038.59375,"share_pct":2.299999952316284},{"period":"2024-06","brand_revenue":35633.40087890625,"category_revenue":2017623.90625,"share_pct":1.7999999523162842},{"period":"2024-07","brand_revenue":14263.074951171875,"category_revenue":2031918.28125,"share_pct":0.699999988079071},{"period":"2024-08","brand_revenue":2415.625,"category_revenue":2132382.65625,"share_pct":0.10000000149011612},{"period":"2024-09","brand_revenue":8115.0,"category_revenue":1955407.03125,"share_pct":0.4000000059604645},{"period":"2024-10","brand_revenue":23597.5,"category_revenue":2083993.125,"share_pct":1.100000023841858},{"period":"2024-11","brand_revenue":32860.0,"category_revenue":2038609.375,"share_pct":1.600000023841858},{"period":"2024-12","brand_revenue":41349.7509765625,"category_revenue":2003932.03125,"share_pct":2.0999999046325684},{"period":"2025-01","brand_revenue":45373.7744140625,"category_revenue":1921719.21875,"share_pct":2.4000000953674316},{"period":"2025-02","brand_revenue":54245.498046875,"category_revenue":1668647.5,"share_pct":3.299999952316284},{"period":"2025-03","brand_revenue":65659.599609375,"category_revenue":1758711.25,"share_pct":3.700000047683716},{"period":"2025-04","brand_revenue":47556.8994140625,"category_revenue":1735997.5,"share_pct":2.700000047683716},{"period":"2025-05","brand_revenue":39611.75048828125,"category_revenue":1688800.46875,"share_pct":2.299999952316284},{"period":"2025-06","brand_revenue":74904.1259765625,"category_revenue":1594515.0,"share_pct":4.699999809265137},{"period":"2025-07","brand_revenue":72544.375,"category_revenue":1595739.53125,"share_pct":4.5},{"period":"2025-08","brand_revenue":51307.7001953125,"category_revenue":1677489.6875,"share_pct":3.0999999046325684},{"period":"2025-09","brand_revenue":69578.125,"category_revenue":1539547.96875,"share_pct":4.5},{"period":"2025-10","brand_revenue":91594.375,"category_revenue":1548909.21875,"share_pct":5.900000095367432},{"period":"2025-11","brand_revenue":123673.427734375,"category_revenue":1545430.15625,"share_pct":8.0},{"period":"2025-12","brand_revenue":105791.376953125,"category_revenue":1467828.28125,"share_pct":7.199999809265137},{"period":"2026-01","brand_revenue":136640.927734375,"category_revenue":1425064.0625,"share_pct":9.600000381469727}],"CONCENTRATE":[{"period":"2024-01","brand_revenue":0.0,"category_revenue":351129.609375,"share_pct":0.0},{"period":"2024-02","brand_revenue":0.0,"category_revenue":371224.4921875,"share_pct":0.0},{"period":"2024-03","brand_revenue":0.0,"category_revenue":375964.296875,"share_pct":0.0},{"period":"2024-04","brand_revenue":0.0,"category_revenue":352745.859375,"share_pct":0.0},{"period":"2024-05","brand_revenue":0.0,"category_revenue":346027.5,"share_pct":0.0},{"period":"2024-06","brand_revenue":0.0,"category_revenue":310723.3984375,"share_pct":0.0},{"period":"2024-07","brand_revenue":0.0,"category_revenue":336220.078125,"share_pct":0.0},{"period":"2024-08","brand_revenue":0.0,"category_revenue":324004.04296875,"share_pct":0.0},{"period":"2024-09","brand_revenue":2532.5,"category_revenue":326834.1796875,"share_pct":0.800000011920929},{"period":"2024-10","brand_revenue":870.0,"category_revenue":324500.859375,"share_pct":0.30000001192092896},{"period":"2024-11","brand_revenue":0.0,"category_revenue":351240.0390625,"share_pct":0.0},{"period":"2024-12","brand_revenue":0.0,"category_revenue":324145.4296875,"share_pct":0.0},{"period":"2025-01","brand_revenue":0.0,"category_revenue":325749.19921875,"share_pct":0.0},{"period":"2025-02","brand_revenue":0.0,"category_revenue":300499.0234375,"share_pct":0.0},{"period":"2025-03","brand_revenue":0.0,"category_revenue":298171.5234375,"share_pct":0.0},{"period":"2025-04","brand_revenue":0.0,"category_revenue":343355.625,"share_pct":0.0},{"period":"2025-05","brand_revenue":0.0,"category_revenue":288836.62109375,"share_pct":0.0},{"period":"2025-06","brand_revenue":0.0,"category_revenue":280928.33984375,"share_pct":0.0},{"period":"2025-07","brand_revenue":0.0,"category_revenue":283604.1796875,"share_pct":0.0},{"period":"2025-08","brand_revenue":0.0,"category_revenue":274773.76953125,"share_pct":0.0},{"period":"2025-09","brand_revenue":0.0,"category_revenue":264599.19921875,"share_pct":0.0},{"period":"2025-10","brand_revenue":0.0,"category_revenue":277515.46875,"share_pct":0.0},{"period":"2025-11","brand_revenue":0.0,"category_revenue":295773.3203125,"share_pct":0.0},{"period":"2025-12","brand_revenue":0.0,"category_revenue":267042.05078125,"share_pct":0.0},{"period":"2026-01","brand_revenue":0.0,"category_revenue":270749.70703125,"share_pct":0.0}]},"velocity_by_category":[{"category":"DISPOSABLE VAPE","brand_units_per_day":90.78,"category_avg_units_per_day":28.36,"velocity_index":320.0,"brand_rev_per_unit":28.18,"category_rev_per_unit":32.31,"brands_in_category":35},{"category":"CARTRIDGE","brand_units_per_day":43.0,"category_avg_units_per_day":74.5,"velocity_index":57.7,"brand_rev_per_unit":28.98,"category_rev_per_unit":24.09,"brands_in_category":27},{"category":"CONCENTRATE","brand_units_per_day":0.1,"category_avg_units_per_day":15.38,"velocity_index":0.7,"brand_rev_per_unit":34.02,"category_rev_per_unit":19.88,"brands_in_category":27},{"category":0.0,"brand_units_per_day":0.0,"category_avg_units_per_day":0,"velocity_index":0,"brand_rev_per_unit":0.0,"category_rev_per_unit":0.0,"brands_in_category":0}],"store_gaps":[{"store":"Elevation Mesa","category":"CONCENTRATE","category_revenue_at_store":1408659.375,"opportunity":"Category not carried at this store"},{"store":"Elevation Downtown","category":"CONCENTRATE","category_revenue_at_store":53170.9033203125,"opportunity":"Category not carried at this store"}],"product_mix":{"top":[{"product":"BLUE DREAM LIVE RESIN DIAMONDS DISPOSABLE VAPE - RETREAT","units":5322,"revenue":210368.73046875,"cost":82757.099609375,"profit":127611.630859375,"stores":7,"transactions":4714,"margin":60.70000076293945},{"product":"CHEMICAL COMPOUND LIVE RESIN DIAMONDS CART - RETREAT","units":4854,"revenue":184847.59765625,"cost":64376.171875,"profit":120471.42578125,"stores":7,"transactions":4166,"margin":65.19999694824219},{"product":"TANGIE KUSH DIAMONDS DISPOSABLE VAPE - RETREAT","units":4958,"revenue":172190.33203125,"cost":77096.8994140625,"profit":95093.427734375,"stores":7,"transactions":4550,"margin":55.20000076293945},{"product":"SOUR BANANA SHERBERT DIAMONDS DISPOSABLE VAPE - RETREAT","units":5036,"revenue":165038.3203125,"cost":78309.7998046875,"profit":86728.525390625,"stores":7,"transactions":4580,"margin":52.599998474121094},{"product":"PURE KUSH DIAMONDS DISPOSABLE VAPE - RETREAT","units":4854,"revenue":162916.279296875,"cost":75479.697265625,"profit":87436.58203125,"stores":7,"transactions":4324,"margin":53.70000076293945},{"product":"BLUE ALIEN LIVE RESIN DIAMONDS DISPOSABLE VAPE - RETREAT","units":3846,"revenue":148593.3984375,"cost":59805.2978515625,"profit":88788.10546875,"stores":7,"transactions":3364,"margin":59.79999923706055},{"product":"WEDDING STOMPER DIAMONDS DISPOSABLE VAPE - RETREAT","units":4404,"revenue":142722.021484375,"cost":68482.197265625,"profit":74239.8291015625,"stores":7,"transactions":4054,"margin":52.0},{"product":"PURE KUSH LIVE RESIN DIAMONDS CART - RETREAT","units":3476,"revenue":131450.126953125,"cost":46100.44921875,"profit":85349.677734375,"stores":7,"transactions":3014,"margin":64.9000015258789},{"product":"BLUE ALIEN LIVE RESIN DIAMONDS CART - RETREAT","units":3154,"revenue":121255.25390625,"cost":41829.921875,"profit":79425.322265625,"stores":7,"transactions":2796,"margin":65.5},{"product":"CHEMICAL COMPOUND LIVE RESIN DIAMONDS DISPOSABLE VAPE - RETREAT","units":3284,"revenue":116858.095703125,"cost":51066.1962890625,"profit":65791.904296875,"stores":7,"transactions":2970,"margin":56.29999923706055},{"product":"CHEMICAL COMPOUND DIAMONDS DISPOSABLE VAPE - RETREAT","units":3248,"revenue":107305.3515625,"cost":50506.396484375,"profit":56798.955078125,"stores":7,"transactions":2972,"margin":52.900001525878906},{"product":"BLOOD DRIVE DIAMONDS DISPOSABLE VAPE - RETREAT","units":3216,"revenue":106716.923828125,"cost":50008.798828125,"profit":56708.1298828125,"stores":6,"transactions":2874,"margin":53.099998474121094},{"product":"CHEMICAL COMPOUND X SOUR BANANA SHERBERT LIVE RESIN DIAMONDS DISPOSABLE VAPE - RETREAT","units":2764,"revenue":98956.328125,"cost":42980.2001953125,"profit":55976.1279296875,"stores":7,"transactions":2508,"margin":56.599998474121094},{"product":"ANIMAL MINTS LIVE RESIN DIAMONDS DISPOSABLE VAPE - RETREAT","units":2686,"revenue":98233.671875,"cost":41767.2998046875,"profit":56466.376953125,"stores":7,"transactions":2420,"margin":57.5},{"product":"BLUE DREAM LIVE RESIN DIAMONDS CART - RETREAT","units":2748,"revenue":96661.025390625,"cost":36445.34912109375,"profit":60215.673828125,"stores":7,"transactions":2338,"margin":62.29999923706055},{"product":"BLUE DREAM X BLOOD DRIVE DIAMONDS DISPOSABLE VAPE - RETREAT","units":2730,"revenue":95637.822265625,"cost":42451.4990234375,"profit":53186.328125,"stores":7,"transactions":2422,"margin":55.599998474121094},{"product":"BLUE ALIEN DIAMONDS DISPOSABLE VAPE - RETREAT","units":2452,"revenue":86389.150390625,"cost":38128.5986328125,"profit":48260.5517578125,"stores":6,"transactions":2334,"margin":55.900001525878906},{"product":"RESERVE OG X BLUE DREAM DIAMONDS DISPOSABLE VAPE - RETREAT","units":2644,"revenue":86191.103515625,"cost":41114.19921875,"profit":45076.904296875,"stores":7,"transactions":2440,"margin":52.29999923706055},{"product":"SIDE PIECE DIAMONDS DISPOSABLE VAPE - RETREAT","units":2378,"revenue":84467.529296875,"cost":36977.89794921875,"profit":47489.62890625,"stores":7,"transactions":2138,"margin":56.20000076293945},{"product":"SOUR BANANA SHERBERT LIVE RESIN DIAMONDS DISPOSABLE VAPE - RETREAT","units":2182,"revenue":81416.826171875,"cost":33930.09765625,"profit":47486.728515625,"stores":7,"transactions":1994,"margin":58.29999923706055}],"bottom":[{"product":"NILLA WAFER LIVE RESIN DIAMONDS DISPOSABLE VAPE - RETREAT","units":1178,"revenue":45597.9248046875,"cost":18317.899169921875,"profit":27280.02685546875,"stores":7,"transactions":1084,"margin":59.79999923706055},{"product":"BLUE ALIEN X BLOOD DRIVE LIVE RESIN DIAMONDS CART - RETREAT","units":1248,"revenue":44916.123046875,"cost":16551.59912109375,"profit":28364.52392578125,"stores":6,"transactions":1112,"margin":63.099998474121094},{"product":"BLUE ALIEN X BLOOD DRIVE LIVE RESIN DIAMONDS DISPOSABLE VAPE - RETREAT","units":1224,"revenue":41762.5732421875,"cost":19033.199462890625,"profit":22729.375,"stores":6,"transactions":1094,"margin":54.400001525878906},{"product":"CHEMICAL COMPOUND X SOUR BANANA SHERBERT DIAMONDS DISPOSABLE VAPE - RETREAT","units":1056,"revenue":36161.75048828125,"cost":16420.799560546875,"profit":19740.950927734375,"stores":7,"transactions":986,"margin":54.599998474121094},{"product":"ORANGE BELTZ DIAMONDS DISPOSABLE VAPE - RETREAT","units":512,"revenue":17951.25,"cost":7961.5997314453125,"profit":9989.650268554688,"stores":7,"transactions":488,"margin":55.599998474121094},{"product":"MANDARIN COOKIES DIAMONDS CART - RETREAT","units":538,"revenue":17795.6005859375,"cost":7135.224609375,"profit":10660.374755859375,"stores":7,"transactions":450,"margin":59.900001525878906},{"product":"CHEMICAL COMPOUND DIAMONDS CART - RETREAT","units":498,"revenue":15935.0244140625,"cost":6604.7247314453125,"profit":9330.30029296875,"stores":7,"transactions":410,"margin":58.599998474121094},{"product":"BLUEBERRY COOKIES DIAMONDS CART - RETREAT","units":440,"revenue":13129.1748046875,"cost":5835.4998779296875,"profit":7293.6749267578125,"stores":7,"transactions":382,"margin":55.599998474121094},{"product":"GOLD LEAF LIVE RESIN DIAMONDS CART - RETREAT","units":334,"revenue":11234.000244140625,"cost":4429.674987792969,"profit":6804.324951171875,"stores":7,"transactions":296,"margin":60.599998474121094},{"product":"LILAC COOKIES LIVE RESIN DIAMONDS CART - RETREAT","units":314,"revenue":10430.4248046875,"cost":4164.424743652344,"profit":6265.999755859375,"stores":7,"transactions":302,"margin":60.099998474121094}],"expansion":[{"product":"BLOOD DRIVE DIAMONDS DISPOSABLE VAPE - RETREAT","current_stores":6,"total_stores":7,"missing_stores":["Elevation Downtown"],"revenue":106716.923828125},{"product":"BLUE ALIEN DIAMONDS DISPOSABLE VAPE - RETREAT","current_stores":6,"total_stores":7,"missing_stores":["Elevation Downtown"],"revenue":86389.150390625},{"product":"BLUE ALIEN X BLOOD DRIVE LIVE RESIN DIAMONDS CART - RETREAT","current_stores":6,"total_stores":7,"missing_stores":["Elevation Downtown"],"revenue":44916.123046875},{"product":"BLUE ALIEN X BLOOD DRIVE LIVE RESIN DIAMONDS DISPOSABLE VAPE - RETREAT","current_stores":6,"total_stores":7,"missing_stores":["Elevation Downtown"],"revenue":41762.5732421875}]},"pricing_consistency":[{"product":"PURE KUSH LIVE RESIN DIAMONDS DISPOSABLE VAPE - RETREAT","min_price":59.482912474040745,"max_price":80.7499972256747,"avg_price":67.04137944756266,"std_dev":3.082683431496116,"store_count":14,"price_range":21.267084751633966,"range_pct":31.7},{"product":"BLUE ALIEN LIVE RESIN DIAMONDS CART - RETREAT","min_price":58.33333333333333,"max_price":81.25,"avg_price":74.78732870398876,"std_dev":3.045373412397281,"store_count":14,"price_range":22.91666666666667,"range_pct":30.6},{"product":"BLUE ALIEN X BLOOD DRIVE LIVE RESIN DIAMONDS DISPOSABLE VAPE - RETREAT","min_price":54.78488301121911,"max_price":74.20240110705512,"avg_price":64.67383434937719,"std_dev":2.793118509470167,"store_count":12,"price_range":19.41751809583602,"range_pct":30.0},{"product":"BLOOD DRIVE LIVE RESIN DIAMONDS DISPOSABLE VAPE - RETREAT","min_price":62.12500435965402,"max_price":83.76818292791194,"avg_price":74.67397244882075,"std_dev":3.551795009897659,"store_count":14,"price_range":21.643178568257923,"range_pct":29.0},{"product":"BLUEBERRY COOKIES DIAMONDS CART - RETREAT","min_price":49.5,"max_price":65.83333333333333,"avg_price":59.5893948321067,"std_dev":2.285550434609188,"store_count":14,"price_range":16.33333333333333,"range_pct":27.4},{"product":"CHEMICAL COMPOUND X SOUR BANANA SHERBERT LIVE RESIN DIAMONDS DISPOSABLE VAPE - RETREAT","min_price":66.98189764666411,"max_price":85.83333333333334,"avg_price":73.74794975366802,"std_dev":2.5733556159500877,"store_count":14,"price_range":18.851435686669227,"range_pct":25.6},{"product":"CHEMICAL COMPOUND DIAMONDS CART - RETREAT","min_price":52.40555657280816,"max_price":68.40277777777777,"avg_price":62.428204370901,"std_dev":1.9382558580301756,"store_count":14,"price_range":15.997221204969616,"range_pct":25.6},{"product":"CHEMICAL COMPOUND DIAMONDS DISPOSABLE VAPE - RETREAT","min_price":56.56806372493678,"max_price":72.88333129882812,"avg_price":66.53639959422301,"std_dev":2.427526887226653,"store_count":14,"price_range":16.315267573891347,"range_pct":24.5},{"product":"CHEMICAL COMPOUND X SOUR BANANA SHERBERT DIAMONDS DISPOSABLE VAPE - RETREAT","min_price":60.041660406650635,"max_price":76.352275501598,"avg_price":69.65262045778948,"std_dev":2.296337864188619,"store_count":14,"price_range":16.31061509494737,"range_pct":23.4},{"product":"WEDDING STOMPER DIAMONDS DISPOSABLE VAPE - RETREAT","min_price":58.92025146484375,"max_price":73.97656917572021,"avg_price":65.07186493454137,"std_dev":2.1230145330598558,"store_count":14,"price_range":15.056317710876463,"range_pct":23.1},{"product":"BLUE ALIEN LIVE RESIN DIAMONDS DISPOSABLE VAPE - RETREAT","min_price":65.09698706937124,"max_price":82.09676164651495,"avg_price":75.03365526713642,"std_dev":2.2567178016466247,"store_count":14,"price_range":16.99977457714371,"range_pct":22.7},{"product":"GOLD LEAF LIVE RESIN DIAMONDS CART - RETREAT","min_price":61.230553521050346,"max_price":76.07142857142857,"avg_price":67.77929088912583,"std_dev":1.8185839017743157,"store_count":14,"price_range":14.84087505037822,"range_pct":21.9},{"product":"BLUE DREAM X BLOOD DRIVE DIAMONDS DISPOSABLE VAPE - RETREAT","min_price":63.97810311153017,"max_price":78.83928571428571,"avg_price":69.68069543156626,"std_dev":2.077344074711583,"store_count":14,"price_range":14.861182602755543,"range_pct":21.3},{"product":"CHEMICAL COMPOUND LIVE RESIN DIAMONDS DISPOSABLE VAPE - RETREAT","min_price":61.17179987980769,"max_price":76.26562595367432,"avg_price":71.04617283431851,"std_dev":1.9956151445803127,"store_count":14,"price_range":15.093826073866623,"range_pct":21.2},{"product":"SOUR BANANA SHERBERT LIVE RESIN DIAMONDS CART - RETREAT","min_price":65.65217391304347,"max_price":81.3381389036017,"avg_price":74.41470634678682,"std_dev":1.9334205077814886,"store_count":14,"price_range":15.685964990558219,"range_pct":21.1},{"product":"BLUE ALIEN X BLOOD DRIVE LIVE RESIN DIAMONDS CART - RETREAT","min_price":61.96404025979238,"max_price":76.47104152841457,"avg_price":70.34143244222606,"std_dev":1.9986408429018252,"store_count":12,"price_range":14.507001268622197,"range_pct":20.6},{"product":"LILAC COOKIES LIVE RESIN DIAMONDS CART - RETREAT","min_price":61.27499748678768,"max_price":75.0,"avg_price":67.46945934792937,"std_dev":2.11491360757267,"store_count":14,"price_range":13.725002513212319,"range_pct":20.3},{"product":"PURE KUSH LIVE RESIN DIAMONDS CART - RETREAT","min_price":65.75000184955019,"max_price":80.40088414050537,"avg_price":73.39849587289338,"std_dev":1.918415944721857,"store_count":14,"price_range":14.650882290955183,"range_pct":20.0},{"product":"SOUR BANANA SHERBERT LIVE RESIN DIAMONDS DISPOSABLE VAPE - RETREAT","min_price":65.75406702553353,"max_price":80.2428737037166,"avg_price":72.99550837675463,"std_dev":2.2208334952309072,"store_count":14,"price_range":14.488806678183064,"range_pct":19.8},{"product":"24K LIVE RESIN DIAMONDS CART - RETREAT","min_price":66.15656688959912,"max_price":79.58151775857677,"avg_price":72.11670877402472,"std_dev":1.7430724430898417,"store_count":14,"price_range":13.42495086897765,"range_pct":18.6},{"product":"NILLA WAFER LIVE RESIN DIAMONDS CART - RETREAT","min_price":67.26922842172476,"max_price":80.65300279627733,"avg_price":73.21481130609678,"std_dev":2.153870870809399,"store_count":14,"price_range":13.383774374552573,"range_pct":18.3},{"product":"SOUR BANANA SHERBERT DIAMONDS DISPOSABLE VAPE - RETREAT","min_price":60.85453243046017,"max_price":72.749998304579,"avg_price":65.81597755900144,"std_dev":1.7343600042274525,"store_count":14,"price_range":11.895465874118827,"range_pct":18.1},{"product":"SIDE PIECE DIAMONDS DISPOSABLE VAPE - RETREAT","min_price":62.79999889026989,"max_price":74.85289014075414,"avg_price":69.42605476370437,"std_dev":1.5957988294192262,"store_count":14,"price_range":12.052891250484246,"range_pct":17.4},{"product":"NILLA WAFER LIVE RESIN DIAMONDS DISPOSABLE VAPE - RETREAT","min_price":71.16826570951021,"max_price":84.12211491511417,"avg_price":76.26413795256671,"std_dev":2.0828221263917963,"store_count":14,"price_range":12.953849205603962,"range_pct":17.0},{"product":"ORANGE BELTZ DIAMONDS DISPOSABLE VAPE - RETREAT","min_price":62.42819278798205,"max_price":74.04159930573792,"avg_price":68.73432773223452,"std_dev":1.6096111200334815,"store_count":14,"price_range":11.613406517755873,"range_pct":16.9},{"product":"24K LIVE RESIN DIAMONDS DISPOSABLE VAPE - RETREAT","min_price":67.80034245671453,"max_price":80.03632895966881,"avg_price":75.65942281561281,"std_dev":1.696690279821753,"store_count":14,"price_range":12.235986502954281,"range_pct":16.2},{"product":"RESERVE OG X BLUE DREAM DIAMONDS DISPOSABLE VAPE - RETREAT","min_price":59.71874872843425,"max_price":70.02315379955151,"avg_price":65.22652535003556,"std_dev":1.4288690342478716,"store_count":14,"price_range":10.304405071117255,"range_pct":15.8},{"product":"ANIMAL MINTS LIVE RESIN DIAMONDS CART - RETREAT","min_price":69.78260869565217,"max_price":81.28472222222221,"avg_price":74.17940646778072,"std_dev":1.8558192830409337,"store_count":14,"price_range":11.502113526570037,"range_pct":15.5},{"product":"BLOOD DRIVE DIAMONDS DISPOSABLE VAPE - RETREAT","min_price":59.797904191616766,"max_price":69.46355544729691,"avg_price":65.08218398401083,"std_dev":1.6485132612631568,"store_count":12,"price_range":9.665651255680148,"range_pct":14.9},{"product":"BLUE DREAM LIVE RESIN DIAMONDS DISPOSABLE VAPE - RETREAT","min_price":72.8030750363372,"max_price":83.45542636619606,"avg_price":77.38322092582268,"std_dev":1.5469263020322943,"store_count":14,"price_range":10.652351329858858,"range_pct":13.8}],"promotional_effectiveness":{"lift":{"fp_units_per_day":26.44,"disc_units_per_day":108.8,"lift_pct":311.5,"fp_avg_revenue_per_unit":93.97500000000001,"disc_avg_revenue_per_unit":65.725},"by_deal":[{"deal_name":"30% Off Special","uses":3369,"revenue":243397.28877067566,"discounts":104602.71145820618,"units":7348.0,"cost":109908.28382730484,"margin":54.8,"discount_depth":60.2},{"deal_name":"Industry - 30% Off","uses":2448,"revenue":194763.1508255005,"discounts":83528.09931993484,"units":5996.0,"cost":88480.92206478119,"margin":54.6,"discount_depth":60.0},{"deal_name":"Industry 30% Off","uses":1450,"revenue":128813.98756742477,"discounts":56032.262682914734,"units":3706.0,"cost":52959.51073884964,"margin":58.9,"discount_depth":60.6},{"deal_name":"Lit4Less - Retreat Live Carts - 2 for $60","uses":897,"revenue":172121.8875002861,"discounts":56903.1124997139,"units":4596.0,"cost":60954.44797992706,"margin":64.6,"discount_depth":49.6},{"deal_name":"Stock & Save -Retreat Cured 2 for 40","uses":849,"revenue":89429.00000095367,"discounts":37443.50000023842,"units":3576.0,"cost":55606.79814815521,"margin":37.8,"discount_depth":59.0},{"deal_name":"Lit4Less - Disposables - 2 for $60 (NO LR / HTE)","uses":751,"revenue":96281.8624997139,"discounts":26870.637500286102,"units":2577.0,"cost":40072.348672151566,"margin":58.4,"discount_depth":43.6},{"deal_name":"420 2025 - 60% Off","uses":690,"revenue":44404.949271678925,"discounts":66802.5501203537,"units":2270.0,"cost":33189.4238948822,"margin":25.3,"discount_depth":120.2},{"deal_name":"Fade 0.8g Cart + Retreat Disposable for $55","uses":685,"revenue":47628.324999809265,"discounts":17521.70000076294,"units":1384.0,"cost":21521.199276447296,"margin":54.8,"discount_depth":53.8},{"deal_name":"Retreat Cartridges 2 for $50","uses":614,"revenue":88630.77499866486,"discounts":52531.72499656677,"units":2842.0,"cost":37692.02376842499,"margin":57.5,"discount_depth":74.4},{"deal_name":"Stock & Save -Retreat Live Disposables - 2 for $50","uses":501,"revenue":66499.24999713898,"discounts":21220.74999809265,"units":2128.0,"cost":33090.39890289307,"margin":50.2,"discount_depth":48.4},{"deal_name":"Retreat 2 for $55 Disposables","uses":482,"revenue":71426.16250276566,"discounts":33818.837497234344,"units":2080.0,"cost":32343.99891614914,"margin":54.7,"discount_depth":64.2},{"deal_name":"Stock & Save - Retreat Cured 0.8g 2 for 60","uses":481,"revenue":78618.07500362396,"discounts":21429.424998760223,"units":2096.0,"cost":32592.798912525177,"margin":58.5,"discount_depth":42.8},{"deal_name":"Retreat Disposables 2 for $50","uses":457,"revenue":62537.5,"discounts":31425.0,"units":2002.0,"cost":31131.098957061768,"margin":50.2,"discount_depth":66.8},{"deal_name":"Lit4Less - 3 for $75 Carts - Srene / Select / AMA / Optimum / BC","uses":452,"revenue":43162.54999756813,"discounts":17862.449996471405,"units":1384.0,"cost":18355.29934167862,"margin":57.5,"discount_depth":58.6},{"deal_name":"Retreat 2 for $60 Cartridges","uses":436,"revenue":74033.00000190735,"discounts":28729.49999809265,"units":1972.0,"cost":26153.649139404297,"margin":64.7,"discount_depth":56.0},{"deal_name":"Stock & Save -Retreat Cured 2 for $55","uses":436,"revenue":64570.625,"discounts":17610.625,"units":1877.0,"cost":29187.3490357399,"margin":54.8,"discount_depth":42.8},{"deal_name":"Jackpot - Locals 30% Off","uses":422,"revenue":43931.25015735626,"discounts":19006.24994277954,"units":1302.0,"cost":19015.424365997314,"margin":56.7,"discount_depth":60.4},{"deal_name":"Stock & Save -Retreat Live Disposables - 2 for $70","uses":420,"revenue":81470.0,"discounts":11430.0,"units":1858.0,"cost":28304.024065732956,"margin":65.3,"discount_depth":24.6},{"deal_name":"60% Off Internal - G2B","uses":407,"revenue":29160.749745368958,"discounts":43819.250020980835,"units":1488.0,"cost":20782.27432012558,"margin":28.7,"discount_depth":120.0},{"deal_name":"Retreat Carts - 2 for $50","uses":381,"revenue":54914.92499987285,"discounts":32068.408333460487,"units":1759.3333333333333,"cost":23333.157571156822,"margin":57.5,"discount_depth":73.8}]},"growth_opportunities":[{"type":"sku_expansion","title":"Add 'BLOOD DRIVE DIAMONDS DISPOSABLE VAPE - RETREAT' to 1 more store(s)","detail":"Carried in 6 stores. Missing from: Elevation Downtown","priority":"medium"},{"type":"sku_expansion","title":"Add 'BLUE ALIEN DIAMONDS DISPOSABLE VAPE - RETREAT' to 1 more store(s)","detail":"Carried in 6 stores. Missing from: Elevation Downtown","priority":"medium"},{"type":"sku_expansion","title":"Add 'BLUE ALIEN X BLOOD DRIVE LIVE RESIN DIAMONDS CART - RETREAT' to 1 more store(s)","detail":"Carried in 6 stores. Missing from: Elevation Downtown","priority":"medium"},{"type":"sku_expansion","title":"Add 'BLUE ALIEN X BLOOD DRIVE LIVE RESIN DIAMONDS DISPOSABLE VAPE - RETREAT' to 1 more store(s)","detail":"Carried in 6 stores. Missing from: Elevation Downtown","priority":"medium"},{"type":"velocity","title":"Improve velocity in CARTRIDGE","detail":"Velocity index 58 (below category average). 21.5 units/day vs 37.2 avg.","priority":"medium"},{"type":"velocity","title":"Improve velocity in CONCENTRATE","detail":"Velocity index 1 (below category average). 0.1 units/day vs 7.7 avg.","priority":"medium"},{"type":"velocity","title":"Improve velocity in nan","detail":"Velocity index 0 (below category average). 0.0 units/day vs 0.0 avg.","priority":"medium"}],"trend":[{"period":"2024-01","revenue":33327.5,"cost":12688.800048828125,"margin":61.9,"units":816,"transactions":684,"profit":20638.701171875,"revenue_change_pct":null,"units_change_pct":null,"margin_change_pts":null},{"period":"2024-02","revenue":29552.0751953125,"cost":12346.69921875,"margin":58.2,"units":794,"transactions":576,"profit":17205.3759765625,"revenue_change_pct":-11.3,"units_change_pct":-2.7,"margin_change_pts":-3.7},{"period":"2024-03","revenue":96094.453125,"cost":40150.09765625,"margin":58.2,"units":2582,"transactions":2044,"profit":55944.3505859375,"revenue_change_pct":225.2,"units_change_pct":225.2,"margin_change_pts":-0.0},{"period":"2024-04","revenue":129093.671875,"cost":63776.0205078125,"margin":50.6,"units":4104,"transactions":3106,"profit":65317.6513671875,"revenue_change_pct":34.3,"units_change_pct":58.9,"margin_change_pts":-7.6},{"period":"2024-05","revenue":113209.55078125,"cost":40061.69921875,"margin":64.6,"units":2772,"transactions":2120,"profit":73147.8515625,"revenue_change_pct":-12.3,"units_change_pct":-32.5,"margin_change_pts":14.0},{"period":"2024-06","revenue":141579.951171875,"cost":51344.6240234375,"margin":63.7,"units":3414,"transactions":2646,"profit":90235.33203125,"revenue_change_pct":25.1,"units_change_pct":23.2,"margin_change_pts":-0.9},{"period":"2024-07","revenue":121948.828125,"cost":51338.5498046875,"margin":57.9,"units":3348,"transactions":2036,"profit":70610.2783203125,"revenue_change_pct":-13.9,"units_change_pct":-1.9,"margin_change_pts":-5.8},{"period":"2024-08","revenue":95449.296875,"cost":36734.54833984375,"margin":61.5,"units":2370,"transactions":1556,"profit":58714.7509765625,"revenue_change_pct":-21.7,"units_change_pct":-29.2,"margin_change_pts":3.6},{"period":"2024-09","revenue":92431.298828125,"cost":34917.67333984375,"margin":62.2,"units":2306,"transactions":1518,"profit":57513.6279296875,"revenue_change_pct":-3.2,"units_change_pct":-2.7,"margin_change_pts":0.7},{"period":"2024-10","revenue":125682.5,"cost":47764.4970703125,"margin":62.0,"units":3164,"transactions":2184,"profit":77918.0029296875,"revenue_change_pct":36.0,"units_change_pct":37.2,"margin_change_pts":-0.2},{"period":"2024-11","revenue":134200.029296875,"cost":68207.0458984375,"margin":49.2,"units":4534,"transactions":3022,"profit":65992.978515625,"revenue_change_pct":6.8,"units_change_pct":43.3,"margin_change_pts":-12.8},{"period":"2024-12","revenue":181430.7421875,"cost":87677.16796875,"margin":51.7,"units":5784,"transactions":3594,"profit":93753.57421875,"revenue_change_pct":35.2,"units_change_pct":27.6,"margin_change_pts":2.5},{"period":"2025-01","revenue":196797.55859375,"cost":89612.373046875,"margin":54.5,"units":5924,"transactions":3948,"profit":107185.17578125,"revenue_change_pct":8.5,"units_change_pct":2.4,"margin_change_pts":2.8},{"period":"2025-02","revenue":152368.75,"cost":62433.1494140625,"margin":59.0,"units":4218,"transactions":2698,"profit":89935.60546875,"revenue_change_pct":-22.6,"units_change_pct":-28.8,"margin_change_pts":4.6},{"period":"2025-03","revenue":176050.859375,"cost":68239.4482421875,"margin":61.2,"units":4642,"transactions":2974,"profit":107811.40625,"revenue_change_pct":15.5,"units_change_pct":10.1,"margin_change_pts":2.2},{"period":"2025-04","revenue":163596.15234375,"cost":79714.521484375,"margin":51.3,"units":5362,"transactions":3484,"profit":83881.630859375,"revenue_change_pct":-7.1,"units_change_pct":15.5,"margin_change_pts":-10.0},{"period":"2025-05","revenue":140055.0,"cost":51351.875,"margin":63.3,"units":3428,"transactions":2410,"profit":88703.125,"revenue_change_pct":-14.4,"units_change_pct":-36.1,"margin_change_pts":12.1},{"period":"2025-06","revenue":186929.27734375,"cost":74516.8701171875,"margin":60.1,"units":5086,"transactions":3426,"profit":112412.40234375,"revenue_change_pct":33.5,"units_change_pct":48.4,"margin_change_pts":-3.2},{"period":"2025-07","revenue":180560.2734375,"cost":70782.1484375,"margin":60.8,"units":4842,"transactions":3252,"profit":109778.125,"revenue_change_pct":-3.4,"units_change_pct":-4.8,"margin_change_pts":0.7},{"period":"2025-08","revenue":168226.89453125,"cost":67004.8486328125,"margin":60.2,"units":4512,"transactions":3262,"profit":101222.05078125,"revenue_change_pct":-6.8,"units_change_pct":-6.8,"margin_change_pts":-0.6},{"period":"2025-09","revenue":156379.404296875,"cost":62649.47265625,"margin":59.9,"units":4324,"transactions":2886,"profit":93729.921875,"revenue_change_pct":-7.0,"units_change_pct":-4.2,"margin_change_pts":-0.2},{"period":"2025-10","revenue":199594.74609375,"cost":82487.119140625,"margin":58.7,"units":5698,"transactions":3530,"profit":117107.626953125,"revenue_change_pct":27.6,"units_change_pct":31.8,"margin_change_pts":-1.3},{"period":"2025-11","revenue":220922.7734375,"cost":98697.392578125,"margin":55.3,"units":6952,"transactions":4076,"profit":122225.380859375,"revenue_change_pct":10.7,"units_change_pct":22.0,"margin_change_pts":-3.3},{"period":"2025-12","revenue":174894.453125,"cost":70368.8232421875,"margin":59.8,"units":4974,"transactions":2976,"profit":104525.625,"revenue_change_pct":-20.8,"units_change_pct":-28.5,"margin_change_pts":4.4},{"period":"2026-01","revenue":219055.546875,"cost":86244.74609375,"margin":60.6,"units":6120,"transactions":3620,"profit":132810.80078125,"revenue_change_pct":25.3,"units_change_pct":23.0,"margin_change_pts":0.9}]}