{"brand":"RETREAT","date_range":"2024-01-01 00:00:00 to 2026-01-31 00:00:00","period_label":"All Time","summary":{"total_units":102070,"total_revenue":3629431.5625,"total_cost":1511110.3125,"total_discounts":1206310.9375,"total_profit":2118321.25,"overall_margin":58.400001525878906,"fp_margin":68.30000305175781,"disc_margin":55.0,"pct_full_price":25.200000762939453,"avg_discount_rate":24.899999618530273,"fp_revenue":915697.5,"disc_revenue":2713734.0625,"unique_customers":43308,"brand":"RETREAT","date_range":"2024-01-01 00:00:00 to 2026-01-31 00:00:00","months_count":50,"avg_monthly_cost":60444.399999999994,"cost_per_unit":29.6,"primary_category":"DISPOSABLE VAPE","primary_cat_margin":52.79999923706055,"category_rank":4,"category_total":35,"margin_vs_category":5.599999904632568,"velocity_rank":4},"category_breakdown":[{"category_clean":"DISPOSABLE VAPE","units":69174,"revenue":2436917.96875,"cost":1075655.703125,"profit":1361262.34375,"discounts":756229.53125,"margin":55.900001525878906,"category_avg_margin":52.79999923706055,"vs_category":3.1,"rank":4.0,"total_brands":35.0},{"category_clean":"CARTRIDGE","units":32766,"revenue":1186768.828125,"cost":434559.0625,"profit":752209.765625,"discounts":449203.671875,"margin":63.400001525878906,"category_avg_margin":50.400001525878906,"vs_category":13.0,"rank":9.0,"total_brands":27.0},{"category_clean":"CONCENTRATE","units":80,"revenue":3402.5,"cost":565.0,"profit":2837.5,"discounts":597.5,"margin":83.4000015258789,"category_avg_margin":45.900001525878906,"vs_category":37.5,"rank":22.0,"total_brands":27.0}],"trend":[{"period":"2024-01","revenue":33327.5,"cost":12688.800048828125,"margin":61.9,"units":816,"transactions":684,"profit":20638.701171875,"revenue_change_pct":null,"units_change_pct":null,"margin_change_pts":null},{"period":"2024-02","revenue":29552.0751953125,"cost":12346.69921875,"margin":58.2,"units":794,"transactions":576,"profit":17205.3759765625,"revenue_change_pct":-11.3,"units_change_pct":-2.7,"margin_change_pts":-3.7},{"period":"2024-03","revenue":96094.453125,"cost":40150.09765625,"margin":58.2,"units":2582,"transactions":2044,"profit":55944.3505859375,"revenue_change_pct":225.2,"units_change_pct":225.2,"margin_change_pts":-0.0},{"period":"2024-04","revenue":129093.671875,"cost":63776.0205078125,"margin":50.6,"units":4104,"transactions":3106,"profit":65317.6513671875,"revenue_change_pct":34.3,"units_change_pct":58.9,"margin_change_pts":-7.6},{"period":"2024-05","revenue":113209.55078125,"cost":40061.69921875,"margin":64.6,"units":2772,"transactions":2120,"profit":73147.8515625,"revenue_change_pct":-12.3,"units_change_pct":-32.5,"margin_change_pts":14.0},{"period":"2024-06","revenue":141579.951171875,"cost":51344.6240234375,"margin":63.7,"units":3414,"transactions":2646,"profit":90235.33203125,"revenue_change_pct":25.1,"units_change_pct":23.2,"margin_change_pts":-0.9},{"period":"2024-07","revenue":121948.828125,"cost":51338.5498046875,"margin":57.9,"units":3348,"transactions":2036,"profit":70610.2783203125,"revenue_change_pct":-13.9,"units_change_pct":-1.9,"margin_change_pts":-5.8},{"period":"2024-08","revenue":95449.296875,"cost":36734.54833984375,"margin":61.5,"units":2370,"transactions":1556,"profit":58714.7509765625,"revenue_change_pct":-21.7,"units_change_pct":-29.2,"margin_change_pts":3.6},{"period":"2024-09","revenue":92431.298828125,"cost":34917.67333984375,"margin":62.2,"units":2306,"transactions":1518,"profit":57513.6279296875,"revenue_change_pct":-3.2,"units_change_pct":-2.7,"margin_change_pts":0.7},{"period":"2024-10","revenue":125682.5,"cost":47764.4970703125,"margin":62.0,"units":3164,"transactions":2184,"profit":77918.0029296875,"revenue_change_pct":36.0,"units_change_pct":37.2,"margin_change_pts":-0.2},{"period":"2024-11","revenue":134200.029296875,"cost":68207.0458984375,"margin":49.2,"units":4534,"transactions":3022,"profit":65992.978515625,"revenue_change_pct":6.8,"units_change_pct":43.3,"margin_change_pts":-12.8},{"period":"2024-12","revenue":181430.7421875,"cost":87677.16796875,"margin":51.7,"units":5784,"transactions":3594,"profit":93753.57421875,"revenue_change_pct":35.2,"units_change_pct":27.6,"margin_change_pts":2.5},{"period":"2025-01","revenue":196797.55859375,"cost":89612.373046875,"margin":54.5,"units":5924,"transactions":3948,"profit":107185.17578125,"revenue_change_pct":8.5,"units_change_pct":2.4,"margin_change_pts":2.8},{"period":"2025-02","revenue":152368.75,"cost":62433.1494140625,"margin":59.0,"units":4218,"transactions":2698,"profit":89935.60546875,"revenue_change_pct":-22.6,"units_change_pct":-28.8,"margin_change_pts":4.6},{"period":"2025-03","revenue":176050.859375,"cost":68239.4482421875,"margin":61.2,"units":4642,"transactions":2974,"profit":107811.40625,"revenue_change_pct":15.5,"units_change_pct":10.1,"margin_change_pts":2.2},{"period":"2025-04","revenue":163596.15234375,"cost":79714.521484375,"margin":51.3,"units":5362,"transactions":3484,"profit":83881.630859375,"revenue_change_pct":-7.1,"units_change_pct":15.5,"margin_change_pts":-10.0},{"period":"2025-05","revenue":140055.0,"cost":51351.875,"margin":63.3,"units":3428,"transactions":2410,"profit":88703.125,"revenue_change_pct":-14.4,"units_change_pct":-36.1,"margin_change_pts":12.1},{"period":"2025-06","revenue":186929.27734375,"cost":74516.8701171875,"margin":60.1,"units":5086,"transactions":3426,"profit":112412.40234375,"revenue_change_pct":33.5,"units_change_pct":48.4,"margin_change_pts":-3.2},{"period":"2025-07","revenue":180560.2734375,"cost":70782.1484375,"margin":60.8,"units":4842,"transactions":3252,"profit":109778.125,"revenue_change_pct":-3.4,"units_change_pct":-4.8,"margin_change_pts":0.7},{"period":"2025-08","revenue":168226.89453125,"cost":67004.8486328125,"margin":60.2,"units":4512,"transactions":3262,"profit":101222.05078125,"revenue_change_pct":-6.8,"units_change_pct":-6.8,"margin_change_pts":-0.6},{"period":"2025-09","revenue":156379.404296875,"cost":62649.47265625,"margin":59.9,"units":4324,"transactions":2886,"profit":93729.921875,"revenue_change_pct":-7.0,"units_change_pct":-4.2,"margin_change_pts":-0.2},{"period":"2025-10","revenue":199594.74609375,"cost":82487.119140625,"margin":58.7,"units":5698,"transactions":3530,"profit":117107.626953125,"revenue_change_pct":27.6,"units_change_pct":31.8,"margin_change_pts":-1.3},{"period":"2025-11","revenue":220922.7734375,"cost":98697.392578125,"margin":55.3,"units":6952,"transactions":4076,"profit":122225.380859375,"revenue_change_pct":10.7,"units_change_pct":22.0,"margin_change_pts":-3.3},{"period":"2025-12","revenue":174894.453125,"cost":70368.8232421875,"margin":59.8,"units":4974,"transactions":2976,"profit":104525.625,"revenue_change_pct":-20.8,"units_change_pct":-28.5,"margin_change_pts":4.4},{"period":"2026-01","revenue":219055.546875,"cost":86244.74609375,"margin":60.6,"units":6120,"transactions":3620,"profit":132810.80078125,"revenue_change_pct":25.3,"units_change_pct":23.0,"margin_change_pts":0.9}],"share_of_category":[{"category":"DISPOSABLE VAPE","brand_revenue":2436918.125,"category_revenue":30552405.0,"revenue_share_pct":8.0,"brand_units":69174,"category_units":756548,"units_share_pct":9.1},{"category":"CARTRIDGE","brand_revenue":1186768.828125,"category_revenue":46155130.0,"revenue_share_pct":2.5999999046325684,"brand_units":32766,"category_units":1532896,"units_share_pct":2.1},{"category":"CONCENTRATE","brand_revenue":3402.5,"category_revenue":7866357.5,"revenue_share_pct":0.0,"brand_units":80,"category_units":316632,"units_share_pct":0.0},{"category":0.0,"brand_revenue":0.0,"category_revenue":0.0,"revenue_share_pct":0.0,"brand_units":0,"category_units":0,"units_share_pct":0.0}],"share_of_category_trend":{"DISPOSABLE VAPE":[{"period":"2024-01","brand_revenue":33327.5,"category_revenue":933474.921875,"share_pct":3.5999999046325684},{"period":"2024-02","brand_revenue":29552.0751953125,"category_revenue":877782.109375,"share_pct":3.4000000953674316},{"period":"2024-03","brand_revenue":96094.453125,"category_revenue":990692.03125,"share_pct":9.699999809265137},{"period":"2024-04","brand_revenue":128261.171875,"category_revenue":971952.1875,"share_pct":13.199999809265137},{"period":"2024-05","brand_revenue":62223.2763671875,"category_revenue":1035100.46875,"share_pct":6.0},{"period":"2024-06","brand_revenue":105946.552734375,"category_revenue":1039794.21875,"share_pct":10.199999809265137},{"period":"2024-07","brand_revenue":107685.751953125,"category_revenue":1081636.5625,"share_pct":10.0},{"period":"2024-08","brand_revenue":93033.671875,"category_revenue":1098658.125,"share_pct":8.5},{"period":"2024-09","brand_revenue":81783.798828125,"category_revenue":1056394.53125,"share_pct":7.699999809265137},{"period":"2024-10","brand_revenue":101215.0,"category_revenue":1197041.171875,"share_pct":8.5},{"period":"2024-11","brand_revenue":101340.029296875,"category_revenue":1193980.234375,"share_pct":8.5},{"period":"2024-12","brand_revenue":139716.50390625,"category_revenue":1222008.984375,"share_pct":11.399999618530273},{"period":"2025-01","brand_revenue":151212.275390625,"category_revenue":1100552.421875,"share_pct":13.699999809265137},{"period":"2025-02","brand_revenue":98123.251953125,"category_revenue":1167271.25,"share_pct":8.399999618530273},{"period":"2025-03","brand_revenue":110391.25,"category_revenue":1348856.71875,"share_pct":8.199999809265137},{"period":"2025-04","brand_revenue":116039.248046875,"category_revenue":1414639.84375,"share_pct":8.199999809265137},{"period":"2025-05","brand_revenue":100443.251953125,"category_revenue":1460588.4375,"share_pct":6.900000095367432},{"period":"2025-06","brand_revenue":112025.146484375,"category_revenue":1320852.96875,"share_pct":8.5},{"period":"2025-07","brand_revenue":108015.8984375,"category_revenue":1451194.84375,"share_pct":7.400000095367432},{"period":"2025-08","brand_revenue":116919.19921875,"category_revenue":1403520.625,"share_pct":8.300000190734863},{"period":"2025-09","brand_revenue":86801.279296875,"category_revenue":1317518.125,"share_pct":6.599999904632568},{"period":"2025-10","brand_revenue":108000.37109375,"category_revenue":1511693.75,"share_pct":7.099999904632568},{"period":"2025-11","brand_revenue":97249.345703125,"category_revenue":1481709.21875,"share_pct":6.599999904632568},{"period":"2025-12","brand_revenue":69103.076171875,"category_revenue":1476896.875,"share_pct":4.699999809265137},{"period":"2026-01","brand_revenue":82414.62890625,"category_revenue":1398594.84375,"share_pct":5.900000095367432}],"CARTRIDGE":[{"period":"2024-01","brand_revenue":0.0,"category_revenue":2057675.625,"share_pct":0.0},{"period":"2024-02","brand_revenue":0.0,"category_revenue":2141777.8125,"share_pct":0.0},{"period":"2024-03","brand_revenue":0.0,"category_revenue":2288552.1875,"share_pct":0.0},{"period":"2024-04","brand_revenue":832.5,"category_revenue":2096820.46875,"share_pct":0.0},{"period":"2024-05","brand_revenue":49220.0244140625,"category_revenue":2138038.59375,"share_pct":2.299999952316284},{"period":"2024-06","brand_revenue":35633.40087890625,"category_revenue":2017623.90625,"share_pct":1.7999999523162842},{"period":"2024-07","brand_revenue":14263.074951171875,"category_revenue":2031918.28125,"share_pct":0.699999988079071},{"period":"2024-08","brand_revenue":2415.625,"category_revenue":2132382.65625,"share_pct":0.10000000149011612},{"period":"2024-09","brand_revenue":8115.0,"category_revenue":1955407.03125,"share_pct":0.4000000059604645},{"period":"2024-10","brand_revenue":23597.5,"category_revenue":2083993.125,"share_pct":1.100000023841858},{"period":"2024-11","brand_revenue":32860.0,"category_revenue":2038609.375,"share_pct":1.600000023841858},{"period":"2024-12","brand_revenue":41349.7509765625,"category_revenue":2003932.03125,"share_pct":2.0999999046325684},{"period":"2025-01","brand_revenue":45373.7744140625,"category_revenue":1921719.21875,"share_pct":2.4000000953674316},{"period":"2025-02","brand_revenue":54245.498046875,"category_revenue":1668647.5,"share_pct":3.299999952316284},{"period":"2025-03","brand_revenue":65659.599609375,"category_revenue":1758711.25,"share_pct":3.700000047683716},{"period":"2025-04","brand_revenue":47556.8994140625,"category_revenue":1735997.5,"share_pct":2.700000047683716},{"period":"2025-05","brand_revenue":39611.75048828125,"category_revenue":1688800.46875,"share_pct":2.299999952316284},{"period":"2025-06","brand_revenue":74904.1259765625,"category_revenue":1594515.0,"share_pct":4.699999809265137},{"period":"2025-07","brand_revenue":72544.375,"category_revenue":1595739.53125,"share_pct":4.5},{"period":"2025-08","brand_revenue":51307.7001953125,"category_revenue":1677489.6875,"share_pct":3.0999999046325684},{"period":"2025-09","brand_revenue":69578.125,"category_revenue":1539547.96875,"share_pct":4.5},{"period":"2025-10","brand_revenue":91594.375,"category_revenue":1548909.21875,"share_pct":5.900000095367432},{"period":"2025-11","brand_revenue":123673.427734375,"category_revenue":1545430.15625,"share_pct":8.0},{"period":"2025-12","brand_revenue":105791.376953125,"category_revenue":1467828.28125,"share_pct":7.199999809265137},{"period":"2026-01","brand_revenue":136640.927734375,"category_revenue":1425064.0625,"share_pct":9.600000381469727}],"CONCENTRATE":[{"period":"2024-01","brand_revenue":0.0,"category_revenue":351129.609375,"share_pct":0.0},{"period":"2024-02","brand_revenue":0.0,"category_revenue":371224.4921875,"share_pct":0.0},{"period":"2024-03","brand_revenue":0.0,"category_revenue":375964.296875,"share_pct":0.0},{"period":"2024-04","brand_revenue":0.0,"category_revenue":352745.859375,"share_pct":0.0},{"period":"2024-05","brand_revenue":0.0,"category_revenue":346027.5,"share_pct":0.0},{"period":"2024-06","brand_revenue":0.0,"category_revenue":310723.3984375,"share_pct":0.0},{"period":"2024-07","brand_revenue":0.0,"category_revenue":336220.078125,"share_pct":0.0},{"period":"2024-08","brand_revenue":0.0,"category_revenue":324004.04296875,"share_pct":0.0},{"period":"2024-09","brand_revenue":2532.5,"category_revenue":326834.1796875,"share_pct":0.800000011920929},{"period":"2024-10","brand_revenue":870.0,"category_revenue":324500.859375,"share_pct":0.30000001192092896},{"period":"2024-11","brand_revenue":0.0,"category_revenue":351240.0390625,"share_pct":0.0},{"period":"2024-12","brand_revenue":0.0,"category_revenue":324145.4296875,"share_pct":0.0},{"period":"2025-01","brand_revenue":0.0,"category_revenue":325749.19921875,"share_pct":0.0},{"period":"2025-02","brand_revenue":0.0,"category_revenue":300499.0234375,"share_pct":0.0},{"period":"2025-03","brand_revenue":0.0,"category_revenue":298171.5234375,"share_pct":0.0},{"period":"2025-04","brand_revenue":0.0,"category_revenue":343355.625,"share_pct":0.0},{"period":"2025-05","brand_revenue":0.0,"category_revenue":288836.62109375,"share_pct":0.0},{"period":"2025-06","brand_revenue":0.0,"category_revenue":280928.33984375,"share_pct":0.0},{"period":"2025-07","brand_revenue":0.0,"category_revenue":283604.1796875,"share_pct":0.0},{"period":"2025-08","brand_revenue":0.0,"category_revenue":274773.76953125,"share_pct":0.0},{"period":"2025-09","brand_revenue":0.0,"category_revenue":264599.19921875,"share_pct":0.0},{"period":"2025-10","brand_revenue":0.0,"category_revenue":277515.46875,"share_pct":0.0},{"period":"2025-11","brand_revenue":0.0,"category_revenue":295773.3203125,"share_pct":0.0},{"period":"2025-12","brand_revenue":0.0,"category_revenue":267042.05078125,"share_pct":0.0},{"period":"2026-01","brand_revenue":0.0,"category_revenue":270749.70703125,"share_pct":0.0}]},"discount_depth":[{"tier":"0% (Full Price)","transactions":18870,"pct_of_transactions":20.6,"revenue":915628.75,"avg_discount":0.0},{"tier":"1-10%","transactions":2064,"pct_of_transactions":2.3,"revenue":100916.220703125,"avg_discount":19.200000762939453},{"tier":"11-20%","transactions":5852,"pct_of_transactions":6.4,"revenue":301631.71875,"avg_discount":31.600000381469727},{"tier":"21-30%","transactions":29756,"pct_of_transactions":32.5,"revenue":1144308.125,"avg_discount":52.20000076293945},{"tier":"31%+","transactions":21266,"pct_of_transactions":23.3,"revenue":659235.46875,"avg_discount":88.5999984741211}],"velocity":{"units_per_day":133.96,"revenue_per_day":4763.02490234375,"avg_units_per_txn":3.02,"days_of_data":762,"total_units":102070,"total_transactions":67628},"velocity_by_category":[{"category":"DISPOSABLE VAPE","brand_units_per_day":90.78,"category_avg_units_per_day":28.36,"velocity_index":320.0,"brand_rev_per_unit":28.18,"category_rev_per_unit":32.31,"brands_in_category":35},{"category":"CARTRIDGE","brand_units_per_day":43.0,"category_avg_units_per_day":74.5,"velocity_index":57.7,"brand_rev_per_unit":28.98,"category_rev_per_unit":24.09,"brands_in_category":27},{"category":"CONCENTRATE","brand_units_per_day":0.1,"category_avg_units_per_day":15.38,"velocity_index":0.7,"brand_rev_per_unit":34.02,"category_rev_per_unit":19.88,"brands_in_category":27},{"category":0.0,"brand_units_per_day":0.0,"category_avg_units_per_day":0,"velocity_index":0,"brand_rev_per_unit":0.0,"category_rev_per_unit":0.0,"brands_in_category":0}],"deals":[{"deal_name":"30% Off Special","times_used":6738,"units":7348.0,"revenue":243397.28877067566,"discounts":104602.71145820618,"cost":109908.28382730484,"profit":133489.00171995163,"pre_discount_revenue":348000.0,"margin":54.8,"avg_discount":60.2},{"deal_name":"Industry - 30% Off","times_used":4896,"units":5996.0,"revenue":194763.1508255005,"discounts":83528.09931993484,"cost":88480.92206478119,"profit":106282.22618818283,"pre_discount_revenue":278291.25,"margin":54.6,"avg_discount":60.0},{"deal_name":"Industry 30% Off","times_used":2900,"units":3706.0,"revenue":128813.98756742477,"discounts":56032.262682914734,"cost":52959.51073884964,"profit":75854.47389364243,"pre_discount_revenue":184846.25,"margin":58.9,"avg_discount":60.6},{"deal_name":"Lit4Less - Retreat Live Carts - 2 for $60","times_used":1794,"units":4596.0,"revenue":172121.8875002861,"discounts":56903.1124997139,"cost":60954.44797992706,"profit":111167.43431210518,"pre_discount_revenue":229025.0,"margin":64.6,"avg_discount":49.6},{"deal_name":"Stock & Save -Retreat Cured 2 for 40","times_used":1698,"units":3576.0,"revenue":89429.00000095367,"discounts":37443.50000023842,"cost":55606.79814815521,"profit":33822.20185279846,"pre_discount_revenue":126872.5,"margin":37.8,"avg_discount":59.0},{"deal_name":"Lit4Less - Disposables - 2 for $60 (NO LR / HTE)","times_used":1502,"units":2577.0,"revenue":96281.8624997139,"discounts":26870.637500286102,"cost":40072.348672151566,"profit":56209.5167529583,"pre_discount_revenue":123152.5,"margin":58.4,"avg_discount":43.6},{"deal_name":"420 2025 - 60% Off","times_used":1380,"units":2270.0,"revenue":44404.949271678925,"discounts":66802.5501203537,"cost":33189.4238948822,"profit":11215.525376796722,"pre_discount_revenue":111207.5,"margin":25.3,"avg_discount":120.2},{"deal_name":"Fade 0.8g Cart + Retreat Disposable for $55","times_used":1370,"units":1384.0,"revenue":47628.324999809265,"discounts":17521.70000076294,"cost":21521.199276447296,"profit":26107.125732898712,"pre_discount_revenue":65150.02499999944,"margin":54.8,"avg_discount":53.8},{"deal_name":"Retreat Cartridges 2 for $50","times_used":1228,"units":2842.0,"revenue":88630.77499866486,"discounts":52531.72499656677,"cost":37692.02376842499,"profit":50938.75123023987,"pre_discount_revenue":141162.5,"margin":57.5,"avg_discount":74.4},{"deal_name":"Stock & Save -Retreat Live Disposables - 2 for $50","times_used":1002,"units":2128.0,"revenue":66499.24999713898,"discounts":21220.74999809265,"cost":33090.39890289307,"profit":33408.85111808777,"pre_discount_revenue":87720.0,"margin":50.2,"avg_discount":48.4},{"deal_name":"Retreat 2 for $55 Disposables","times_used":964,"units":2080.0,"revenue":71426.16250276566,"discounts":33818.837497234344,"cost":32343.99891614914,"profit":39082.163586616516,"pre_discount_revenue":105245.0,"margin":54.7,"avg_discount":64.2},{"deal_name":"Stock & Save - Retreat Cured 0.8g 2 for 60","times_used":962,"units":2096.0,"revenue":78618.07500362396,"discounts":21429.424998760223,"cost":32592.798912525177,"profit":46025.27849435806,"pre_discount_revenue":100047.5,"margin":58.5,"avg_discount":42.8},{"deal_name":"Retreat Disposables 2 for $50","times_used":914,"units":2002.0,"revenue":62537.5,"discounts":31425.0,"cost":31131.098957061768,"profit":31406.401047706604,"pre_discount_revenue":93962.5,"margin":50.2,"avg_discount":66.8},{"deal_name":"Lit4Less - 3 for $75 Carts - Srene / Select / AMA / Optimum / BC","times_used":904,"units":1384.0,"revenue":43162.54999756813,"discounts":17862.449996471405,"cost":18355.29934167862,"profit":24807.25062727928,"pre_discount_revenue":61025.0,"margin":57.5,"avg_discount":58.6},{"deal_name":"Retreat 2 for $60 Cartridges","times_used":872,"units":1972.0,"revenue":74033.00000190735,"discounts":28729.49999809265,"cost":26153.649139404297,"profit":47879.34856414795,"pre_discount_revenue":102762.5,"margin":64.7,"avg_discount":56.0},{"deal_name":"Stock & Save -Retreat Cured 2 for $55","times_used":872,"units":1877.0,"revenue":64570.625,"discounts":17610.625,"cost":29187.3490357399,"profit":35383.27599287033,"pre_discount_revenue":82181.25,"margin":54.8,"avg_discount":42.8},{"deal_name":"Jackpot - Locals 30% Off","times_used":844,"units":1302.0,"revenue":43931.25015735626,"discounts":19006.24994277954,"cost":19015.424365997314,"profit":24915.825107097626,"pre_discount_revenue":62937.5,"margin":56.7,"avg_discount":60.4},{"deal_name":"Stock & Save -Retreat Live Disposables - 2 for $70","times_used":840,"units":1858.0,"revenue":81470.0,"discounts":11430.0,"cost":28304.024065732956,"profit":53165.97774028778,"pre_discount_revenue":92900.0,"margin":65.3,"avg_discount":24.6},{"deal_name":"60% Off Internal - G2B","times_used":814,"units":1488.0,"revenue":29160.749745368958,"discounts":43819.250020980835,"cost":20782.27432012558,"profit":8378.475425243378,"pre_discount_revenue":72980.0,"margin":28.7,"avg_discount":120.0},{"deal_name":"Retreat Carts - 2 for $50","times_used":762,"units":1759.3333333333333,"revenue":54914.92499987285,"discounts":32068.408333460487,"cost":23333.157571156822,"profit":31581.767419179283,"pre_discount_revenue":86983.33333333334,"margin":57.5,"avg_discount":73.8},{"deal_name":"Internal Last Chance - 40% Off","times_used":718,"units":1188.0,"revenue":35286.500037908554,"discounts":23565.999648571014,"cost":17148.936941623688,"profit":18137.56307721138,"pre_discount_revenue":58852.5,"margin":51.4,"avg_discount":80.0},{"deal_name":"Stock & Save -Retreat Live 0.8g Disposables - 2 for $70","times_used":700,"units":1510.0,"revenue":63388.34999084473,"discounts":15066.64999961853,"cost":23480.499217510223,"profit":39907.85227060318,"pre_discount_revenue":78455.0,"margin":63.0,"avg_discount":38.4},{"deal_name":"Lit4Less - Retreat Live Disposables - 2 for $70","times_used":674,"units":1480.0,"revenue":64605.0,"discounts":12975.0,"cost":23013.999228477478,"profit":41591.00245952606,"pre_discount_revenue":77580.0,"margin":64.4,"avg_discount":33.4},{"deal_name":"Senior - 10% Off","times_used":654,"units":828.3333333333334,"revenue":35531.97928349177,"discounts":4165.52080531915,"cost":12187.73292740186,"profit":23344.246568282448,"pre_discount_revenue":39697.5,"margin":65.7,"avg_discount":21.0},{"deal_name":"Spark the Summer Sale","times_used":618,"units":906.0,"revenue":26585.07489681244,"discounts":17824.924702644348,"cost":13434.074556827545,"profit":13151.000339984894,"pre_discount_revenue":44410.0,"margin":49.5,"avg_discount":80.2},{"deal_name":"Retreat Disposables 2 for $40","times_used":616,"units":1344.0,"revenue":33655.0,"discounts":19377.5,"cost":20899.199302196503,"profit":12755.800697803497,"pre_discount_revenue":53032.5,"margin":37.9,"avg_discount":73.0},{"deal_name":"GW - 60% OFF Elevation House Flower","times_used":594,"units":1050.0,"revenue":18380.999863147736,"discounts":27571.4995098114,"cost":15252.374501228333,"profit":3128.625361919403,"pre_discount_revenue":45952.5,"margin":17.0,"avg_discount":120.0},{"deal_name":"Veterans - 10% Off","times_used":538,"units":630.0,"revenue":27002.63757944107,"discounts":3187.36246407032,"cost":9329.849691390991,"profit":17672.788093090057,"pre_discount_revenue":30190.0,"margin":65.4,"avg_discount":21.2},{"deal_name":"40% Off Special","times_used":440,"units":553.0,"revenue":16546.0751247406,"discounts":11060.174760818481,"cost":8093.612228631973,"profit":8452.462893724442,"pre_discount_revenue":27606.25,"margin":51.1,"avg_discount":80.2},{"deal_name":"Stock & Save - Retreat Cured 0.8g 2 for 62","times_used":384,"units":870.0,"revenue":33732.5,"discounts":11262.5,"cost":13528.499546051025,"profit":20204.001474380493,"pre_discount_revenue":44995.0,"margin":59.9,"avg_discount":50.0},{"deal_name":"50% Off Elevation House Brands","times_used":380,"units":530.0,"revenue":11981.25,"discounts":11893.75,"cost":8241.499724388123,"profit":3739.7502756118774,"pre_discount_revenue":23875.0,"margin":31.2,"avg_discount":99.6},{"deal_name":"Retreat 2 for $50 Cartridges","times_used":376,"units":878.0,"revenue":27388.075001239777,"discounts":16119.424998760223,"cost":11644.474608898163,"profit":15743.600392341614,"pre_discount_revenue":43507.5,"margin":57.5,"avg_discount":74.0},{"deal_name":"4/20! 60% Off!!!","times_used":370,"units":566.0,"revenue":10170.0,"discounts":15255.0,"cost":8801.299712657928,"profit":1368.7002873420715,"pre_discount_revenue":25425.0,"margin":13.5,"avg_discount":120.0},{"deal_name":"Retreat Disposables 2 for $55","times_used":318,"units":698.0,"revenue":23993.75,"discounts":10041.25,"cost":10853.899636268616,"profit":13139.850363731384,"pre_discount_revenue":34035.0,"margin":54.8,"avg_discount":59.0},{"deal_name":"Internal Vapes - 25% Off","times_used":290,"units":385.0,"revenue":14050.625,"discounts":4759.375,"cost":5561.274820566177,"profit":8489.35024857521,"pre_discount_revenue":18810.0,"margin":60.4,"avg_discount":50.6},{"deal_name":"Internal - 25% Off","times_used":286,"units":392.0,"revenue":14228.025000095367,"discounts":4866.974999904633,"cost":5718.162310123444,"profit":8509.862837791443,"pre_discount_revenue":19095.0,"margin":59.8,"avg_discount":51.0},{"deal_name":"Senior / Veterans - 20% Off","times_used":284,"units":390.0,"revenue":15154.999837875366,"discounts":3802.4999618530273,"cost":5698.499798774719,"profit":9456.499917507172,"pre_discount_revenue":18957.5,"margin":62.4,"avg_discount":40.2},{"deal_name":"Retreat Disposables 2 for $60","times_used":256,"units":558.0,"revenue":20925.0,"discounts":6875.0,"cost":8676.899712085724,"profit":12248.100938796997,"pre_discount_revenue":27800.0,"margin":58.5,"avg_discount":49.4},{"deal_name":"Retreat 2 for $60 Disposables","times_used":182,"units":412.0,"revenue":15450.0,"discounts":5645.0,"cost":6406.5997886657715,"profit":9043.400688171387,"pre_discount_revenue":21095.0,"margin":58.5,"avg_discount":53.6},{"deal_name":"Stock & Save -Retreat Live 0.8g Disposables - 2 for $72","times_used":182,"units":392.0,"revenue":17685.0,"discounts":4250.0,"cost":6095.599794387817,"profit":11589.400653839111,"pre_discount_revenue":21935.0,"margin":65.5,"avg_discount":38.8},{"deal_name":"Retreat Cartridges 2 for $60","times_used":146,"units":318.0,"revenue":11950.0,"discounts":3955.0,"cost":4217.474863529205,"profit":7732.524757385254,"pre_discount_revenue":15905.0,"margin":64.7,"avg_discount":49.8},{"deal_name":"40% Off Elevation House Brands","times_used":138,"units":186.0,"revenue":5580.0,"discounts":3720.0,"cost":2892.2999024391174,"profit":2687.7000975608826,"pre_discount_revenue":9300.0,"margin":48.2,"avg_discount":80.0},{"deal_name":"LVAC - 25% Off","times_used":130,"units":152.0,"revenue":5302.474994659424,"discounts":1887.5250005722046,"cost":2240.0749254226685,"profit":3062.400064468384,"pre_discount_revenue":7190.0,"margin":57.8,"avg_discount":52.6},{"deal_name":"Retreat Disposables 2 for $65","times_used":120,"units":248.0,"revenue":10079.375,"discounts":1533.125,"cost":3856.3998699188232,"profit":6222.975425720215,"pre_discount_revenue":11612.5,"margin":61.7,"avg_discount":26.4},{"deal_name":"Employee 30% - NOT FRIDAYS","times_used":112,"units":138.0,"revenue":4692.625021934509,"discounts":2011.1249899864197,"cost":1959.6499359607697,"profit":2732.975001335144,"pre_discount_revenue":6703.75,"margin":58.2,"avg_discount":60.0},{"deal_name":"Retreat 0.5g Liquid Diamond Disposables 2 for $50","times_used":112,"units":228.0,"revenue":7125.0,"discounts":2105.0,"cost":3545.3998804092407,"profit":3579.6001195907593,"pre_discount_revenue":9230.0,"margin":50.2,"avg_discount":45.6},{"deal_name":"Retreat Live Resin Liquid Diamond Disposables - 3 for $100","times_used":112,"units":378.0,"revenue":15890.150566101074,"discounts":3199.8500204086304,"cost":5786.39981508255,"profit":10103.751077651978,"pre_discount_revenue":19090.0,"margin":63.6,"avg_discount":33.6},{"deal_name":"Retreat 2 for $50","times_used":90,"units":222.0,"revenue":6987.5,"discounts":4280.0,"cost":3319.4248938560486,"profit":3668.0751061439514,"pre_discount_revenue":11267.5,"margin":52.5,"avg_discount":76.0},{"deal_name":"Retreat Cured Liquid Diamonds 3 for $80","times_used":90,"units":296.0,"revenue":9718.875045776367,"discounts":3243.625075817108,"cost":4602.799866199493,"profit":5116.075177192688,"pre_discount_revenue":12962.5,"margin":52.6,"avg_discount":50.0},{"deal_name":"Employee - 40% OFF","times_used":66,"units":81.0,"revenue":2334.375002384186,"discounts":1634.3749904632568,"cost":1138.312462568283,"profit":1196.0625398159027,"pre_discount_revenue":3968.75,"margin":51.2,"avg_discount":82.4}],"top_products":[{"product":"BLUE DREAM LIVE RESIN DIAMONDS DISPOSABLE VAPE - RETREAT","units":5322,"revenue":210368.73046875,"cost":82757.099609375,"profit":127611.630859375,"transactions":4714,"margin":60.70000076293945},{"product":"CHEMICAL COMPOUND LIVE RESIN DIAMONDS CART - RETREAT","units":4854,"revenue":184847.59765625,"cost":64376.171875,"profit":120471.42578125,"transactions":4166,"margin":65.19999694824219},{"product":"TANGIE KUSH DIAMONDS DISPOSABLE VAPE - RETREAT","units":4958,"revenue":172190.33203125,"cost":77096.8994140625,"profit":95093.427734375,"transactions":4550,"margin":55.20000076293945},{"product":"SOUR BANANA SHERBERT DIAMONDS DISPOSABLE VAPE - RETREAT","units":5036,"revenue":165038.3203125,"cost":78309.7998046875,"profit":86728.525390625,"transactions":4580,"margin":52.599998474121094},{"product":"PURE KUSH DIAMONDS DISPOSABLE VAPE - RETREAT","units":4854,"revenue":162916.279296875,"cost":75479.697265625,"profit":87436.58203125,"transactions":4324,"margin":53.70000076293945},{"product":"BLUE ALIEN LIVE RESIN DIAMONDS DISPOSABLE VAPE - RETREAT","units":3846,"revenue":148593.3984375,"cost":59805.2978515625,"profit":88788.10546875,"transactions":3364,"margin":59.79999923706055},{"product":"WEDDING STOMPER DIAMONDS DISPOSABLE VAPE - RETREAT","units":4404,"revenue":142722.021484375,"cost":68482.197265625,"profit":74239.8291015625,"transactions":4054,"margin":52.0},{"product":"PURE KUSH LIVE RESIN DIAMONDS CART - RETREAT","units":3476,"revenue":131450.126953125,"cost":46100.44921875,"profit":85349.677734375,"transactions":3014,"margin":64.9000015258789},{"product":"BLUE ALIEN LIVE RESIN DIAMONDS CART - RETREAT","units":3154,"revenue":121255.25390625,"cost":41829.921875,"profit":79425.322265625,"transactions":2796,"margin":65.5},{"product":"CHEMICAL COMPOUND LIVE RESIN DIAMONDS DISPOSABLE VAPE - RETREAT","units":3284,"revenue":116858.095703125,"cost":51066.1962890625,"profit":65791.904296875,"transactions":2970,"margin":56.29999923706055},{"product":"CHEMICAL COMPOUND DIAMONDS DISPOSABLE VAPE - RETREAT","units":3248,"revenue":107305.3515625,"cost":50506.396484375,"profit":56798.955078125,"transactions":2972,"margin":52.900001525878906},{"product":"BLOOD DRIVE DIAMONDS DISPOSABLE VAPE - RETREAT","units":3216,"revenue":106716.923828125,"cost":50008.798828125,"profit":56708.1298828125,"transactions":2874,"margin":53.099998474121094},{"product":"CHEMICAL COMPOUND X SOUR BANANA SHERBERT LIVE RESIN DIAMONDS DISPOSABLE VAPE - RETREAT","units":2764,"revenue":98956.328125,"cost":42980.2001953125,"profit":55976.1279296875,"transactions":2508,"margin":56.599998474121094},{"product":"ANIMAL MINTS LIVE RESIN DIAMONDS DISPOSABLE VAPE - RETREAT","units":2686,"revenue":98233.671875,"cost":41767.2998046875,"profit":56466.376953125,"transactions":2420,"margin":57.5},{"product":"BLUE DREAM LIVE RESIN DIAMONDS CART - RETREAT","units":2748,"revenue":96661.025390625,"cost":36445.34912109375,"profit":60215.673828125,"transactions":2338,"margin":62.29999923706055},{"product":"BLUE DREAM X BLOOD DRIVE DIAMONDS DISPOSABLE VAPE - RETREAT","units":2730,"revenue":95637.822265625,"cost":42451.4990234375,"profit":53186.328125,"transactions":2422,"margin":55.599998474121094},{"product":"BLUE ALIEN DIAMONDS DISPOSABLE VAPE - RETREAT","units":2452,"revenue":86389.150390625,"cost":38128.5986328125,"profit":48260.5517578125,"transactions":2334,"margin":55.900001525878906},{"product":"RESERVE OG X BLUE DREAM DIAMONDS DISPOSABLE VAPE - RETREAT","units":2644,"revenue":86191.103515625,"cost":41114.19921875,"profit":45076.904296875,"transactions":2440,"margin":52.29999923706055},{"product":"SIDE PIECE DIAMONDS DISPOSABLE VAPE - RETREAT","units":2378,"revenue":84467.529296875,"cost":36977.89794921875,"profit":47489.62890625,"transactions":2138,"margin":56.20000076293945},{"product":"SOUR BANANA SHERBERT LIVE RESIN DIAMONDS DISPOSABLE VAPE - RETREAT","units":2182,"revenue":81416.826171875,"cost":33930.09765625,"profit":47486.728515625,"transactions":1994,"margin":58.29999923706055},{"product":"24K LIVE RESIN DIAMONDS CART - RETREAT","units":2266,"revenue":80602.9736328125,"cost":30052.82470703125,"profit":50550.1513671875,"transactions":2032,"margin":62.70000076293945},{"product":"BLUEBERRY COOKIES LIVE RESIN DIAMONDS CART - RETREAT","units":2286,"revenue":80003.349609375,"cost":30318.07373046875,"profit":49685.2734375,"transactions":1980,"margin":62.099998474121094},{"product":"SOUR BANANA SHERBERT LIVE RESIN DIAMONDS CART - RETREAT","units":2134,"revenue":79446.5771484375,"cost":28063.75,"profit":51382.822265625,"transactions":1926,"margin":64.69999694824219},{"product":"ULTRA PIE DIAMONDS DISPOSABLE VAPE - RETREAT","units":2318,"revenue":78815.048828125,"cost":35914.09912109375,"profit":42900.9521484375,"transactions":2194,"margin":54.400001525878906},{"product":"PURE KUSH LIVE RESIN DIAMONDS DISPOSABLE VAPE - RETREAT","units":2210,"revenue":74445.849609375,"cost":34365.498046875,"profit":40080.3515625,"transactions":1890,"margin":53.79999923706055}],"products_by_store":{"Elevation Springs":[{"product":"BLUE DREAM LIVE RESIN DIAMONDS DISPOSABLE VAPE - RETREAT","units":1058,"revenue":42776.07421875,"cost":16451.8994140625,"profit":26324.17724609375,"transactions":948,"margin":61.5},{"product":"CHEMICAL COMPOUND LIVE RESIN DIAMONDS CART - RETREAT","units":1054,"revenue":39697.9248046875,"cost":13978.67431640625,"profit":25719.25048828125,"transactions":952,"margin":64.80000305175781},{"product":"TANGIE KUSH DIAMONDS DISPOSABLE VAPE - RETREAT","units":1052,"revenue":36556.0498046875,"cost":16358.599853515625,"profit":20197.451171875,"transactions":974,"margin":55.29999923706055},{"product":"SOUR BANANA SHERBERT DIAMONDS DISPOSABLE VAPE - RETREAT","units":1044,"revenue":33536.55029296875,"cost":16234.19921875,"profit":17302.35107421875,"transactions":954,"margin":51.599998474121094},{"product":"CHEMICAL COMPOUND LIVE RESIN DIAMONDS DISPOSABLE VAPE - RETREAT","units":874,"revenue":31672.15087890625,"cost":13590.699462890625,"profit":18081.4501953125,"transactions":824,"margin":57.099998474121094},{"product":"BLUE ALIEN LIVE RESIN DIAMONDS DISPOSABLE VAPE - RETREAT","units":792,"revenue":31269.89990234375,"cost":12315.599365234375,"profit":18954.300537109375,"transactions":722,"margin":60.599998474121094},{"product":"CHEMICAL COMPOUND DIAMONDS DISPOSABLE VAPE - RETREAT","units":900,"revenue":30052.7490234375,"cost":13995.0,"profit":16057.750244140625,"transactions":838,"margin":53.400001525878906},{"product":"PURE KUSH DIAMONDS DISPOSABLE VAPE - RETREAT","units":898,"revenue":29339.22607421875,"cost":13963.89892578125,"profit":15375.325927734375,"transactions":834,"margin":52.400001525878906},{"product":"WEDDING STOMPER DIAMONDS DISPOSABLE VAPE - RETREAT","units":908,"revenue":28241.0009765625,"cost":14119.3994140625,"profit":14121.600341796875,"transactions":856,"margin":50.0},{"product":"BLOOD DRIVE DIAMONDS DISPOSABLE VAPE - RETREAT","units":816,"revenue":27902.4755859375,"cost":12688.800048828125,"profit":15213.675537109375,"transactions":754,"margin":54.5},{"product":"BLUE ALIEN LIVE RESIN DIAMONDS CART - RETREAT","units":676,"revenue":26308.75,"cost":8965.449829101562,"profit":17343.299560546875,"transactions":628,"margin":65.9000015258789},{"product":"CHEMICAL COMPOUND X SOUR BANANA SHERBERT LIVE RESIN DIAMONDS DISPOSABLE VAPE - RETREAT","units":762,"revenue":26190.74951171875,"cost":11849.09912109375,"profit":14341.650390625,"transactions":690,"margin":54.79999923706055},{"product":"PURE KUSH LIVE RESIN DIAMONDS CART - RETREAT","units":704,"revenue":25973.62548828125,"cost":9336.799926757812,"profit":16636.824951171875,"transactions":644,"margin":64.0999984741211},{"product":"ANIMAL MINTS LIVE RESIN DIAMONDS DISPOSABLE VAPE - RETREAT","units":568,"revenue":21503.04931640625,"cost":8832.39990234375,"profit":12670.650634765625,"transactions":522,"margin":58.900001525878906},{"product":"PURE KUSH LIVE RESIN DIAMONDS DISPOSABLE VAPE - RETREAT","units":634,"revenue":20349.27490234375,"cost":9858.699951171875,"profit":10490.574951171875,"transactions":516,"margin":51.599998474121094}],"Elevation Mesa":[{"product":"BLUE DREAM LIVE RESIN DIAMONDS DISPOSABLE VAPE - RETREAT","units":790,"revenue":29494.423828125,"cost":12284.49951171875,"profit":17209.925537109375,"transactions":710,"margin":58.29999923706055},{"product":"CHEMICAL COMPOUND LIVE RESIN DIAMONDS CART - RETREAT","units":670,"revenue":24637.57568359375,"cost":8885.874633789062,"profit":15751.69921875,"transactions":592,"margin":63.900001525878906},{"product":"SOUR BANANA SHERBERT DIAMONDS DISPOSABLE VAPE - RETREAT","units":728,"revenue":22151.0498046875,"cost":11320.399169921875,"profit":10830.650634765625,"transactions":650,"margin":48.900001525878906},{"product":"BLUE ALIEN LIVE RESIN DIAMONDS DISPOSABLE VAPE - RETREAT","units":604,"revenue":21859.09912109375,"cost":9392.19970703125,"profit":12466.900634765625,"transactions":540,"margin":57.0},{"product":"RESERVE OG X BLUE DREAM DIAMONDS DISPOSABLE VAPE - RETREAT","units":658,"revenue":20803.3251953125,"cost":10231.8994140625,"profit":10571.42578125,"transactions":638,"margin":50.79999923706055},{"product":"PURE KUSH DIAMONDS DISPOSABLE VAPE - RETREAT","units":612,"revenue":20242.349853515625,"cost":9516.599731445312,"profit":10725.750732421875,"transactions":558,"margin":53.0},{"product":"BLUE ALIEN LIVE RESIN DIAMONDS CART - RETREAT","units":468,"revenue":17977.874755859375,"cost":6206.8499755859375,"profit":11771.024169921875,"transactions":448,"margin":65.5},{"product":"WEDDING STOMPER DIAMONDS DISPOSABLE VAPE - RETREAT","units":596,"revenue":17926.2255859375,"cost":9267.799682617188,"profit":8658.42529296875,"transactions":552,"margin":48.29999923706055},{"product":"CHEMICAL COMPOUND LIVE RESIN DIAMONDS DISPOSABLE VAPE - RETREAT","units":510,"revenue":17500.400390625,"cost":7930.4998779296875,"profit":9569.900512695312,"transactions":474,"margin":54.70000076293945},{"product":"ANIMAL MINTS LIVE RESIN DIAMONDS DISPOSABLE VAPE - RETREAT","units":484,"revenue":17126.700439453125,"cost":7526.199951171875,"profit":9600.50048828125,"transactions":424,"margin":56.099998474121094},{"product":"24K LIVE RESIN DIAMONDS DISPOSABLE VAPE - RETREAT","units":462,"revenue":17005.250244140625,"cost":7184.0997314453125,"profit":9821.14990234375,"transactions":430,"margin":57.79999923706055},{"product":"ULTRA PIE DIAMONDS DISPOSABLE VAPE - RETREAT","units":482,"revenue":16123.87451171875,"cost":7462.39990234375,"profit":8661.475219726562,"transactions":450,"margin":53.70000076293945},{"product":"PURE KUSH LIVE RESIN DIAMONDS CART - RETREAT","units":446,"revenue":15979.000244140625,"cost":5915.0750732421875,"profit":10063.924560546875,"transactions":396,"margin":63.0},{"product":"BLUE ALIEN DIAMONDS DISPOSABLE VAPE - RETREAT","units":458,"revenue":15839.599609375,"cost":7121.9000244140625,"profit":8717.7001953125,"transactions":438,"margin":55.0},{"product":"BLOOD DRIVE DIAMONDS DISPOSABLE VAPE - RETREAT","units":494,"revenue":15306.275634765625,"cost":7681.6998291015625,"profit":7624.5751953125,"transactions":440,"margin":49.79999923706055}],"Elevation Oasis":[{"product":"CHEMICAL COMPOUND LIVE RESIN DIAMONDS CART - RETREAT","units":1794,"revenue":69755.4736328125,"cost":23792.9248046875,"profit":45962.548828125,"transactions":1390,"margin":65.9000015258789},{"product":"TANGIE KUSH DIAMONDS DISPOSABLE VAPE - RETREAT","units":1826,"revenue":65848.1005859375,"cost":28394.29931640625,"profit":37453.80126953125,"transactions":1576,"margin":56.900001525878906},{"product":"BLUE DREAM LIVE RESIN DIAMONDS DISPOSABLE VAPE - RETREAT","units":1576,"revenue":65762.8759765625,"cost":24506.79931640625,"profit":41256.0791015625,"transactions":1312,"margin":62.70000076293945},{"product":"PURE KUSH DIAMONDS DISPOSABLE VAPE - RETREAT","units":1802,"revenue":63999.873046875,"cost":28021.0986328125,"profit":35978.77685546875,"transactions":1490,"margin":56.20000076293945},{"product":"SOUR BANANA SHERBERT DIAMONDS DISPOSABLE VAPE - RETREAT","units":1682,"revenue":58307.275390625,"cost":26155.10009765625,"profit":32152.177734375,"transactions":1462,"margin":55.099998474121094},{"product":"BLUE ALIEN LIVE RESIN DIAMONDS DISPOSABLE VAPE - RETREAT","units":1406,"revenue":57714.0234375,"cost":21863.29833984375,"profit":35850.7275390625,"transactions":1114,"margin":62.099998474121094},{"product":"PURE KUSH LIVE RESIN DIAMONDS CART - RETREAT","units":1306,"revenue":52501.77734375,"cost":17320.823974609375,"profit":35180.94970703125,"transactions":1026,"margin":67.0},{"product":"WEDDING STOMPER DIAMONDS DISPOSABLE VAPE - RETREAT","units":1506,"revenue":51856.123046875,"cost":23418.29833984375,"profit":28437.8271484375,"transactions":1332,"margin":54.79999923706055},{"product":"BLUE DREAM LIVE RESIN DIAMONDS CART - RETREAT","units":1358,"revenue":48141.8994140625,"cost":18010.474853515625,"profit":30131.42578125,"transactions":1060,"margin":62.599998474121094},{"product":"BLUEBERRY COOKIES LIVE RESIN DIAMONDS CART - RETREAT","units":1294,"revenue":45377.099609375,"cost":17161.6748046875,"profit":28215.4248046875,"transactions":1052,"margin":62.20000076293945},{"product":"BLUE DREAM X BLOOD DRIVE DIAMONDS DISPOSABLE VAPE - RETREAT","units":1090,"revenue":40135.12451171875,"cost":16949.49951171875,"profit":23185.62744140625,"transactions":922,"margin":57.79999923706055},{"product":"BLUE ALIEN LIVE RESIN DIAMONDS CART - RETREAT","units":992,"revenue":38305.47607421875,"cost":13156.400146484375,"profit":25149.07470703125,"transactions":784,"margin":65.69999694824219},{"product":"CHEMICAL COMPOUND LIVE RESIN DIAMONDS DISPOSABLE VAPE - RETREAT","units":976,"revenue":36248.30078125,"cost":15176.79931640625,"profit":21071.50146484375,"transactions":806,"margin":58.099998474121094},{"product":"SIDE PIECE DIAMONDS DISPOSABLE VAPE - RETREAT","units":968,"revenue":36228.798828125,"cost":15052.39990234375,"profit":21176.4013671875,"transactions":818,"margin":58.5},{"product":"SOUR BANANA SHERBERT LIVE RESIN DIAMONDS DISPOSABLE VAPE - RETREAT","units":898,"revenue":36029.05029296875,"cost":13963.900146484375,"profit":22065.1513671875,"transactions":780,"margin":61.20000076293945}],"Elevation Downtown":[{"product":"SIDE PIECE DIAMONDS DISPOSABLE VAPE - RETREAT","units":122,"revenue":4340.4998779296875,"cost":1897.0999145507812,"profit":2443.400115966797,"transactions":116,"margin":56.29999923706055},{"product":"ULTRA PIE DIAMONDS DISPOSABLE VAPE - RETREAT","units":126,"revenue":4325.7501220703125,"cost":1959.2999267578125,"profit":2366.4501953125,"transactions":118,"margin":54.70000076293945},{"product":"TANGIE KUSH DIAMONDS DISPOSABLE VAPE - RETREAT","units":112,"revenue":3853.5000610351562,"cost":1741.5998840332031,"profit":2111.9000244140625,"transactions":104,"margin":54.79999923706055},{"product":"RESERVE OG X BLUE DREAM DIAMONDS DISPOSABLE VAPE - RETREAT","units":108,"revenue":3781.25,"cost":1679.3998718261719,"profit":2101.850128173828,"transactions":102,"margin":55.599998474121094},{"product":"NILLA WAFER LIVE RESIN DIAMONDS DISPOSABLE VAPE - RETREAT","units":104,"revenue":3700.7501220703125,"cost":1617.2000122070312,"profit":2083.5501098632812,"transactions":98,"margin":56.29999923706055},{"product":"NILLA WAFER LIVE RESIN DIAMONDS CART - RETREAT","units":104,"revenue":3497.9998779296875,"cost":1379.2999267578125,"profit":2118.699951171875,"transactions":94,"margin":60.599998474121094},{"product":"PURE KUSH DIAMONDS DISPOSABLE VAPE - RETREAT","units":110,"revenue":3484.7500610351562,"cost":1710.4998779296875,"profit":1774.2500305175781,"transactions":102,"margin":50.900001525878906},{"product":"24K LIVE RESIN DIAMONDS DISPOSABLE VAPE - RETREAT","units":90,"revenue":3400.7501220703125,"cost":1399.4999694824219,"profit":2001.2501525878906,"transactions":80,"margin":58.79999923706055},{"product":"CITRADELIC SUNSET LIVE RESIN DIAMONDS CART - RETREAT","units":92,"revenue":3297.5,"cost":1220.1499938964844,"profit":2077.3500061035156,"transactions":88,"margin":63.0},{"product":"CHEMICAL COMPOUND LIVE RESIN DIAMONDS CART - RETREAT","units":82,"revenue":3180.625,"cost":1087.5249481201172,"profit":2093.0999755859375,"transactions":80,"margin":65.80000305175781},{"product":"BLUE ALIEN LIVE RESIN DIAMONDS DISPOSABLE VAPE - RETREAT","units":78,"revenue":3036.7498779296875,"cost":1212.8999328613281,"profit":1823.85009765625,"transactions":72,"margin":60.099998474121094},{"product":"24K LIVE RESIN DIAMONDS CART - RETREAT","units":82,"revenue":3014.375,"cost":1087.5249481201172,"profit":1926.8499755859375,"transactions":80,"margin":63.900001525878906},{"product":"SOUR BANANA SHERBERT DIAMONDS DISPOSABLE VAPE - RETREAT","units":72,"revenue":2618.9999389648438,"cost":1119.5999908447266,"profit":1499.4000244140625,"transactions":70,"margin":57.29999923706055},{"product":"BLUE DREAM LIVE RESIN DIAMONDS CART - RETREAT","units":70,"revenue":2480.0,"cost":928.3749389648438,"profit":1551.6249084472656,"transactions":64,"margin":62.599998474121094},{"product":"CHEMICAL COMPOUND LIVE RESIN DIAMONDS DISPOSABLE VAPE - RETREAT","units":64,"revenue":2440.500030517578,"cost":995.1999664306641,"profit":1445.3001403808594,"transactions":64,"margin":59.20000076293945}],"Elevation Midtown":[{"product":"BLUE DREAM LIVE RESIN DIAMONDS DISPOSABLE VAPE - RETREAT","units":692,"revenue":27206.59912109375,"cost":10760.599365234375,"profit":16446.0009765625,"transactions":634,"margin":60.400001525878906},{"product":"CHEMICAL COMPOUND LIVE RESIN DIAMONDS CART - RETREAT","units":626,"revenue":23768.67431640625,"cost":8302.324829101562,"profit":15466.35009765625,"transactions":592,"margin":65.0999984741211},{"product":"PURE KUSH LIVE RESIN DIAMONDS CART - RETREAT","units":592,"revenue":21330.54931640625,"cost":7851.3995361328125,"profit":13479.149169921875,"transactions":552,"margin":63.20000076293945},{"product":"BLUE ALIEN LIVE RESIN DIAMONDS DISPOSABLE VAPE - RETREAT","units":452,"revenue":17349.949951171875,"cost":7028.599853515625,"profit":10321.35009765625,"transactions":428,"margin":59.5},{"product":"SOUR BANANA SHERBERT DIAMONDS DISPOSABLE VAPE - RETREAT","units":508,"revenue":17079.449462890625,"cost":7899.4000244140625,"profit":9180.050659179688,"transactions":494,"margin":53.70000076293945},{"product":"PURE KUSH DIAMONDS DISPOSABLE VAPE - RETREAT","units":470,"revenue":15872.974853515625,"cost":7308.499755859375,"profit":8564.475708007812,"transactions":446,"margin":54.0},{"product":"WEDDING STOMPER DIAMONDS DISPOSABLE VAPE - RETREAT","units":466,"revenue":15648.599853515625,"cost":7246.300048828125,"profit":8402.300415039062,"transactions":442,"margin":53.70000076293945},{"product":"BLUE ALIEN DIAMONDS DISPOSABLE VAPE - RETREAT","units":446,"revenue":15420.52490234375,"cost":6935.2996826171875,"profit":8485.225219726562,"transactions":438,"margin":55.0},{"product":"BLUE ALIEN LIVE RESIN DIAMONDS CART - RETREAT","units":382,"revenue":15003.1494140625,"cost":5066.274719238281,"profit":9936.875,"transactions":346,"margin":66.19999694824219},{"product":"TANGIE KUSH DIAMONDS DISPOSABLE VAPE - RETREAT","units":436,"revenue":14655.074462890625,"cost":6779.7998046875,"profit":7875.2752685546875,"transactions":420,"margin":53.70000076293945},{"product":"CHEMICAL COMPOUND DIAMONDS DISPOSABLE VAPE - RETREAT","units":484,"revenue":14628.125,"cost":7526.199951171875,"profit":7101.9256591796875,"transactions":464,"margin":48.5},{"product":"CHEMICAL COMPOUND LIVE RESIN DIAMONDS DISPOSABLE VAPE - RETREAT","units":304,"revenue":11178.9501953125,"cost":4727.19970703125,"profit":6451.75048828125,"transactions":290,"margin":57.70000076293945},{"product":"SOUR BANANA SHERBERT LIVE RESIN DIAMONDS CART - RETREAT","units":278,"revenue":10823.75,"cost":3602.8250122070312,"profit":7220.9246826171875,"transactions":266,"margin":66.69999694824219},{"product":"ANIMAL MINTS LIVE RESIN DIAMONDS CART - RETREAT","units":252,"revenue":10241.875,"cost":3342.1499633789062,"profit":6899.7247314453125,"transactions":232,"margin":67.4000015258789},{"product":"BLUE DREAM LIVE RESIN DIAMONDS CART - RETREAT","units":272,"revenue":9865.0,"cost":3607.39990234375,"profit":6257.60009765625,"transactions":254,"margin":63.400001525878906}],"Elevation Boulevard":[{"product":"BLUE DREAM LIVE RESIN DIAMONDS DISPOSABLE VAPE - RETREAT","units":602,"revenue":21913.7255859375,"cost":9361.099853515625,"profit":12552.625732421875,"transactions":560,"margin":57.29999923706055},{"product":"ULTRA PIE DIAMONDS DISPOSABLE VAPE - RETREAT","units":596,"revenue":19867.750244140625,"cost":9251.449584960938,"profit":10616.300048828125,"transactions":572,"margin":53.400001525878906},{"product":"SOUR BANANA SHERBERT DIAMONDS DISPOSABLE VAPE - RETREAT","units":638,"revenue":19467.249755859375,"cost":9920.899658203125,"profit":9546.350708007812,"transactions":598,"margin":49.0},{"product":"TANGIE KUSH DIAMONDS DISPOSABLE VAPE - RETREAT","units":568,"revenue":18321.25,"cost":8832.39990234375,"profit":9488.850708007812,"transactions":528,"margin":51.79999923706055},{"product":"PURE KUSH DIAMONDS DISPOSABLE VAPE - RETREAT","units":482,"revenue":14975.94970703125,"cost":7495.0994873046875,"profit":7480.8502197265625,"transactions":450,"margin":50.0},{"product":"CHEMICAL COMPOUND LIVE RESIN DIAMONDS CART - RETREAT","units":400,"revenue":14847.449951171875,"cost":5305.0,"profit":9542.449951171875,"transactions":364,"margin":64.30000305175781},{"product":"BLUE ALIEN LIVE RESIN DIAMONDS CART - RETREAT","units":366,"revenue":13447.5,"cost":4854.07470703125,"profit":8593.424682617188,"transactions":340,"margin":63.900001525878906},{"product":"CHEMICAL COMPOUND LIVE RESIN DIAMONDS DISPOSABLE VAPE - RETREAT","units":390,"revenue":11928.499755859375,"cost":6064.49951171875,"profit":5864.000244140625,"transactions":354,"margin":49.20000076293945},{"product":"WEDDING STOMPER DIAMONDS DISPOSABLE VAPE - RETREAT","units":400,"revenue":11784.05029296875,"cost":6220.0,"profit":5564.05029296875,"transactions":374,"margin":47.20000076293945},{"product":"ANIMAL MINTS LIVE RESIN DIAMONDS DISPOSABLE VAPE - RETREAT","units":334,"revenue":11722.574462890625,"cost":5193.699951171875,"profit":6528.8751220703125,"transactions":304,"margin":55.70000076293945},{"product":"BLUE ALIEN DIAMONDS DISPOSABLE VAPE - RETREAT","units":336,"revenue":11013.00048828125,"cost":5224.7998046875,"profit":5788.2000732421875,"transactions":324,"margin":52.599998474121094},{"product":"CHEMICAL COMPOUND X SOUR BANANA SHERBERT LIVE RESIN DIAMONDS DISPOSABLE VAPE - RETREAT","units":326,"revenue":10918.050537109375,"cost":5069.2999267578125,"profit":5848.75,"transactions":302,"margin":53.599998474121094},{"product":"BLUE ALIEN LIVE RESIN DIAMONDS DISPOSABLE VAPE - RETREAT","units":332,"revenue":10806.099853515625,"cost":5162.60009765625,"profit":5643.5003662109375,"transactions":316,"margin":52.20000076293945},{"product":"BLOOD DRIVE DIAMONDS DISPOSABLE VAPE - RETREAT","units":334,"revenue":9986.25,"cost":5193.699951171875,"profit":4792.550354003906,"transactions":300,"margin":48.0},{"product":"CHEMICAL COMPOUND DIAMONDS DISPOSABLE VAPE - RETREAT","units":346,"revenue":9786.275024414062,"cost":5380.2996826171875,"profit":4405.975341796875,"transactions":314,"margin":45.0}],"Elevation Parkway":[{"product":"BLUE DREAM LIVE RESIN DIAMONDS DISPOSABLE VAPE - RETREAT","units":546,"revenue":21066.2744140625,"cost":8490.299682617188,"profit":12575.975341796875,"transactions":498,"margin":59.70000076293945},{"product":"TANGIE KUSH DIAMONDS DISPOSABLE VAPE - RETREAT","units":500,"revenue":18036.199951171875,"cost":7775.0,"profit":10261.199951171875,"transactions":492,"margin":56.900001525878906},{"product":"BLOOD DRIVE DIAMONDS DISPOSABLE VAPE - RETREAT","units":462,"revenue":15788.050537109375,"cost":7184.0997314453125,"profit":8603.9501953125,"transactions":438,"margin":54.5},{"product":"PURE KUSH DIAMONDS DISPOSABLE VAPE - RETREAT","units":480,"revenue":15001.14990234375,"cost":7463.9996337890625,"profit":7537.1502685546875,"transactions":444,"margin":50.20000076293945},{"product":"WEDDING STOMPER DIAMONDS DISPOSABLE VAPE - RETREAT","units":464,"revenue":14898.7744140625,"cost":7215.1995849609375,"profit":7683.575439453125,"transactions":436,"margin":51.599998474121094},{"product":"SOUR BANANA SHERBERT DIAMONDS DISPOSABLE VAPE - RETREAT","units":364,"revenue":11877.750244140625,"cost":5660.1995849609375,"profit":6217.550048828125,"transactions":352,"margin":52.29999923706055},{"product":"BLUE DREAM X BLOOD DRIVE DIAMONDS DISPOSABLE VAPE - RETREAT","units":300,"revenue":10123.624877929688,"cost":4665.0,"profit":5458.62548828125,"transactions":282,"margin":53.900001525878906},{"product":"ANIMAL MINTS LIVE RESIN DIAMONDS DISPOSABLE VAPE - RETREAT","units":258,"revenue":9963.44970703125,"cost":4011.9000244140625,"profit":5951.55029296875,"transactions":248,"margin":59.70000076293945},{"product":"CHEMICAL COMPOUND LIVE RESIN DIAMONDS CART - RETREAT","units":228,"revenue":8959.874877929688,"cost":3023.8497924804688,"profit":5936.0247802734375,"transactions":196,"margin":66.30000305175781},{"product":"BLUE ALIEN DIAMONDS DISPOSABLE VAPE - RETREAT","units":248,"revenue":8695.2001953125,"cost":3856.3998413085938,"profit":4838.800354003906,"transactions":238,"margin":55.599998474121094},{"product":"BLUE ALIEN LIVE RESIN DIAMONDS CART - RETREAT","units":204,"revenue":8287.5,"cost":2705.5499267578125,"profit":5581.9500732421875,"transactions":190,"margin":67.4000015258789},{"product":"CHEMICAL COMPOUND DIAMONDS DISPOSABLE VAPE - RETREAT","units":220,"revenue":7933.125,"cost":3420.999755859375,"profit":4512.125244140625,"transactions":212,"margin":56.900001525878906},{"product":"CHEMICAL COMPOUND X SOUR BANANA SHERBERT LIVE RESIN DIAMONDS DISPOSABLE VAPE - RETREAT","units":176,"revenue":6839.124755859375,"cost":2736.7999267578125,"profit":4102.325134277344,"transactions":172,"margin":60.0},{"product":"BLUE ALIEN LIVE RESIN DIAMONDS DISPOSABLE VAPE - RETREAT","units":182,"revenue":6557.5750732421875,"cost":2830.0997924804688,"profit":3727.4752807617188,"transactions":172,"margin":56.79999923706055},{"product":"PURE KUSH LIVE RESIN DIAMONDS CART - RETREAT","units":152,"revenue":5945.0,"cost":2015.8999633789062,"profit":3929.1000366210938,"transactions":142,"margin":66.0999984741211}]},"store_summary":[{"store_clean":"Elevation Oasis","units":36284,"revenue":1335865.625,"cost":532926.015625,"profit":802939.609375,"discounts":406073.0859375,"margin":60.099998474121094,"discount_rate":23.299999237060547},{"store_clean":"Elevation Springs","units":20266,"revenue":714592.265625,"cost":301282.32421875,"profit":413310.0,"discounts":242176.4453125,"margin":57.79999923706055,"discount_rate":25.299999237060547},{"store_clean":"Elevation Mesa","units":14794,"revenue":510445.46875,"cost":220145.72265625,"profit":290299.7265625,"discounts":189917.0703125,"margin":56.900001525878906,"discount_rate":27.100000381469727},{"store_clean":"Elevation Midtown","units":11030,"revenue":395067.6171875,"cost":162437.294921875,"profit":232630.3125,"discounts":122302.40234375,"margin":58.900001525878906,"discount_rate":23.600000381469727},{"store_clean":"Elevation Boulevard","units":10394,"revenue":342281.5625,"cost":155291.19140625,"profit":186990.3515625,"discounts":139285.947265625,"margin":54.599998474121094,"discount_rate":28.899999618530273},{"store_clean":"Elevation Parkway","units":7006,"revenue":249397.890625,"cost":105228.076171875,"profit":144169.833984375,"discounts":73664.599609375,"margin":57.79999923706055,"discount_rate":22.799999237060547},{"store_clean":"Elevation Downtown","units":2296,"revenue":81781.123046875,"cost":33799.599609375,"profit":47981.5283203125,"discounts":32891.37451171875,"margin":58.70000076293945,"discount_rate":28.700000762939453}],"recommendations":[{"severity":"green","title":"STRONG PERFORMER","detail":"Ranked #4 in DISPOSABLE VAPE with 5.6 pts above average.","action":"Expand shelf space and prioritize this brand in category."},{"severity":"info","title":"VOLUME LEVERAGE","detail":"$1,451,773 revenue provides negotiating leverage.","action":"Use volume as leverage in next vendor meeting."}],"comparison":null}