{"brand":"BIC","date_range":"2024-01-01 00:00:00 to 2026-01-31 00:00:00","period_label":"All Time","summary":{"total_units":6094,"total_revenue":20847.8515625,"total_cost":6719.05029296875,"total_discounts":1012.1499633789062,"total_profit":14128.798828125,"overall_margin":67.80000305175781,"fp_margin":69.19999694824219,"disc_margin":60.400001525878906,"pct_full_price":83.4000015258789,"avg_discount_rate":4.599999904632568,"fp_revenue":17388.75,"disc_revenue":3459.1000366210938,"brand":"BIC","date_range":"2024-01-01 00:00:00 to 2026-01-31 00:00:00","primary_category":"ACCESSORY","store_coverage":"4/7","stores_present":["Elevation Mesa","Elevation Oasis","Elevation Midtown","Elevation Parkway"],"stores_missing":["Elevation Springs","Elevation Downtown","Elevation Boulevard"],"velocity_rank":5,"velocity_total":136},"distribution":[{"store":"Elevation Springs","carries_brand":false,"sku_count":0,"revenue":0.0,"units":0,"store_total_revenue":51138750.0,"brand_share_pct":0},{"store":"Elevation Mesa","carries_brand":true,"sku_count":4,"revenue":4393.8751220703125,"units":1352,"store_total_revenue":47532240.0,"brand_share_pct":0.0},{"store":"Elevation Oasis","carries_brand":true,"sku_count":2,"revenue":203.25000762939453,"units":58,"store_total_revenue":56050145.0,"brand_share_pct":0.0},{"store":"Elevation Downtown","carries_brand":false,"sku_count":0,"revenue":0.0,"units":0,"store_total_revenue":1945237.1875,"brand_share_pct":0},{"store":"Elevation Midtown","carries_brand":true,"sku_count":4,"revenue":10073.85009765625,"units":2942,"store_total_revenue":30850185.0,"brand_share_pct":0.0},{"store":"Elevation Boulevard","carries_brand":false,"sku_count":0,"revenue":0.0,"units":0,"store_total_revenue":28757865.0,"brand_share_pct":0},{"store":"Elevation Parkway","carries_brand":true,"sku_count":4,"revenue":6176.875,"units":1742,"store_total_revenue":21987007.5,"brand_share_pct":0.0}],"share_of_category":[{"category":"ACCESSORY","brand_revenue":20847.8515625,"category_revenue":4128754.0625,"revenue_share_pct":0.5,"brand_units":6094,"category_units":2130096,"units_share_pct":0.3}],"share_of_category_trend":{"ACCESSORY":[{"period":"2024-01","brand_revenue":1197.5,"category_revenue":153543.9453125,"share_pct":0.800000011920929},{"period":"2024-02","brand_revenue":1185.9249877929688,"category_revenue":152399.47265625,"share_pct":0.800000011920929},{"period":"2024-03","brand_revenue":1253.75,"category_revenue":154678.876953125,"share_pct":0.800000011920929},{"period":"2024-04","brand_revenue":4487.4249267578125,"category_revenue":163353.65234375,"share_pct":2.700000047683716},{"period":"2024-05","brand_revenue":3963.4750366210938,"category_revenue":179676.4453125,"share_pct":2.200000047683716},{"period":"2024-06","brand_revenue":723.4999847412109,"category_revenue":185008.828125,"share_pct":0.4000000059604645},{"period":"2024-07","brand_revenue":741.7500305175781,"category_revenue":186675.46875,"share_pct":0.4000000059604645},{"period":"2024-08","brand_revenue":1301.1500549316406,"category_revenue":180226.328125,"share_pct":0.699999988079071},{"period":"2024-09","brand_revenue":990.0,"category_revenue":162386.298828125,"share_pct":0.6000000238418579},{"period":"2024-10","brand_revenue":268.50000381469727,"category_revenue":166088.73046875,"share_pct":0.20000000298023224},{"period":"2024-11","brand_revenue":628.4999847412109,"category_revenue":171706.09375,"share_pct":0.4000000059604645},{"period":"2024-12","brand_revenue":591.7499923706055,"category_revenue":176502.03125,"share_pct":0.30000001192092896},{"period":"2025-01","brand_revenue":744.0000152587891,"category_revenue":167261.34765625,"share_pct":0.4000000059604645},{"period":"2025-02","brand_revenue":669.375,"category_revenue":155260.927734375,"share_pct":0.4000000059604645},{"period":"2025-03","brand_revenue":0.0,"category_revenue":176420.390625,"share_pct":0.0},{"period":"2025-04","brand_revenue":448.87500762939453,"category_revenue":182694.82421875,"share_pct":0.20000000298023224},{"period":"2025-05","brand_revenue":0.0,"category_revenue":179904.4921875,"share_pct":0.0},{"period":"2025-06","brand_revenue":176.25,"category_revenue":161148.75,"share_pct":0.10000000149011612},{"period":"2025-07","brand_revenue":27.000000476837158,"category_revenue":165549.8046875,"share_pct":0.0},{"period":"2025-08","brand_revenue":173.99999618530273,"category_revenue":171752.05078125,"share_pct":0.10000000149011612},{"period":"2025-09","brand_revenue":400.49999237060547,"category_revenue":168198.9453125,"share_pct":0.20000000298023224},{"period":"2025-10","brand_revenue":432.12501525878906,"category_revenue":171844.55078125,"share_pct":0.30000001192092896},{"period":"2025-11","brand_revenue":171.74999237060547,"category_revenue":172839.74609375,"share_pct":0.10000000149011612},{"period":"2025-12","brand_revenue":7.5,"category_revenue":141954.873046875,"share_pct":0.0},{"period":"2026-01","brand_revenue":263.25000762939453,"category_revenue":81677.1484375,"share_pct":0.30000001192092896}]},"velocity_by_category":[{"category":"ACCESSORY","brand_units_per_day":8.0,"category_avg_units_per_day":20.56,"velocity_index":38.9,"brand_rev_per_unit":2.74,"category_rev_per_unit":1.55,"brands_in_category":136}],"store_gaps":[{"store":"Elevation Springs","category":"ACCESSORY","category_revenue_at_store":898382.421875,"opportunity":"Brand not carried"},{"store":"Elevation Boulevard","category":"ACCESSORY","category_revenue_at_store":466482.890625,"opportunity":"Brand not carried"},{"store":"Elevation Downtown","category":"ACCESSORY","category_revenue_at_store":61539.7021484375,"opportunity":"Brand not carried"}],"product_mix":{"top":[{"product":"$3 BIC LIGHTERS","units":4402,"revenue":15784.124755859375,"cost":4921.300048828125,"profit":10862.82470703125,"stores":4,"transactions":4242,"margin":68.80000305175781},{"product":"$2.50 BIC LIGHTERS","units":1692,"revenue":5063.7249755859375,"cost":1797.7500915527344,"profit":3265.9750366210938,"stores":3,"transactions":1640,"margin":64.5}],"bottom":[],"expansion":[{"product":"$2.50 BIC LIGHTERS","current_stores":3,"total_stores":4,"missing_stores":["Elevation Oasis"],"revenue":5063.7249755859375}]},"pricing_consistency":[{"product":"$2.50 BIC LIGHTERS","min_price":5.698014018691588,"max_price":6.161551639951509,"avg_price":5.972986628030225,"std_dev":0.09741990453652119,"store_count":6,"price_range":0.4635376212599207,"range_pct":7.8},{"product":"$3 BIC LIGHTERS","min_price":6.871212385433577,"max_price":7.277478935304752,"avg_price":7.099014248421737,"std_dev":0.07709349679314771,"store_count":8,"price_range":0.40626654987117483,"range_pct":5.7}],"promotional_effectiveness":{"lift":{"fp_units_per_day":10.04,"disc_units_per_day":4.06,"lift_pct":-59.6,"fp_avg_revenue_per_unit":7.175000000000001,"disc_avg_revenue_per_unit":5.550000000000001},"by_deal":[{"deal_name":"Industry - 30% Off","uses":124,"revenue":644.8749780654907,"discounts":276.3749945163727,"units":258.0,"cost":276.8750075995922,"margin":57.1,"discount_depth":60.0},{"deal_name":"Senior - 10% Off","uses":69,"revenue":494.25000607967377,"discounts":58.25000137090683,"units":154.0,"cost":172.9500037431717,"margin":65.0,"discount_depth":21.0},{"deal_name":"Veterans - 10% Off","uses":48,"revenue":315.0000047683716,"discounts":35.000001043081284,"units":96.0,"cost":106.25000238418579,"margin":66.3,"discount_depth":20.0},{"deal_name":"Industry 30% Off","uses":21,"revenue":120.74999451637268,"discounts":51.74999862909317,"units":46.0,"cost":51.125000566244125,"margin":57.7,"discount_depth":60.0},{"deal_name":"Senior / Veterans - 20% Off","uses":17,"revenue":125.00000476837158,"discounts":31.250001192092896,"units":42.0,"cost":47.22500115633011,"margin":62.2,"discount_depth":40.0},{"deal_name":"Employee 30% - NOT FRIDAYS","uses":5,"revenue":31.499998569488525,"discounts":13.499999642372131,"units":12.0,"cost":15.150000303983688,"margin":51.9,"discount_depth":60.0},{"deal_name":"Employee - 40% OFF","uses":3,"revenue":30.12499988079071,"discounts":29.875001311302185,"units":16.0,"cost":18.699999898672104,"margin":37.9,"discount_depth":99.6},{"deal_name":"Jackpot - Locals 30% Off","uses":3,"revenue":15.749999284744263,"discounts":6.749999821186066,"units":6.0,"cost":6.375000178813934,"margin":59.5,"discount_depth":60.0},{"deal_name":"LVAC - 25% Off","uses":2,"revenue":11.25,"discounts":3.75,"units":4.0,"cost":4.2500001192092896,"margin":62.2,"discount_depth":50.0}]},"growth_opportunities":[{"type":"distribution","title":"Expand to Elevation Springs","detail":"Store has $359,353 in ACCESSORY \u2014 categories where BIC competes.","priority":"high"},{"type":"distribution","title":"Expand to Elevation Downtown","detail":"Store has $24,616 in ACCESSORY \u2014 categories where BIC competes.","priority":"high"},{"type":"distribution","title":"Expand to Elevation Boulevard","detail":"Store has $186,593 in ACCESSORY \u2014 categories where BIC competes.","priority":"high"},{"type":"sku_expansion","title":"Add '$2.50 BIC LIGHTERS' to 1 more store(s)","detail":"Carried in 3 stores. Missing from: Elevation Oasis","priority":"medium"},{"type":"velocity","title":"Improve velocity in ACCESSORY","detail":"Velocity index 39 (below category average). 4.0 units/day vs 10.3 avg.","priority":"medium"}],"trend":[{"period":"2024-01","revenue":1197.5,"cost":429.2500305175781,"margin":64.2,"units":404,"transactions":394,"profit":768.2499694824219,"revenue_change_pct":null,"units_change_pct":null,"margin_change_pts":null},{"period":"2024-02","revenue":1185.9249877929688,"cost":422.8750228881836,"margin":64.3,"units":398,"transactions":388,"profit":763.0500030517578,"revenue_change_pct":-1.0,"units_change_pct":-1.5,"margin_change_pts":0.2},{"period":"2024-03","revenue":1253.75,"cost":446.25,"margin":64.4,"units":420,"transactions":404,"profit":807.5,"revenue_change_pct":5.7,"units_change_pct":5.5,"margin_change_pts":0.1},{"period":"2024-04","revenue":4487.4249267578125,"cost":1396.1250305175781,"margin":68.9,"units":1314,"transactions":1288,"profit":3091.300048828125,"revenue_change_pct":257.9,"units_change_pct":212.9,"margin_change_pts":4.5},{"period":"2024-05","revenue":3963.4750366210938,"cost":1173.0000305175781,"margin":70.4,"units":1104,"transactions":1084,"profit":2790.4751586914062,"revenue_change_pct":-11.7,"units_change_pct":-16.0,"margin_change_pts":1.5},{"period":"2024-06","revenue":723.4999847412109,"cost":221.00000381469727,"margin":69.5,"units":208,"transactions":202,"profit":502.5,"revenue_change_pct":-81.7,"units_change_pct":-81.2,"margin_change_pts":-1.0},{"period":"2024-07","revenue":741.7500305175781,"cost":236.5250015258789,"margin":68.1,"units":218,"transactions":214,"profit":505.22499084472656,"revenue_change_pct":2.5,"units_change_pct":4.8,"margin_change_pts":-1.3},{"period":"2024-08","revenue":1301.1500549316406,"cost":425.7250213623047,"margin":67.3,"units":374,"transactions":334,"profit":875.4249572753906,"revenue_change_pct":75.4,"units_change_pct":71.6,"margin_change_pts":-0.8},{"period":"2024-09","revenue":990.0,"cost":321.30001068115234,"margin":67.5,"units":280,"transactions":268,"profit":668.699951171875,"revenue_change_pct":-23.9,"units_change_pct":-25.1,"margin_change_pts":0.3},{"period":"2024-10","revenue":268.50000381469727,"cost":87.39999771118164,"margin":67.4,"units":76,"transactions":72,"profit":181.0999870300293,"revenue_change_pct":-72.9,"units_change_pct":-72.9,"margin_change_pts":-0.1},{"period":"2024-11","revenue":628.4999847412109,"cost":259.6500015258789,"margin":58.7,"units":172,"transactions":162,"profit":368.8500213623047,"revenue_change_pct":134.1,"units_change_pct":126.3,"margin_change_pts":-8.8},{"period":"2024-12","revenue":591.7499923706055,"cost":216.10000610351562,"margin":63.5,"units":164,"transactions":146,"profit":375.64998626708984,"revenue_change_pct":-5.8,"units_change_pct":-4.7,"margin_change_pts":4.8},{"period":"2025-01","revenue":744.0000152587891,"cost":229.6500015258789,"margin":69.1,"units":204,"transactions":190,"profit":514.3500137329102,"revenue_change_pct":25.7,"units_change_pct":24.4,"margin_change_pts":5.7},{"period":"2025-02","revenue":669.375,"cost":217.92499542236328,"margin":67.4,"units":184,"transactions":178,"profit":451.4500045776367,"revenue_change_pct":-10.0,"units_change_pct":-9.8,"margin_change_pts":-1.7},{"period":"2025-04","revenue":448.87500762939453,"cost":127.39999771118164,"margin":71.6,"units":104,"transactions":104,"profit":321.47499084472656,"revenue_change_pct":-32.9,"units_change_pct":-43.5,"margin_change_pts":4.2},{"period":"2025-06","revenue":176.25,"cost":53.125,"margin":69.9,"units":50,"transactions":50,"profit":123.125,"revenue_change_pct":-60.7,"units_change_pct":-51.9,"margin_change_pts":-1.8},{"period":"2025-07","revenue":27.000000476837158,"cost":8.500000238418579,"margin":68.5,"units":8,"transactions":8,"profit":18.50000023841858,"revenue_change_pct":-84.7,"units_change_pct":-84.0,"margin_change_pts":-1.3},{"period":"2025-08","revenue":173.99999618530273,"cost":51.000003814697266,"margin":70.7,"units":48,"transactions":46,"profit":123.00000190734863,"revenue_change_pct":544.4,"units_change_pct":500.0,"margin_change_pts":2.2},{"period":"2025-09","revenue":400.49999237060547,"cost":119.0000057220459,"margin":70.3,"units":112,"transactions":108,"profit":281.50001525878906,"revenue_change_pct":130.2,"units_change_pct":133.3,"margin_change_pts":-0.4},{"period":"2025-10","revenue":432.12501525878906,"cost":131.75000190734863,"margin":69.5,"units":124,"transactions":118,"profit":300.37500381469727,"revenue_change_pct":7.9,"units_change_pct":10.7,"margin_change_pts":-0.8},{"period":"2025-11","revenue":171.74999237060547,"cost":51.000003814697266,"margin":70.3,"units":48,"transactions":46,"profit":120.75000762939453,"revenue_change_pct":-60.3,"units_change_pct":-61.3,"margin_change_pts":0.8},{"period":"2025-12","revenue":7.5,"cost":2.1250000596046448,"margin":71.7,"units":2,"transactions":2,"profit":5.375000238418579,"revenue_change_pct":-95.6,"units_change_pct":-95.8,"margin_change_pts":1.4},{"period":"2026-01","revenue":263.25000762939453,"cost":92.37500190734863,"margin":64.9,"units":78,"transactions":76,"profit":170.87499618530273,"revenue_change_pct":3410.0,"units_change_pct":3800.0,"margin_change_pts":-6.8}]}