{"brand":"BIC","date_range":"2024-01-01 00:00:00 to 2026-01-31 00:00:00","period_label":"All Time","summary":{"total_units":3047,"total_revenue":8339.140625,"total_cost":2687.6201171875,"total_discounts":404.8599853515625,"total_profit":5651.51953125,"overall_margin":67.80000305175781,"fp_margin":69.19999694824219,"disc_margin":60.400001525878906,"pct_full_price":83.4000015258789,"avg_discount_rate":4.599999904632568,"fp_revenue":6955.5,"disc_revenue":1383.6400146484375,"unique_customers":2651,"brand":"BIC","date_range":"2024-01-01 00:00:00 to 2026-01-31 00:00:00","months_count":23,"avg_monthly_cost":116.85,"cost_per_unit":0.88,"primary_category":"ACCESSORY","primary_cat_margin":61.099998474121094,"category_rank":12,"category_total":136,"margin_vs_category":6.699999809265137,"velocity_rank":5},"category_breakdown":[{"category_clean":"ACCESSORY","units":3047,"revenue":8339.1396484375,"cost":2687.6201171875,"profit":5651.52001953125,"discounts":404.8599853515625,"margin":67.80000305175781,"category_avg_margin":61.099998474121094,"vs_category":6.7,"rank":12.0,"total_brands":136.0}],"trend":[{"period":"2024-01","revenue":479.0,"cost":171.70001220703125,"margin":64.2,"units":202,"transactions":197,"profit":307.29998779296875,"revenue_change_pct":null,"units_change_pct":null,"margin_change_pts":null},{"period":"2024-02","revenue":474.3699951171875,"cost":169.15000915527344,"margin":64.3,"units":199,"transactions":194,"profit":305.2200012207031,"revenue_change_pct":-1.0,"units_change_pct":-1.5,"margin_change_pts":0.2},{"period":"2024-03","revenue":501.5,"cost":178.5,"margin":64.4,"units":210,"transactions":202,"profit":323.0,"revenue_change_pct":5.7,"units_change_pct":5.5,"margin_change_pts":0.1},{"period":"2024-04","revenue":1794.969970703125,"cost":558.4500122070312,"margin":68.9,"units":657,"transactions":644,"profit":1236.52001953125,"revenue_change_pct":257.9,"units_change_pct":212.9,"margin_change_pts":4.5},{"period":"2024-05","revenue":1585.3900146484375,"cost":469.20001220703125,"margin":70.4,"units":552,"transactions":542,"profit":1116.1900634765625,"revenue_change_pct":-11.7,"units_change_pct":-16.0,"margin_change_pts":1.5},{"period":"2024-06","revenue":289.3999938964844,"cost":88.4000015258789,"margin":69.5,"units":104,"transactions":101,"profit":201.0,"revenue_change_pct":-81.7,"units_change_pct":-81.2,"margin_change_pts":-1.0},{"period":"2024-07","revenue":296.70001220703125,"cost":94.61000061035156,"margin":68.1,"units":109,"transactions":107,"profit":202.08999633789062,"revenue_change_pct":2.5,"units_change_pct":4.8,"margin_change_pts":-1.3},{"period":"2024-08","revenue":520.4600219726562,"cost":170.29000854492188,"margin":67.3,"units":187,"transactions":167,"profit":350.16998291015625,"revenue_change_pct":75.4,"units_change_pct":71.6,"margin_change_pts":-0.8},{"period":"2024-09","revenue":396.0,"cost":128.52000427246094,"margin":67.5,"units":140,"transactions":134,"profit":267.47998046875,"revenue_change_pct":-23.9,"units_change_pct":-25.1,"margin_change_pts":0.3},{"period":"2024-10","revenue":107.4000015258789,"cost":34.959999084472656,"margin":67.4,"units":38,"transactions":36,"profit":72.43999481201172,"revenue_change_pct":-72.9,"units_change_pct":-72.9,"margin_change_pts":-0.1},{"period":"2024-11","revenue":251.39999389648438,"cost":103.86000061035156,"margin":58.7,"units":86,"transactions":81,"profit":147.54000854492188,"revenue_change_pct":134.1,"units_change_pct":126.3,"margin_change_pts":-8.8},{"period":"2024-12","revenue":236.6999969482422,"cost":86.44000244140625,"margin":63.5,"units":82,"transactions":73,"profit":150.25999450683594,"revenue_change_pct":-5.8,"units_change_pct":-4.7,"margin_change_pts":4.8},{"period":"2025-01","revenue":297.6000061035156,"cost":91.86000061035156,"margin":69.1,"units":102,"transactions":95,"profit":205.74000549316406,"revenue_change_pct":25.7,"units_change_pct":24.4,"margin_change_pts":5.7},{"period":"2025-02","revenue":267.75,"cost":87.16999816894531,"margin":67.4,"units":92,"transactions":89,"profit":180.5800018310547,"revenue_change_pct":-10.0,"units_change_pct":-9.8,"margin_change_pts":-1.7},{"period":"2025-04","revenue":179.5500030517578,"cost":50.959999084472656,"margin":71.6,"units":52,"transactions":52,"profit":128.58999633789062,"revenue_change_pct":-32.9,"units_change_pct":-43.5,"margin_change_pts":4.2},{"period":"2025-06","revenue":70.5,"cost":21.25,"margin":69.9,"units":25,"transactions":25,"profit":49.25,"revenue_change_pct":-60.7,"units_change_pct":-51.9,"margin_change_pts":-1.8},{"period":"2025-07","revenue":10.800000190734863,"cost":3.4000000953674316,"margin":68.5,"units":4,"transactions":4,"profit":7.400000095367432,"revenue_change_pct":-84.7,"units_change_pct":-84.0,"margin_change_pts":-1.3},{"period":"2025-08","revenue":69.5999984741211,"cost":20.400001525878906,"margin":70.7,"units":24,"transactions":23,"profit":49.20000076293945,"revenue_change_pct":544.4,"units_change_pct":500.0,"margin_change_pts":2.2},{"period":"2025-09","revenue":160.1999969482422,"cost":47.60000228881836,"margin":70.3,"units":56,"transactions":54,"profit":112.60000610351562,"revenue_change_pct":130.2,"units_change_pct":133.3,"margin_change_pts":-0.4},{"period":"2025-10","revenue":172.85000610351562,"cost":52.70000076293945,"margin":69.5,"units":62,"transactions":59,"profit":120.1500015258789,"revenue_change_pct":7.9,"units_change_pct":10.7,"margin_change_pts":-0.8},{"period":"2025-11","revenue":68.69999694824219,"cost":20.400001525878906,"margin":70.3,"units":24,"transactions":23,"profit":48.30000305175781,"revenue_change_pct":-60.3,"units_change_pct":-61.3,"margin_change_pts":0.8},{"period":"2025-12","revenue":3.0,"cost":0.8500000238418579,"margin":71.7,"units":1,"transactions":1,"profit":2.1500000953674316,"revenue_change_pct":-95.6,"units_change_pct":-95.8,"margin_change_pts":1.4},{"period":"2026-01","revenue":105.30000305175781,"cost":36.95000076293945,"margin":64.9,"units":39,"transactions":38,"profit":68.3499984741211,"revenue_change_pct":3410.0,"units_change_pct":3800.0,"margin_change_pts":-6.8}],"share_of_category":[{"category":"ACCESSORY","brand_revenue":8339.140625,"category_revenue":1651501.625,"revenue_share_pct":0.5,"brand_units":3047,"category_units":1065048,"units_share_pct":0.3}],"share_of_category_trend":{"ACCESSORY":[{"period":"2024-01","brand_revenue":479.0,"category_revenue":61417.578125,"share_pct":0.800000011920929},{"period":"2024-02","brand_revenue":474.3699951171875,"category_revenue":60959.7890625,"share_pct":0.800000011920929},{"period":"2024-03","brand_revenue":501.5,"category_revenue":61871.55078125,"share_pct":0.800000011920929},{"period":"2024-04","brand_revenue":1794.969970703125,"category_revenue":65341.4609375,"share_pct":2.700000047683716},{"period":"2024-05","brand_revenue":1585.3900146484375,"category_revenue":71870.578125,"share_pct":2.200000047683716},{"period":"2024-06","brand_revenue":289.3999938964844,"category_revenue":74003.53125,"share_pct":0.4000000059604645},{"period":"2024-07","brand_revenue":296.70001220703125,"category_revenue":74670.1875,"share_pct":0.4000000059604645},{"period":"2024-08","brand_revenue":520.4600219726562,"category_revenue":72090.53125,"share_pct":0.699999988079071},{"period":"2024-09","brand_revenue":396.0,"category_revenue":64954.51953125,"share_pct":0.6000000238418579},{"period":"2024-10","brand_revenue":107.4000015258789,"category_revenue":66435.4921875,"share_pct":0.20000000298023224},{"period":"2024-11","brand_revenue":251.39999389648438,"category_revenue":68682.4375,"share_pct":0.4000000059604645},{"period":"2024-12","brand_revenue":236.6999969482422,"category_revenue":70600.8125,"share_pct":0.30000001192092896},{"period":"2025-01","brand_revenue":297.6000061035156,"category_revenue":66904.5390625,"share_pct":0.4000000059604645},{"period":"2025-02","brand_revenue":267.75,"category_revenue":62104.37109375,"share_pct":0.4000000059604645},{"period":"2025-03","brand_revenue":0.0,"category_revenue":70568.15625,"share_pct":0.0},{"period":"2025-04","brand_revenue":179.5500030517578,"category_revenue":73077.9296875,"share_pct":0.20000000298023224},{"period":"2025-05","brand_revenue":0.0,"category_revenue":71961.796875,"share_pct":0.0},{"period":"2025-06","brand_revenue":70.5,"category_revenue":64459.5,"share_pct":0.10000000149011612},{"period":"2025-07","brand_revenue":10.800000190734863,"category_revenue":66219.921875,"share_pct":0.0},{"period":"2025-08","brand_revenue":69.5999984741211,"category_revenue":68700.8203125,"share_pct":0.10000000149011612},{"period":"2025-09","brand_revenue":160.1999969482422,"category_revenue":67279.578125,"share_pct":0.20000000298023224},{"period":"2025-10","brand_revenue":172.85000610351562,"category_revenue":68737.8203125,"share_pct":0.30000001192092896},{"period":"2025-11","brand_revenue":68.69999694824219,"category_revenue":69135.8984375,"share_pct":0.10000000149011612},{"period":"2025-12","brand_revenue":3.0,"category_revenue":56781.94921875,"share_pct":0.0},{"period":"2026-01","brand_revenue":105.30000305175781,"category_revenue":32670.859375,"share_pct":0.30000001192092896}]},"discount_depth":[{"tier":"0% (Full Price)","transactions":2361,"pct_of_transactions":80.3,"revenue":6955.5,"avg_discount":0.0},{"tier":"1-10%","transactions":222,"pct_of_transactions":7.5,"revenue":598.9600830078125,"avg_discount":10.0},{"tier":"11-20%","transactions":65,"pct_of_transactions":2.2,"revenue":163.0500030517578,"avg_discount":19.899999618530273},{"tier":"21-30%","transactions":191,"pct_of_transactions":6.5,"revenue":432.49005126953125,"avg_discount":29.299999237060547},{"tier":"31%+","transactions":27,"pct_of_transactions":0.9,"revenue":54.38999938964844,"avg_discount":49.599998474121094}],"velocity":{"units_per_day":4.0,"revenue_per_day":10.9399995803833,"avg_units_per_txn":1.04,"days_of_data":762,"total_units":3047,"total_transactions":2941},"velocity_by_category":[{"category":"ACCESSORY","brand_units_per_day":4.0,"category_avg_units_per_day":10.28,"velocity_index":38.9,"brand_rev_per_unit":2.74,"category_rev_per_unit":1.55,"brands_in_category":136}],"deals":[{"deal_name":"Industry - 30% Off","times_used":124,"units":129.0,"revenue":257.9499912261963,"discounts":110.54999780654907,"cost":110.75000303983688,"profit":147.19999873638153,"pre_discount_revenue":368.5,"margin":57.1,"avg_discount":30.0},{"deal_name":"Senior - 10% Off","times_used":69,"units":77.0,"revenue":197.7000024318695,"discounts":23.300000548362732,"cost":69.18000149726868,"profit":128.5199999809265,"pre_discount_revenue":221.0,"margin":65.0,"avg_discount":10.5},{"deal_name":"Veterans - 10% Off","times_used":48,"units":48.0,"revenue":126.00000190734863,"discounts":14.000000417232513,"cost":42.500000953674316,"profit":83.50000047683716,"pre_discount_revenue":140.0,"margin":66.3,"avg_discount":10.0},{"deal_name":"Industry 30% Off","times_used":21,"units":23.0,"revenue":48.29999780654907,"discounts":20.699999451637268,"cost":20.45000022649765,"profit":27.84999978542328,"pre_discount_revenue":69.0,"margin":57.7,"avg_discount":30.0},{"deal_name":"Senior / Veterans - 20% Off","times_used":17,"units":21.0,"revenue":50.00000190734863,"discounts":12.500000476837158,"cost":18.890000462532043,"profit":31.109999537467957,"pre_discount_revenue":62.5,"margin":62.2,"avg_discount":20.0},{"deal_name":"Employee 30% - NOT FRIDAYS","times_used":5,"units":6.0,"revenue":12.59999942779541,"discounts":5.3999998569488525,"cost":6.060000121593475,"profit":6.539999842643738,"pre_discount_revenue":18.0,"margin":51.9,"avg_discount":30.0},{"deal_name":"Employee - 40% OFF","times_used":3,"units":8.0,"revenue":12.049999952316284,"discounts":11.950000524520874,"cost":7.4799999594688416,"profit":4.569999933242798,"pre_discount_revenue":24.0,"margin":37.9,"avg_discount":49.8},{"deal_name":"Jackpot - Locals 30% Off","times_used":3,"units":3.0,"revenue":6.299999713897705,"discounts":2.6999999284744263,"cost":2.5500000715255737,"profit":3.75,"pre_discount_revenue":9.0,"margin":59.5,"avg_discount":30.0},{"deal_name":"LVAC - 25% Off","times_used":2,"units":2.0,"revenue":4.5,"discounts":1.5,"cost":1.7000000476837158,"profit":2.799999952316284,"pre_discount_revenue":6.0,"margin":62.2,"avg_discount":25.0}],"top_products":[{"product":"$3 BIC LIGHTERS","units":2201,"revenue":6313.64990234375,"cost":1968.52001953125,"profit":4345.1298828125,"transactions":2121,"margin":68.80000305175781},{"product":"$2.50 BIC LIGHTERS","units":846,"revenue":2025.489990234375,"cost":719.1000366210938,"profit":1306.3900146484375,"transactions":820,"margin":64.5}],"products_by_store":{"Thrive Cheyenne":[{"product":"$3 BIC LIGHTERS","units":462,"revenue":1269.800048828125,"cost":396.5,"profit":873.300048828125,"transactions":449,"margin":68.80000305175781},{"product":"$2.50 BIC LIGHTERS","units":214,"revenue":487.75,"cost":181.90000915527344,"profit":305.8500061035156,"transactions":207,"margin":62.70000076293945}],"Thrive Jackpot":[{"product":"$3 BIC LIGHTERS","units":29,"revenue":81.30000305175781,"cost":24.650001525878906,"profit":56.650001525878906,"transactions":29,"margin":69.69999694824219}],"Thrive Reno":[{"product":"$3 BIC LIGHTERS","units":984,"revenue":2849.169921875,"cost":930.27001953125,"profit":1918.9000244140625,"transactions":925,"margin":67.30000305175781},{"product":"$2.50 BIC LIGHTERS","units":487,"revenue":1180.3699951171875,"cost":413.95001220703125,"profit":766.4199829101562,"transactions":474,"margin":64.9000015258789}],"Thrive Sammy":[{"product":"$3 BIC LIGHTERS","units":726,"revenue":2113.3798828125,"cost":617.1000366210938,"profit":1496.280029296875,"transactions":718,"margin":70.80000305175781},{"product":"$2.50 BIC LIGHTERS","units":145,"revenue":357.3699951171875,"cost":123.25,"profit":234.1199951171875,"transactions":139,"margin":65.5}]},"store_summary":[{"store_clean":"Thrive Reno","units":1471,"revenue":4029.5400390625,"cost":1344.219970703125,"profit":2685.320068359375,"discounts":165.9600067138672,"margin":66.5999984741211,"discount_rate":4.0},{"store_clean":"Thrive Sammy","units":871,"revenue":2470.75,"cost":740.3500366210938,"profit":1730.4000244140625,"discounts":69.75,"margin":70.0,"discount_rate":2.700000047683716},{"store_clean":"Thrive Cheyenne","units":676,"revenue":1757.550048828125,"cost":578.4000244140625,"profit":1179.1500244140625,"discounts":163.4499969482422,"margin":67.0999984741211,"discount_rate":8.5},{"store_clean":"Thrive Jackpot","units":29,"revenue":81.30000305175781,"cost":24.650001525878906,"profit":56.650001525878906,"discounts":5.699999809265137,"margin":69.69999694824219,"discount_rate":6.599999904632568}],"recommendations":[{"severity":"info","title":"VOLUME LEVERAGE","detail":"$8,339 revenue provides negotiating leverage.","action":"Use volume as leverage in next vendor meeting."}],"comparison":null}