{"brand":"ODYSSEY","date_range":"2024-01-01 00:00:00 to 2026-01-31 00:00:00","period_label":"All Time","summary":{"total_units":4780,"total_revenue":114811.171875,"total_cost":44812.5,"total_discounts":36588.8232421875,"total_profit":69998.6767578125,"overall_margin":61.0,"fp_margin":70.0,"disc_margin":58.79999923706055,"pct_full_price":19.299999237060547,"avg_discount_rate":24.200000762939453,"fp_revenue":22125.0,"disc_revenue":92686.171875,"brand":"ODYSSEY","date_range":"2024-01-01 00:00:00 to 2026-01-31 00:00:00","primary_category":"CONCENTRATE","store_coverage":"6/7","stores_present":["Elevation Springs","Elevation Mesa","Elevation Oasis","Elevation Midtown","Elevation Boulevard","Elevation Parkway"],"stores_missing":["Elevation Downtown"],"velocity_rank":7,"velocity_total":27},"distribution":[{"store":"Elevation Springs","carries_brand":true,"sku_count":36,"revenue":19666.69921875,"units":812,"store_total_revenue":51138750.0,"brand_share_pct":0.0},{"store":"Elevation Mesa","carries_brand":true,"sku_count":34,"revenue":20095.625,"units":820,"store_total_revenue":47532240.0,"brand_share_pct":0.0},{"store":"Elevation Oasis","carries_brand":true,"sku_count":42,"revenue":42368.75,"units":1774,"store_total_revenue":56050145.0,"brand_share_pct":0.10000000149011612},{"store":"Elevation Downtown","carries_brand":false,"sku_count":0,"revenue":0.0,"units":0,"store_total_revenue":1945237.1875,"brand_share_pct":0},{"store":"Elevation Midtown","carries_brand":true,"sku_count":26,"revenue":14261.474609375,"units":592,"store_total_revenue":30850185.0,"brand_share_pct":0.0},{"store":"Elevation Boulevard","carries_brand":true,"sku_count":26,"revenue":11415.50048828125,"units":488,"store_total_revenue":28757865.0,"brand_share_pct":0.0},{"store":"Elevation Parkway","carries_brand":true,"sku_count":20,"revenue":7003.125,"units":294,"store_total_revenue":21987007.5,"brand_share_pct":0.0}],"share_of_category":[{"category":"CONCENTRATE","brand_revenue":114811.171875,"category_revenue":7866357.5,"revenue_share_pct":1.5,"brand_units":4780,"category_units":316632,"units_share_pct":1.5}],"share_of_category_trend":{"CONCENTRATE":[{"period":"2024-01","brand_revenue":0.0,"category_revenue":351129.609375,"share_pct":0.0},{"period":"2024-02","brand_revenue":0.0,"category_revenue":371224.4921875,"share_pct":0.0},{"period":"2024-03","brand_revenue":0.0,"category_revenue":375964.296875,"share_pct":0.0},{"period":"2024-04","brand_revenue":0.0,"category_revenue":352745.859375,"share_pct":0.0},{"period":"2024-05","brand_revenue":0.0,"category_revenue":346027.5,"share_pct":0.0},{"period":"2024-06","brand_revenue":0.0,"category_revenue":310723.3984375,"share_pct":0.0},{"period":"2024-07","brand_revenue":0.0,"category_revenue":336220.078125,"share_pct":0.0},{"period":"2024-08","brand_revenue":0.0,"category_revenue":324004.04296875,"share_pct":0.0},{"period":"2024-09","brand_revenue":0.0,"category_revenue":326834.1796875,"share_pct":0.0},{"period":"2024-10","brand_revenue":0.0,"category_revenue":324500.859375,"share_pct":0.0},{"period":"2024-11","brand_revenue":0.0,"category_revenue":351240.0390625,"share_pct":0.0},{"period":"2024-12","brand_revenue":0.0,"category_revenue":324145.4296875,"share_pct":0.0},{"period":"2025-01","brand_revenue":0.0,"category_revenue":325749.19921875,"share_pct":0.0},{"period":"2025-02","brand_revenue":0.0,"category_revenue":300499.0234375,"share_pct":0.0},{"period":"2025-03","brand_revenue":0.0,"category_revenue":298171.5234375,"share_pct":0.0},{"period":"2025-04","brand_revenue":0.0,"category_revenue":343355.625,"share_pct":0.0},{"period":"2025-05","brand_revenue":0.0,"category_revenue":288836.62109375,"share_pct":0.0},{"period":"2025-06","brand_revenue":0.0,"category_revenue":280928.33984375,"share_pct":0.0},{"period":"2025-07","brand_revenue":14745.625,"category_revenue":283604.1796875,"share_pct":5.199999809265137},{"period":"2025-08","brand_revenue":16409.375,"category_revenue":274773.76953125,"share_pct":6.0},{"period":"2025-09","brand_revenue":16444.124755859375,"category_revenue":264599.19921875,"share_pct":6.199999809265137},{"period":"2025-10","brand_revenue":17481.25,"category_revenue":277515.46875,"share_pct":6.300000190734863},{"period":"2025-11","brand_revenue":25815.30029296875,"category_revenue":295773.3203125,"share_pct":8.699999809265137},{"period":"2025-12","brand_revenue":16412.37548828125,"category_revenue":267042.05078125,"share_pct":6.099999904632568},{"period":"2026-01","brand_revenue":7503.125,"category_revenue":270749.70703125,"share_pct":2.799999952316284}]},"velocity_by_category":[{"category":"CONCENTRATE","brand_units_per_day":6.28,"category_avg_units_per_day":15.38,"velocity_index":40.8,"brand_rev_per_unit":19.22,"category_rev_per_unit":19.88,"brands_in_category":27}],"store_gaps":[{"store":"Elevation Downtown","category":"CONCENTRATE","category_revenue_at_store":53170.9033203125,"opportunity":"Brand not carried"}],"product_mix":{"top":[{"product":"LUNAR DRIFT CURED RESIN BADDER - ODYSSEY","units":382,"revenue":8865.625,"cost":3581.25,"profit":5284.375,"stores":6,"transactions":364,"margin":59.599998474121094},{"product":"EAGLE NEBULA CURED RESIN BADDER - ODYSSEY","units":330,"revenue":8058.6749267578125,"cost":3093.75,"profit":4964.9249267578125,"stores":6,"transactions":260,"margin":61.599998474121094},{"product":"ORANGE CRUSH CURED RESIN CRUMBLE - ODYSSEY","units":300,"revenue":8030.0,"cost":2812.5,"profit":5217.5,"stores":6,"transactions":288,"margin":65.0},{"product":"ALIEN BANANA CANDY CURED RESIN SUGAR - ODYSSEY","units":294,"revenue":7034.375,"cost":2756.25,"profit":4278.125,"stores":6,"transactions":274,"margin":60.79999923706055},{"product":"GALACTIC KUSH CURED RESIN BADDER - ODYSSEY","units":318,"revenue":6981.4501953125,"cost":2981.25,"profit":4000.1998901367188,"stores":6,"transactions":290,"margin":57.29999923706055},{"product":"DARK MATTER OG CR BADDER - ODYSSEY","units":268,"revenue":6500.374755859375,"cost":2512.5,"profit":3987.8750610351562,"stores":5,"transactions":246,"margin":61.29999923706055},{"product":"BIG BANG CURED RESIN SUGAR - ODYSSEY","units":254,"revenue":6328.125,"cost":2381.25,"profit":3946.875,"stores":4,"transactions":234,"margin":62.400001525878906},{"product":"PINEAPPLE SPACESHIP CURED RESIN BADDER - ODYSSEY","units":250,"revenue":6250.0,"cost":2343.75,"profit":3906.25,"stores":5,"transactions":242,"margin":62.5},{"product":"SATURN COOKIES CURED RESIN SUGAR - ODYSSEY","units":246,"revenue":6068.75,"cost":2306.25,"profit":3762.5,"stores":4,"transactions":230,"margin":62.0},{"product":"COSMIC CURED RESIN SUGAR - ODYSSEY","units":246,"revenue":6053.125,"cost":2306.25,"profit":3746.875,"stores":4,"transactions":218,"margin":61.900001525878906},{"product":"ION FLUX CURED RESIN BADDER - ODYSSEY","units":264,"revenue":5755.574951171875,"cost":2475.0,"profit":3280.574951171875,"stores":5,"transactions":236,"margin":57.0},{"product":"ALIEN KUSH MINTS CURED RESIN SUGAR - ODYSSEY","units":192,"revenue":4737.5,"cost":1800.0,"profit":2937.5,"stores":3,"transactions":168,"margin":62.0},{"product":"BLUEBERRY MUFFIN CURED RESIN BADDER - ODYSSEY","units":190,"revenue":4359.2498779296875,"cost":1781.25,"profit":2577.9998779296875,"stores":4,"transactions":180,"margin":59.099998474121094},{"product":"ALIEN DAWG CURED RESIN BADDER - ODYSSEY","units":176,"revenue":4321.875,"cost":1650.0,"profit":2671.875,"stores":4,"transactions":170,"margin":61.79999923706055},{"product":"MOON DUST CURED RESIN SUGAR - ODYSSEY","units":148,"revenue":3796.875,"cost":1387.5,"profit":2409.375,"stores":3,"transactions":148,"margin":63.5},{"product":"JUPITER OG CURED RESIN SUGAR - ODYSSEY","units":146,"revenue":3637.5,"cost":1368.75,"profit":2268.75,"stores":2,"transactions":130,"margin":62.400001525878906},{"product":"OBLIVION CURED RESIN SUGAR - ODYSSEY","units":146,"revenue":3562.5,"cost":1368.75,"profit":2193.75,"stores":2,"transactions":124,"margin":61.599998474121094},{"product":"ALIEN OG CURED RESIN BADDER - ODYSSEY","units":134,"revenue":3043.75,"cost":1256.25,"profit":1787.5,"stores":4,"transactions":118,"margin":58.70000076293945},{"product":"NEBULA MARKER CURED RESIN BADDER - ODYSSEY","units":118,"revenue":2812.5,"cost":1106.25,"profit":1706.25,"stores":2,"transactions":104,"margin":60.70000076293945},{"product":"HAN SOLO CR BADDER - ODYSSEY","units":98,"revenue":2387.5,"cost":918.75,"profit":1468.75,"stores":1,"transactions":82,"margin":61.5}],"bottom":[{"product":"JUPITER OG CURED RESIN SUGAR - ODYSSEY","units":146,"revenue":3637.5,"cost":1368.75,"profit":2268.75,"stores":2,"transactions":130,"margin":62.400001525878906},{"product":"OBLIVION CURED RESIN SUGAR - ODYSSEY","units":146,"revenue":3562.5,"cost":1368.75,"profit":2193.75,"stores":2,"transactions":124,"margin":61.599998474121094},{"product":"ALIEN OG CURED RESIN BADDER - ODYSSEY","units":134,"revenue":3043.75,"cost":1256.25,"profit":1787.5,"stores":4,"transactions":118,"margin":58.70000076293945},{"product":"NEBULA MARKER CURED RESIN BADDER - ODYSSEY","units":118,"revenue":2812.5,"cost":1106.25,"profit":1706.25,"stores":2,"transactions":104,"margin":60.70000076293945},{"product":"HAN SOLO CR BADDER - ODYSSEY","units":98,"revenue":2387.5,"cost":918.75,"profit":1468.75,"stores":1,"transactions":82,"margin":61.5},{"product":"LASER MINTS CURED RESIN BADDER - ODYSSEY","units":100,"revenue":2212.5,"cost":937.5,"profit":1275.0,"stores":1,"transactions":92,"margin":57.599998474121094},{"product":"ALIEN OG BADDER - ODYSSEY","units":84,"revenue":1882.1000671386719,"cost":787.5,"profit":1094.5999908447266,"stores":4,"transactions":80,"margin":58.20000076293945},{"product":"HAN SOLO COOKIES CURED RESIN BATTER - ODYSSEY","units":54,"revenue":1175.0,"cost":506.25,"profit":668.75,"stores":2,"transactions":46,"margin":56.900001525878906},{"product":"DARK MATTER OG CURED RESIN BADDER - ODYSSEY","units":26,"revenue":556.25,"cost":243.75,"profit":312.5,"stores":1,"transactions":18,"margin":56.20000076293945},{"product":"HAN SOLO COOKIES CR BATTER - ODYSSEY","units":16,"revenue":400.0,"cost":150.0,"profit":250.0,"stores":2,"transactions":16,"margin":62.5}],"expansion":[{"product":"DARK MATTER OG CR BADDER - ODYSSEY","current_stores":5,"total_stores":6,"missing_stores":["Elevation Parkway"],"revenue":6500.374755859375},{"product":"BIG BANG CURED RESIN SUGAR - ODYSSEY","current_stores":4,"total_stores":6,"missing_stores":["Elevation Mesa","Elevation Parkway"],"revenue":6328.125},{"product":"PINEAPPLE SPACESHIP CURED RESIN BADDER - ODYSSEY","current_stores":5,"total_stores":6,"missing_stores":["Elevation Boulevard"],"revenue":6250.0},{"product":"SATURN COOKIES CURED RESIN SUGAR - ODYSSEY","current_stores":4,"total_stores":6,"missing_stores":["Elevation Boulevard","Elevation Parkway"],"revenue":6068.75},{"product":"COSMIC CURED RESIN SUGAR - ODYSSEY","current_stores":4,"total_stores":6,"missing_stores":["Elevation Mesa","Elevation Parkway"],"revenue":6053.125},{"product":"ION FLUX CURED RESIN BADDER - ODYSSEY","current_stores":5,"total_stores":6,"missing_stores":["Elevation Boulevard"],"revenue":5755.574951171875},{"product":"ALIEN KUSH MINTS CURED RESIN SUGAR - ODYSSEY","current_stores":3,"total_stores":6,"missing_stores":["Elevation Springs","Elevation Boulevard","Elevation Parkway"],"revenue":4737.5},{"product":"BLUEBERRY MUFFIN CURED RESIN BADDER - ODYSSEY","current_stores":4,"total_stores":6,"missing_stores":["Elevation Midtown","Elevation Parkway"],"revenue":4359.2498779296875},{"product":"ALIEN DAWG CURED RESIN BADDER - ODYSSEY","current_stores":4,"total_stores":6,"missing_stores":["Elevation Midtown","Elevation Parkway"],"revenue":4321.875},{"product":"MOON DUST CURED RESIN SUGAR - ODYSSEY","current_stores":3,"total_stores":6,"missing_stores":["Elevation Oasis","Elevation Midtown","Elevation Parkway"],"revenue":3796.875}]},"pricing_consistency":[{"product":"ALIEN OG CURED RESIN BADDER - ODYSSEY","min_price":31.25,"max_price":47.43589743589744,"avg_price":41.64663461538461,"std_dev":2.8780046519943574,"store_count":8,"price_range":16.185897435897438,"range_pct":38.9},{"product":"ION FLUX CURED RESIN BADDER - ODYSSEY","min_price":39.84375,"max_price":49.375,"avg_price":44.18602000126222,"std_dev":1.3649894090816577,"store_count":10,"price_range":9.53125,"range_pct":21.6},{"product":"PINEAPPLE SPACESHIP CURED RESIN BADDER - ODYSSEY","min_price":43.0,"max_price":53.75,"avg_price":50.0,"std_dev":1.6477257053284085,"store_count":10,"price_range":10.750000000000002,"range_pct":21.5},{"product":"ALIEN OG BADDER - ODYSSEY","min_price":40.930768526517426,"max_price":50.0,"avg_price":44.89178304072027,"std_dev":1.5159105403124313,"store_count":8,"price_range":9.06923147348257,"range_pct":20.2},{"product":"HAN SOLO COOKIES CR BATTER - ODYSSEY","min_price":45.3125,"max_price":54.6875,"avg_price":50.0,"std_dev":2.6516504294495533,"store_count":4,"price_range":9.375,"range_pct":18.8},{"product":"LUNAR DRIFT CURED RESIN BADDER - ODYSSEY","min_price":42.25,"max_price":50.38265306122449,"avg_price":46.00776027511084,"std_dev":1.1427648473843672,"store_count":12,"price_range":8.132653061224495,"range_pct":17.7},{"product":"ALIEN BANANA CANDY CURED RESIN SUGAR - ODYSSEY","min_price":43.75,"max_price":52.125,"avg_price":47.87881189613526,"std_dev":1.1770250819472614,"store_count":12,"price_range":8.375000000000004,"range_pct":17.5},{"product":"EAGLE NEBULA CURED RESIN BADDER - ODYSSEY","min_price":42.5,"max_price":50.58139534883721,"avg_price":47.50286515508988,"std_dev":1.1359876667024813,"store_count":12,"price_range":8.08139534883721,"range_pct":17.0},{"product":"GALACTIC KUSH CURED RESIN BADDER - ODYSSEY","min_price":40.625,"max_price":47.47200012207031,"avg_price":43.64631610273504,"std_dev":0.9564229539534362,"store_count":12,"price_range":6.8470001220703125,"range_pct":15.7},{"product":"SATURN COOKIES CURED RESIN SUGAR - ODYSSEY","min_price":45.0,"max_price":52.71739130434782,"avg_price":49.08559782608695,"std_dev":1.3352715610604973,"store_count":8,"price_range":7.717391304347823,"range_pct":15.7},{"product":"MOON DUST CURED RESIN SUGAR - ODYSSEY","min_price":48.95833333333333,"max_price":55.25,"avg_price":51.27777777777777,"std_dev":1.382462912234432,"store_count":6,"price_range":6.291666666666673,"range_pct":12.3},{"product":"BLUEBERRY MUFFIN CURED RESIN BADDER - ODYSSEY","min_price":43.48958333333333,"max_price":49.0,"avg_price":45.79501524425688,"std_dev":0.9975566950745226,"store_count":8,"price_range":5.510416666666673,"range_pct":12.0},{"product":"ORANGE CRUSH CURED RESIN CRUMBLE - ODYSSEY","min_price":51.25,"max_price":57.25,"avg_price":53.533333333333324,"std_dev":0.831063575586529,"store_count":12,"price_range":5.9999999999999964,"range_pct":11.2},{"product":"DARK MATTER OG CR BADDER - ODYSSEY","min_price":45.08333206176758,"max_price":49.74489795918367,"avg_price":47.918906873755475,"std_dev":0.7683264030552743,"store_count":10,"price_range":4.661565897416091,"range_pct":9.7},{"product":"ALIEN DAWG CURED RESIN BADDER - ODYSSEY","min_price":46.32352941176471,"max_price":51.0,"avg_price":48.89487044817927,"std_dev":0.772348713655161,"store_count":8,"price_range":4.676470588235286,"range_pct":9.6},{"product":"HAN SOLO COOKIES CURED RESIN BATTER - ODYSSEY","min_price":40.625,"max_price":44.345238095238095,"avg_price":42.48511904761905,"std_dev":1.0522422339085535,"store_count":4,"price_range":3.720238095238093,"range_pct":8.8},{"product":"BIG BANG CURED RESIN SUGAR - ODYSSEY","min_price":47.875,"max_price":51.85185185185185,"avg_price":49.61921296296296,"std_dev":0.7546296296296292,"store_count":8,"price_range":3.9768518518518547,"range_pct":8.0},{"product":"COSMIC CURED RESIN SUGAR - ODYSSEY","min_price":48.46938775510204,"max_price":51.04166666666667,"avg_price":49.409013605442176,"std_dev":0.4716726895897877,"store_count":8,"price_range":2.572278911564627,"range_pct":5.2},{"product":"JUPITER OG CURED RESIN SUGAR - ODYSSEY","min_price":48.17708333333333,"max_price":50.63775510204081,"avg_price":49.407419217687064,"std_dev":0.6959830775709441,"store_count":4,"price_range":2.460671768707483,"range_pct":5.0},{"product":"OBLIVION CURED RESIN SUGAR - ODYSSEY","min_price":47.39583333333333,"max_price":49.48979591836735,"avg_price":48.44281462585034,"std_dev":0.5922620573713865,"store_count":4,"price_range":2.093962585034017,"range_pct":4.3},{"product":"NEBULA MARKER CURED RESIN BADDER - ODYSSEY","min_price":47.5,"max_price":48.61111111111111,"avg_price":48.05555555555556,"std_dev":0.3142696805273533,"store_count":4,"price_range":1.1111111111111072,"range_pct":2.3},{"product":"ALIEN KUSH MINTS CURED RESIN SUGAR - ODYSSEY","min_price":49.14772727272727,"max_price":49.73958333333333,"avg_price":49.379103535353536,"std_dev":0.12653802037308218,"store_count":6,"price_range":0.5918560606060552,"range_pct":1.2}],"promotional_effectiveness":{"lift":{"fp_units_per_day":4.88,"disc_units_per_day":20.98,"lift_pct":329.9,"fp_avg_revenue_per_unit":62.5,"disc_avg_revenue_per_unit":45.525000000000006},"by_deal":[{"deal_name":"Lit4Less - Concentrate 3g for $60","uses":424,"revenue":50460.69999933243,"discounts":14608.050000667572,"units":2021.0,"cost":18946.875,"margin":62.5,"discount_depth":45.0},{"deal_name":"Industry 30% Off","uses":300,"revenue":19143.75,"discounts":8231.25,"units":876.0,"cost":8212.5,"margin":57.1,"discount_depth":60.2},{"deal_name":"50% Off - G2B","uses":64,"revenue":3674.300000667572,"discounts":3688.199999332428,"units":232.0,"cost":2175.0,"margin":40.8,"discount_depth":100.2},{"deal_name":"Odyssey 3g for $45","uses":56,"revenue":6750.0,"discounts":4500.0,"units":360.0,"cost":3375.0,"margin":50.0,"discount_depth":80.0},{"deal_name":"Jackpot - Locals 30% Off","uses":38,"revenue":3150.0,"discounts":1350.0,"units":144.0,"cost":1350.0,"margin":57.1,"discount_depth":60.0},{"deal_name":"Employee 30% - NOT FRIDAYS","uses":16,"revenue":1145.2499997615814,"discounts":510.9999990463257,"units":53.0,"cost":496.875,"margin":56.6,"discount_depth":61.8},{"deal_name":"Employee - 40% OFF","uses":12,"revenue":644.5249998569489,"discounts":449.22499895095825,"units":35.0,"cost":328.125,"margin":49.1,"discount_depth":82.2},{"deal_name":"Senior - 10% Off","uses":9,"revenue":562.5,"discounts":62.5,"units":20.0,"cost":187.5,"margin":66.7,"discount_depth":20.0},{"deal_name":"Veterans - 10% Off","uses":8,"revenue":562.5,"discounts":62.5,"units":20.0,"cost":187.5,"margin":66.7,"discount_depth":20.0},{"deal_name":"LVAC - 25% Off","uses":4,"revenue":375.0,"discounts":125.0,"units":16.0,"cost":150.0,"margin":60.0,"discount_depth":50.0},{"deal_name":"30% Off Special","uses":3,"revenue":175.0,"discounts":75.0,"units":8.0,"cost":75.0,"margin":57.1,"discount_depth":60.0},{"deal_name":"Senior / Veterans - 20% Off","uses":3,"revenue":350.0,"discounts":87.5,"units":14.0,"cost":131.25,"margin":62.5,"discount_depth":40.0},{"deal_name":"Store Credit - $50","uses":3,"revenue":90.69999814033508,"discounts":96.80000066757202,"units":6.0,"cost":56.25,"margin":38.0,"discount_depth":103.2},{"deal_name":"Store Credit - $15","uses":2,"revenue":87.5,"discounts":100.0,"units":6.0,"cost":56.25,"margin":35.7,"discount_depth":106.6},{"deal_name":"Store Credit - $25","uses":2,"revenue":61.80000066757202,"discounts":63.19999933242798,"units":4.0,"cost":37.5,"margin":39.3,"discount_depth":101.2},{"deal_name":"Store Credit - $75","uses":1,"revenue":7.0249998569488525,"discounts":24.224998950958252,"units":1.0,"cost":9.375,"margin":-33.5,"discount_depth":155.0}]},"growth_opportunities":[{"type":"distribution","title":"Expand to Elevation Downtown","detail":"Store has $21,268 in CONCENTRATE \u2014 categories where ODYSSEY competes.","priority":"high"},{"type":"sku_expansion","title":"Add 'ALIEN DAWG CURED RESIN BADDER - ODYSSEY' to 2 more store(s)","detail":"Carried in 4 stores. Missing from: Elevation Midtown, Elevation Parkway","priority":"medium"},{"type":"sku_expansion","title":"Add 'ALIEN KUSH MINTS CURED RESIN SUGAR - ODYSSEY' to 3 more store(s)","detail":"Carried in 3 stores. Missing from: Elevation Springs, Elevation Boulevard, Elevation Parkway","priority":"medium"},{"type":"sku_expansion","title":"Add 'ALIEN OG BADDER - ODYSSEY' to 2 more store(s)","detail":"Carried in 4 stores. Missing from: Elevation Midtown, Elevation Boulevard","priority":"medium"},{"type":"sku_expansion","title":"Add 'ALIEN OG CURED RESIN BADDER - ODYSSEY' to 2 more store(s)","detail":"Carried in 4 stores. Missing from: Elevation Midtown, Elevation Boulevard","priority":"medium"},{"type":"sku_expansion","title":"Add 'BIG BANG CURED RESIN SUGAR - ODYSSEY' to 2 more store(s)","detail":"Carried in 4 stores. Missing from: Elevation Mesa, Elevation Parkway","priority":"medium"},{"type":"velocity","title":"Improve velocity in CONCENTRATE","detail":"Velocity index 41 (below category average). 3.1 units/day vs 7.7 avg.","priority":"medium"}],"trend":[{"period":"2025-07","revenue":14745.625,"cost":5493.75,"margin":62.7,"units":586,"transactions":466,"profit":9251.875,"revenue_change_pct":null,"units_change_pct":null,"margin_change_pts":null},{"period":"2025-08","revenue":16409.375,"cost":6131.25,"margin":62.6,"units":654,"transactions":440,"profit":10278.125,"revenue_change_pct":11.3,"units_change_pct":11.6,"margin_change_pts":-0.1},{"period":"2025-09","revenue":16444.124755859375,"cost":6243.75,"margin":62.0,"units":666,"transactions":370,"profit":10200.374755859375,"revenue_change_pct":0.2,"units_change_pct":1.8,"margin_change_pts":-0.6},{"period":"2025-10","revenue":17481.25,"cost":6618.75,"margin":62.1,"units":706,"transactions":358,"profit":10862.5,"revenue_change_pct":6.3,"units_change_pct":6.0,"margin_change_pts":0.1},{"period":"2025-11","revenue":25815.30029296875,"cost":11306.25,"margin":56.2,"units":1206,"transactions":538,"profit":14509.05029296875,"revenue_change_pct":47.7,"units_change_pct":70.8,"margin_change_pts":-5.9},{"period":"2025-12","revenue":16412.37548828125,"cost":6168.75,"margin":62.4,"units":658,"transactions":402,"profit":10243.62548828125,"revenue_change_pct":-36.4,"units_change_pct":-45.4,"margin_change_pts":6.2},{"period":"2026-01","revenue":7503.125,"cost":2850.0,"margin":62.0,"units":304,"transactions":172,"profit":4653.125,"revenue_change_pct":-54.3,"units_change_pct":-53.8,"margin_change_pts":-0.4}]}