{"brand":"ODYSSEY","date_range":"2024-01-01 00:00:00 to 2026-01-31 00:00:00","period_label":"All Time","summary":{"total_units":4780,"total_revenue":114811.171875,"total_cost":44812.5,"total_discounts":36588.8232421875,"total_profit":69998.6767578125,"overall_margin":61.0,"fp_margin":70.0,"disc_margin":58.79999923706055,"pct_full_price":19.299999237060547,"avg_discount_rate":24.200000762939453,"fp_revenue":22125.0,"disc_revenue":92686.171875,"unique_customers":1820,"brand":"ODYSSEY","date_range":"2024-01-01 00:00:00 to 2026-01-31 00:00:00","months_count":14,"avg_monthly_cost":6401.775,"cost_per_unit":18.75,"primary_category":"CONCENTRATE","primary_cat_margin":45.900001525878906,"category_rank":8,"category_total":27,"margin_vs_category":15.100000381469727,"velocity_rank":7},"category_breakdown":[{"category_clean":"CONCENTRATE","units":4780,"revenue":114811.171875,"cost":44812.5,"profit":69998.6767578125,"discounts":36588.82568359375,"margin":61.0,"category_avg_margin":45.900001525878906,"vs_category":15.1,"rank":8.0,"total_brands":27.0}],"trend":[{"period":"2025-07","revenue":14745.625,"cost":5493.75,"margin":62.7,"units":586,"transactions":466,"profit":9251.875,"revenue_change_pct":null,"units_change_pct":null,"margin_change_pts":null},{"period":"2025-08","revenue":16409.375,"cost":6131.25,"margin":62.6,"units":654,"transactions":440,"profit":10278.125,"revenue_change_pct":11.3,"units_change_pct":11.6,"margin_change_pts":-0.1},{"period":"2025-09","revenue":16444.124755859375,"cost":6243.75,"margin":62.0,"units":666,"transactions":370,"profit":10200.374755859375,"revenue_change_pct":0.2,"units_change_pct":1.8,"margin_change_pts":-0.6},{"period":"2025-10","revenue":17481.25,"cost":6618.75,"margin":62.1,"units":706,"transactions":358,"profit":10862.5,"revenue_change_pct":6.3,"units_change_pct":6.0,"margin_change_pts":0.1},{"period":"2025-11","revenue":25815.30029296875,"cost":11306.25,"margin":56.2,"units":1206,"transactions":538,"profit":14509.05029296875,"revenue_change_pct":47.7,"units_change_pct":70.8,"margin_change_pts":-5.9},{"period":"2025-12","revenue":16412.37548828125,"cost":6168.75,"margin":62.4,"units":658,"transactions":402,"profit":10243.62548828125,"revenue_change_pct":-36.4,"units_change_pct":-45.4,"margin_change_pts":6.2},{"period":"2026-01","revenue":7503.125,"cost":2850.0,"margin":62.0,"units":304,"transactions":172,"profit":4653.125,"revenue_change_pct":-54.3,"units_change_pct":-53.8,"margin_change_pts":-0.4}],"share_of_category":[{"category":"CONCENTRATE","brand_revenue":114811.171875,"category_revenue":7866357.5,"revenue_share_pct":1.5,"brand_units":4780,"category_units":316632,"units_share_pct":1.5}],"share_of_category_trend":{"CONCENTRATE":[{"period":"2024-01","brand_revenue":0.0,"category_revenue":351129.609375,"share_pct":0.0},{"period":"2024-02","brand_revenue":0.0,"category_revenue":371224.4921875,"share_pct":0.0},{"period":"2024-03","brand_revenue":0.0,"category_revenue":375964.296875,"share_pct":0.0},{"period":"2024-04","brand_revenue":0.0,"category_revenue":352745.859375,"share_pct":0.0},{"period":"2024-05","brand_revenue":0.0,"category_revenue":346027.5,"share_pct":0.0},{"period":"2024-06","brand_revenue":0.0,"category_revenue":310723.3984375,"share_pct":0.0},{"period":"2024-07","brand_revenue":0.0,"category_revenue":336220.078125,"share_pct":0.0},{"period":"2024-08","brand_revenue":0.0,"category_revenue":324004.04296875,"share_pct":0.0},{"period":"2024-09","brand_revenue":0.0,"category_revenue":326834.1796875,"share_pct":0.0},{"period":"2024-10","brand_revenue":0.0,"category_revenue":324500.859375,"share_pct":0.0},{"period":"2024-11","brand_revenue":0.0,"category_revenue":351240.0390625,"share_pct":0.0},{"period":"2024-12","brand_revenue":0.0,"category_revenue":324145.4296875,"share_pct":0.0},{"period":"2025-01","brand_revenue":0.0,"category_revenue":325749.19921875,"share_pct":0.0},{"period":"2025-02","brand_revenue":0.0,"category_revenue":300499.0234375,"share_pct":0.0},{"period":"2025-03","brand_revenue":0.0,"category_revenue":298171.5234375,"share_pct":0.0},{"period":"2025-04","brand_revenue":0.0,"category_revenue":343355.625,"share_pct":0.0},{"period":"2025-05","brand_revenue":0.0,"category_revenue":288836.62109375,"share_pct":0.0},{"period":"2025-06","brand_revenue":0.0,"category_revenue":280928.33984375,"share_pct":0.0},{"period":"2025-07","brand_revenue":14745.625,"category_revenue":283604.1796875,"share_pct":5.199999809265137},{"period":"2025-08","brand_revenue":16409.375,"category_revenue":274773.76953125,"share_pct":6.0},{"period":"2025-09","brand_revenue":16444.124755859375,"category_revenue":264599.19921875,"share_pct":6.199999809265137},{"period":"2025-10","brand_revenue":17481.25,"category_revenue":277515.46875,"share_pct":6.300000190734863},{"period":"2025-11","brand_revenue":25815.30029296875,"category_revenue":295773.3203125,"share_pct":8.699999809265137},{"period":"2025-12","brand_revenue":16412.37548828125,"category_revenue":267042.05078125,"share_pct":6.099999904632568},{"period":"2026-01","brand_revenue":7503.125,"category_revenue":270749.70703125,"share_pct":2.799999952316284}]},"discount_depth":[{"tier":"0% (Full Price)","transactions":692,"pct_of_transactions":15.9,"revenue":22125.0,"avg_discount":0.0},{"tier":"1-10%","transactions":44,"pct_of_transactions":1.0,"revenue":1237.5,"avg_discount":20.0},{"tier":"11-20%","transactions":1744,"pct_of_transactions":40.0,"revenue":50308.125,"avg_discount":40.0},{"tier":"21-30%","transactions":24,"pct_of_transactions":0.6,"revenue":562.5,"avg_discount":50.0},{"tier":"31%+","transactions":690,"pct_of_transactions":15.8,"revenue":13846.79931640625,"avg_discount":90.19999694824219}],"velocity":{"units_per_day":23.2,"revenue_per_day":557.3249816894531,"avg_units_per_txn":3.48,"days_of_data":206,"total_units":4780,"total_transactions":2746},"velocity_by_category":[{"category":"CONCENTRATE","brand_units_per_day":6.28,"category_avg_units_per_day":15.38,"velocity_index":40.8,"brand_rev_per_unit":19.22,"category_rev_per_unit":19.88,"brands_in_category":27}],"deals":[{"deal_name":"Lit4Less - Concentrate 3g for $60","times_used":848,"units":2021.0,"revenue":50460.69999933243,"discounts":14608.050000667572,"cost":18946.875,"profit":31513.82500052452,"pre_discount_revenue":65068.75,"margin":62.5,"avg_discount":45.0},{"deal_name":"Industry 30% Off","times_used":600,"units":876.0,"revenue":19143.75,"discounts":8231.25,"cost":8212.5,"profit":10931.25,"pre_discount_revenue":27375.0,"margin":57.1,"avg_discount":60.2},{"deal_name":"50% Off - G2B","times_used":128,"units":232.0,"revenue":3674.300000667572,"discounts":3688.199999332428,"cost":2175.0,"profit":1499.3000000715256,"pre_discount_revenue":7362.5,"margin":40.8,"avg_discount":100.2},{"deal_name":"Odyssey 3g for $45","times_used":112,"units":360.0,"revenue":6750.0,"discounts":4500.0,"cost":3375.0,"profit":3375.0,"pre_discount_revenue":11250.0,"margin":50.0,"avg_discount":80.0},{"deal_name":"Jackpot - Locals 30% Off","times_used":76,"units":144.0,"revenue":3150.0,"discounts":1350.0,"cost":1350.0,"profit":1800.0,"pre_discount_revenue":4500.0,"margin":57.1,"avg_discount":60.0},{"deal_name":"Employee 30% - NOT FRIDAYS","times_used":32,"units":53.0,"revenue":1145.2499997615814,"discounts":510.9999990463257,"cost":496.875,"profit":648.3750000596046,"pre_discount_revenue":1656.25,"margin":56.6,"avg_discount":61.8},{"deal_name":"Employee - 40% OFF","times_used":24,"units":35.0,"revenue":644.5249998569489,"discounts":449.22499895095825,"cost":328.125,"profit":316.40000000596046,"pre_discount_revenue":1093.75,"margin":49.1,"avg_discount":82.2},{"deal_name":"Senior - 10% Off","times_used":18,"units":20.0,"revenue":562.5,"discounts":62.5,"cost":187.5,"profit":375.0,"pre_discount_revenue":625.0,"margin":66.7,"avg_discount":20.0},{"deal_name":"Veterans - 10% Off","times_used":16,"units":20.0,"revenue":562.5,"discounts":62.5,"cost":187.5,"profit":375.0,"pre_discount_revenue":625.0,"margin":66.7,"avg_discount":20.0},{"deal_name":"LVAC - 25% Off","times_used":8,"units":16.0,"revenue":375.0,"discounts":125.0,"cost":150.0,"profit":225.0,"pre_discount_revenue":500.0,"margin":60.0,"avg_discount":50.0},{"deal_name":"30% Off Special","times_used":6,"units":8.0,"revenue":175.0,"discounts":75.0,"cost":75.0,"profit":100.0,"pre_discount_revenue":250.0,"margin":57.1,"avg_discount":60.0},{"deal_name":"Senior / Veterans - 20% Off","times_used":6,"units":14.0,"revenue":350.0,"discounts":87.5,"cost":131.25,"profit":218.75,"pre_discount_revenue":437.5,"margin":62.5,"avg_discount":40.0},{"deal_name":"Store Credit - $50","times_used":6,"units":6.0,"revenue":90.69999814033508,"discounts":96.80000066757202,"cost":56.25,"profit":34.4500008225441,"pre_discount_revenue":187.5,"margin":38.0,"avg_discount":103.2},{"deal_name":"Store Credit - $15","times_used":4,"units":6.0,"revenue":87.5,"discounts":100.0,"cost":56.25,"profit":31.25,"pre_discount_revenue":187.5,"margin":35.7,"avg_discount":106.6},{"deal_name":"Store Credit - $25","times_used":4,"units":4.0,"revenue":61.80000066757202,"discounts":63.19999933242798,"cost":37.5,"profit":24.300000071525574,"pre_discount_revenue":125.0,"margin":39.3,"avg_discount":101.2},{"deal_name":"Store Credit - $75","times_used":2,"units":1.0,"revenue":7.0249998569488525,"discounts":24.224998950958252,"cost":9.375,"profit":-2.3499999940395355,"pre_discount_revenue":31.25,"margin":-33.5,"avg_discount":155.0}],"top_products":[{"product":"LUNAR DRIFT CURED RESIN BADDER - ODYSSEY","units":382,"revenue":8865.625,"cost":3581.25,"profit":5284.375,"transactions":364,"margin":59.599998474121094},{"product":"EAGLE NEBULA CURED RESIN BADDER - ODYSSEY","units":330,"revenue":8058.6749267578125,"cost":3093.75,"profit":4964.9249267578125,"transactions":260,"margin":61.599998474121094},{"product":"ORANGE CRUSH CURED RESIN CRUMBLE - ODYSSEY","units":300,"revenue":8030.0,"cost":2812.5,"profit":5217.5,"transactions":288,"margin":65.0},{"product":"ALIEN BANANA CANDY CURED RESIN SUGAR - ODYSSEY","units":294,"revenue":7034.375,"cost":2756.25,"profit":4278.125,"transactions":274,"margin":60.79999923706055},{"product":"GALACTIC KUSH CURED RESIN BADDER - ODYSSEY","units":318,"revenue":6981.4501953125,"cost":2981.25,"profit":4000.1998901367188,"transactions":290,"margin":57.29999923706055},{"product":"DARK MATTER OG CR BADDER - ODYSSEY","units":268,"revenue":6500.374755859375,"cost":2512.5,"profit":3987.8750610351562,"transactions":246,"margin":61.29999923706055},{"product":"BIG BANG CURED RESIN SUGAR - ODYSSEY","units":254,"revenue":6328.125,"cost":2381.25,"profit":3946.875,"transactions":234,"margin":62.400001525878906},{"product":"PINEAPPLE SPACESHIP CURED RESIN BADDER - ODYSSEY","units":250,"revenue":6250.0,"cost":2343.75,"profit":3906.25,"transactions":242,"margin":62.5},{"product":"SATURN COOKIES CURED RESIN SUGAR - ODYSSEY","units":246,"revenue":6068.75,"cost":2306.25,"profit":3762.5,"transactions":230,"margin":62.0},{"product":"COSMIC CURED RESIN SUGAR - ODYSSEY","units":246,"revenue":6053.125,"cost":2306.25,"profit":3746.875,"transactions":218,"margin":61.900001525878906},{"product":"ION FLUX CURED RESIN BADDER - ODYSSEY","units":264,"revenue":5755.574951171875,"cost":2475.0,"profit":3280.574951171875,"transactions":236,"margin":57.0},{"product":"ALIEN KUSH MINTS CURED RESIN SUGAR - ODYSSEY","units":192,"revenue":4737.5,"cost":1800.0,"profit":2937.5,"transactions":168,"margin":62.0},{"product":"BLUEBERRY MUFFIN CURED RESIN BADDER - ODYSSEY","units":190,"revenue":4359.2498779296875,"cost":1781.25,"profit":2577.9998779296875,"transactions":180,"margin":59.099998474121094},{"product":"ALIEN DAWG CURED RESIN BADDER - ODYSSEY","units":176,"revenue":4321.875,"cost":1650.0,"profit":2671.875,"transactions":170,"margin":61.79999923706055},{"product":"MOON DUST CURED RESIN SUGAR - ODYSSEY","units":148,"revenue":3796.875,"cost":1387.5,"profit":2409.375,"transactions":148,"margin":63.5},{"product":"JUPITER OG CURED RESIN SUGAR - ODYSSEY","units":146,"revenue":3637.5,"cost":1368.75,"profit":2268.75,"transactions":130,"margin":62.400001525878906},{"product":"OBLIVION CURED RESIN SUGAR - ODYSSEY","units":146,"revenue":3562.5,"cost":1368.75,"profit":2193.75,"transactions":124,"margin":61.599998474121094},{"product":"ALIEN OG CURED RESIN BADDER - ODYSSEY","units":134,"revenue":3043.75,"cost":1256.25,"profit":1787.5,"transactions":118,"margin":58.70000076293945},{"product":"NEBULA MARKER CURED RESIN BADDER - ODYSSEY","units":118,"revenue":2812.5,"cost":1106.25,"profit":1706.25,"transactions":104,"margin":60.70000076293945},{"product":"HAN SOLO CR BADDER - ODYSSEY","units":98,"revenue":2387.5,"cost":918.75,"profit":1468.75,"transactions":82,"margin":61.5},{"product":"LASER MINTS CURED RESIN BADDER - ODYSSEY","units":100,"revenue":2212.5,"cost":937.5,"profit":1275.0,"transactions":92,"margin":57.599998474121094},{"product":"ALIEN OG BADDER - ODYSSEY","units":84,"revenue":1882.1000671386719,"cost":787.5,"profit":1094.5999908447266,"transactions":80,"margin":58.20000076293945},{"product":"HAN SOLO COOKIES CURED RESIN BATTER - ODYSSEY","units":54,"revenue":1175.0,"cost":506.25,"profit":668.75,"transactions":46,"margin":56.900001525878906},{"product":"DARK MATTER OG CURED RESIN BADDER - ODYSSEY","units":26,"revenue":556.25,"cost":243.75,"profit":312.5,"transactions":18,"margin":56.20000076293945},{"product":"HAN SOLO COOKIES CR BATTER - ODYSSEY","units":16,"revenue":400.0,"cost":150.0,"profit":250.0,"transactions":16,"margin":62.5}],"products_by_store":{"Elevation Springs":[{"product":"ORANGE CRUSH CURED RESIN CRUMBLE - ODYSSEY","units":50,"revenue":1431.25,"cost":468.75,"profit":962.5,"transactions":40,"margin":67.19999694824219},{"product":"BIG BANG CURED RESIN SUGAR - ODYSSEY","units":54,"revenue":1400.0,"cost":506.25,"profit":893.75,"transactions":48,"margin":63.79999923706055},{"product":"PINEAPPLE SPACESHIP CURED RESIN BADDER - ODYSSEY","units":50,"revenue":1262.5,"cost":468.75,"profit":793.75,"transactions":50,"margin":62.900001525878906},{"product":"MOON DUST CURED RESIN SUGAR - ODYSSEY","units":50,"revenue":1240.625,"cost":468.75,"profit":771.875,"transactions":50,"margin":62.20000076293945},{"product":"COSMIC CURED RESIN SUGAR - ODYSSEY","units":50,"revenue":1237.5,"cost":468.75,"profit":768.75,"transactions":50,"margin":62.099998474121094},{"product":"ALIEN BANANA CANDY CURED RESIN SUGAR - ODYSSEY","units":50,"revenue":1231.25,"cost":468.75,"profit":762.5,"transactions":50,"margin":61.900001525878906},{"product":"DARK MATTER OG CR BADDER - ODYSSEY","units":50,"revenue":1231.25,"cost":468.75,"profit":762.5,"transactions":42,"margin":61.900001525878906},{"product":"SATURN COOKIES CURED RESIN SUGAR - ODYSSEY","units":46,"revenue":1212.5,"cost":431.25,"profit":781.25,"transactions":46,"margin":64.4000015258789},{"product":"LUNAR DRIFT CURED RESIN BADDER - ODYSSEY","units":54,"revenue":1184.375,"cost":506.25,"profit":678.125,"transactions":52,"margin":57.29999923706055},{"product":"BLUEBERRY MUFFIN CURED RESIN BADDER - ODYSSEY","units":50,"revenue":1162.5,"cost":468.75,"profit":693.75,"transactions":48,"margin":59.70000076293945},{"product":"JUPITER OG CURED RESIN SUGAR - ODYSSEY","units":48,"revenue":1156.25,"cost":450.0,"profit":706.25,"transactions":42,"margin":61.099998474121094},{"product":"OBLIVION CURED RESIN SUGAR - ODYSSEY","units":48,"revenue":1137.5,"cost":450.0,"profit":687.5,"transactions":48,"margin":60.400001525878906},{"product":"GALACTIC KUSH CURED RESIN BADDER - ODYSSEY","units":50,"revenue":1125.8999633789062,"cost":468.75,"profit":657.1499633789062,"transactions":48,"margin":58.400001525878906},{"product":"ION FLUX CURED RESIN BADDER - ODYSSEY","units":48,"revenue":1039.9500274658203,"cost":450.0,"profit":589.9499893188477,"transactions":46,"margin":56.70000076293945},{"product":"ALIEN DAWG CURED RESIN BADDER - ODYSSEY","units":42,"revenue":1034.375,"cost":393.75,"profit":640.625,"transactions":40,"margin":61.900001525878906}],"Elevation Mesa":[{"product":"LUNAR DRIFT CURED RESIN BADDER - ODYSSEY","units":98,"revenue":2468.75,"cost":918.75,"profit":1550.0,"transactions":92,"margin":62.79999923706055},{"product":"EAGLE NEBULA CURED RESIN BADDER - ODYSSEY","units":86,"revenue":2175.0,"cost":806.25,"profit":1368.75,"transactions":68,"margin":62.900001525878906},{"product":"MOON DUST CURED RESIN SUGAR - ODYSSEY","units":50,"revenue":1381.25,"cost":468.75,"profit":912.5,"transactions":50,"margin":66.0999984741211},{"product":"ORANGE CRUSH CURED RESIN CRUMBLE - ODYSSEY","units":50,"revenue":1330.0,"cost":468.75,"profit":861.25,"transactions":50,"margin":64.80000305175781},{"product":"ALIEN BANANA CANDY CURED RESIN SUGAR - ODYSSEY","units":50,"revenue":1303.125,"cost":468.75,"profit":834.375,"transactions":46,"margin":64.0},{"product":"ALIEN DAWG CURED RESIN BADDER - ODYSSEY","units":50,"revenue":1275.0,"cost":468.75,"profit":806.25,"transactions":50,"margin":63.20000076293945},{"product":"PINEAPPLE SPACESHIP CURED RESIN BADDER - ODYSSEY","units":50,"revenue":1268.75,"cost":468.75,"profit":800.0,"transactions":48,"margin":63.099998474121094},{"product":"BLUEBERRY MUFFIN CURED RESIN BADDER - ODYSSEY","units":50,"revenue":1225.0,"cost":468.75,"profit":756.25,"transactions":48,"margin":61.70000076293945},{"product":"SATURN COOKIES CURED RESIN SUGAR - ODYSSEY","units":50,"revenue":1200.0,"cost":468.75,"profit":731.25,"transactions":44,"margin":60.900001525878906},{"product":"DARK MATTER OG CR BADDER - ODYSSEY","units":46,"revenue":1118.75,"cost":431.25,"profit":687.5,"transactions":46,"margin":61.5},{"product":"ALIEN KUSH MINTS CURED RESIN SUGAR - ODYSSEY","units":44,"revenue":1081.25,"cost":412.5,"profit":668.75,"transactions":38,"margin":61.79999923706055},{"product":"GALACTIC KUSH CURED RESIN BADDER - ODYSSEY","units":50,"revenue":1081.25,"cost":468.75,"profit":612.5,"transactions":50,"margin":56.599998474121094},{"product":"ION FLUX CURED RESIN BADDER - ODYSSEY","units":48,"revenue":956.25,"cost":450.0,"profit":506.25,"transactions":38,"margin":52.900001525878906},{"product":"HAN SOLO COOKIES CURED RESIN BATTER - ODYSSEY","units":42,"revenue":931.25,"cost":393.75,"profit":537.5,"transactions":36,"margin":57.70000076293945},{"product":"ALIEN OG CURED RESIN BADDER - ODYSSEY","units":26,"revenue":587.5,"cost":243.75,"profit":343.75,"transactions":26,"margin":58.5}],"Elevation Oasis":[{"product":"EAGLE NEBULA CURED RESIN BADDER - ODYSSEY","units":144,"revenue":3543.75,"cost":1350.0,"profit":2193.75,"transactions":98,"margin":61.900001525878906},{"product":"SATURN COOKIES CURED RESIN SUGAR - ODYSSEY","units":100,"revenue":2531.25,"cost":937.5,"profit":1593.75,"transactions":94,"margin":63.0},{"product":"BIG BANG CURED RESIN SUGAR - ODYSSEY","units":100,"revenue":2525.0,"cost":937.5,"profit":1587.5,"transactions":92,"margin":62.900001525878906},{"product":"JUPITER OG CURED RESIN SUGAR - ODYSSEY","units":98,"revenue":2481.25,"cost":918.75,"profit":1562.5,"transactions":88,"margin":63.0},{"product":"ALIEN KUSH MINTS CURED RESIN SUGAR - ODYSSEY","units":100,"revenue":2462.5,"cost":937.5,"profit":1525.0,"transactions":84,"margin":61.900001525878906},{"product":"DARK MATTER OG CR BADDER - ODYSSEY","units":98,"revenue":2437.5,"cost":918.75,"profit":1518.75,"transactions":88,"margin":62.29999923706055},{"product":"OBLIVION CURED RESIN SUGAR - ODYSSEY","units":98,"revenue":2425.0,"cost":918.75,"profit":1506.25,"transactions":76,"margin":62.099998474121094},{"product":"HAN SOLO CR BADDER - ODYSSEY","units":98,"revenue":2387.5,"cost":918.75,"profit":1468.75,"transactions":82,"margin":61.5},{"product":"NEBULA MARKER CURED RESIN BADDER - ODYSSEY","units":100,"revenue":2375.0,"cost":937.5,"profit":1437.5,"transactions":86,"margin":60.5},{"product":"COSMIC CURED RESIN SUGAR - ODYSSEY","units":98,"revenue":2375.0,"cost":918.75,"profit":1456.25,"transactions":80,"margin":61.29999923706055},{"product":"LASER MINTS CURED RESIN BADDER - ODYSSEY","units":100,"revenue":2212.5,"cost":937.5,"profit":1275.0,"transactions":92,"margin":57.599998474121094},{"product":"ION FLUX CURED RESIN BADDER - ODYSSEY","units":98,"revenue":2156.25,"cost":918.75,"profit":1237.5,"transactions":88,"margin":57.400001525878906},{"product":"LUNAR DRIFT CURED RESIN BADDER - ODYSSEY","units":94,"revenue":2137.5,"cost":881.25,"profit":1256.25,"transactions":88,"margin":58.79999923706055},{"product":"GALACTIC KUSH CURED RESIN BADDER - ODYSSEY","units":98,"revenue":2131.25,"cost":918.75,"profit":1212.5,"transactions":94,"margin":56.900001525878906},{"product":"ALIEN OG CURED RESIN BADDER - ODYSSEY","units":78,"revenue":1850.0,"cost":731.25,"profit":1118.75,"transactions":64,"margin":60.5}],"Elevation Midtown":[{"product":"PINEAPPLE SPACESHIP CURED RESIN BADDER - ODYSSEY","units":50,"revenue":1343.75,"cost":468.75,"profit":875.0,"transactions":48,"margin":65.0999984741211},{"product":"ORANGE CRUSH CURED RESIN CRUMBLE - ODYSSEY","units":50,"revenue":1325.0,"cost":468.75,"profit":856.25,"transactions":50,"margin":64.5999984741211},{"product":"COSMIC CURED RESIN SUGAR - ODYSSEY","units":48,"revenue":1225.0,"cost":450.0,"profit":775.0,"transactions":42,"margin":63.29999923706055},{"product":"BIG BANG CURED RESIN SUGAR - ODYSSEY","units":50,"revenue":1206.25,"cost":468.75,"profit":737.5,"transactions":48,"margin":61.099998474121094},{"product":"ALIEN KUSH MINTS CURED RESIN SUGAR - ODYSSEY","units":48,"revenue":1193.75,"cost":450.0,"profit":743.75,"transactions":46,"margin":62.29999923706055},{"product":"GALACTIC KUSH CURED RESIN BADDER - ODYSSEY","units":50,"revenue":1186.8000030517578,"cost":468.75,"profit":718.0500030517578,"transactions":46,"margin":60.5},{"product":"LUNAR DRIFT CURED RESIN BADDER - ODYSSEY","units":50,"revenue":1162.5,"cost":468.75,"profit":693.75,"transactions":50,"margin":59.70000076293945},{"product":"EAGLE NEBULA CURED RESIN BADDER - ODYSSEY","units":48,"revenue":1149.3000030517578,"cost":450.0,"profit":699.3000030517578,"transactions":44,"margin":60.79999923706055},{"product":"ALIEN BANANA CANDY CURED RESIN SUGAR - ODYSSEY","units":48,"revenue":1137.5,"cost":450.0,"profit":687.5,"transactions":44,"margin":60.400001525878906},{"product":"SATURN COOKIES CURED RESIN SUGAR - ODYSSEY","units":50,"revenue":1125.0,"cost":468.75,"profit":656.25,"transactions":46,"margin":58.29999923706055},{"product":"ION FLUX CURED RESIN BADDER - ODYSSEY","units":50,"revenue":1109.375,"cost":468.75,"profit":640.625,"transactions":46,"margin":57.70000076293945},{"product":"DARK MATTER OG CURED RESIN BADDER - ODYSSEY","units":26,"revenue":556.25,"cost":243.75,"profit":312.5,"transactions":18,"margin":56.20000076293945},{"product":"DARK MATTER OG CR BADDER - ODYSSEY","units":24,"revenue":540.9999847412109,"cost":225.0,"profit":316.00000381469727,"transactions":24,"margin":58.400001525878906}],"Elevation Boulevard":[{"product":"ORANGE CRUSH CURED RESIN CRUMBLE - ODYSSEY","units":50,"revenue":1281.25,"cost":468.75,"profit":812.5,"transactions":50,"margin":63.400001525878906},{"product":"COSMIC CURED RESIN SUGAR - ODYSSEY","units":50,"revenue":1215.625,"cost":468.75,"profit":746.875,"transactions":46,"margin":61.400001525878906},{"product":"BIG BANG CURED RESIN SUGAR - ODYSSEY","units":50,"revenue":1196.875,"cost":468.75,"profit":728.125,"transactions":46,"margin":60.79999923706055},{"product":"MOON DUST CURED RESIN SUGAR - ODYSSEY","units":48,"revenue":1175.0,"cost":450.0,"profit":725.0,"transactions":48,"margin":61.70000076293945},{"product":"DARK MATTER OG CR BADDER - ODYSSEY","units":50,"revenue":1171.875,"cost":468.75,"profit":703.125,"transactions":46,"margin":60.0},{"product":"ALIEN BANANA CANDY CURED RESIN SUGAR - ODYSSEY","units":48,"revenue":1096.875,"cost":450.0,"profit":646.875,"transactions":46,"margin":59.0},{"product":"GALACTIC KUSH CURED RESIN BADDER - ODYSSEY","units":50,"revenue":1050.0,"cost":468.75,"profit":581.25,"transactions":34,"margin":55.400001525878906},{"product":"BLUEBERRY MUFFIN CURED RESIN BADDER - ODYSSEY","units":42,"revenue":928.0000305175781,"cost":393.75,"profit":534.2499923706055,"transactions":38,"margin":57.599998474121094},{"product":"LUNAR DRIFT CURED RESIN BADDER - ODYSSEY","units":36,"revenue":856.25,"cost":337.5,"profit":518.75,"transactions":36,"margin":60.599998474121094},{"product":"ALIEN DAWG CURED RESIN BADDER - ODYSSEY","units":34,"revenue":787.5,"cost":318.75,"profit":468.75,"transactions":34,"margin":59.5},{"product":"HAN SOLO COOKIES CURED RESIN BATTER - ODYSSEY","units":12,"revenue":243.75,"cost":112.5,"profit":131.25,"transactions":10,"margin":53.79999923706055},{"product":"EAGLE NEBULA CURED RESIN BADDER - ODYSSEY","units":10,"revenue":231.25,"cost":93.75,"profit":137.5,"transactions":10,"margin":59.5},{"product":"HAN SOLO COOKIES CR BATTER - ODYSSEY","units":8,"revenue":181.25,"cost":75.0,"profit":106.25,"transactions":8,"margin":58.599998474121094}],"Elevation Parkway":[{"product":"ORANGE CRUSH CURED RESIN CRUMBLE - ODYSSEY","units":50,"revenue":1356.25,"cost":468.75,"profit":887.5,"transactions":50,"margin":65.4000015258789},{"product":"PINEAPPLE SPACESHIP CURED RESIN BADDER - ODYSSEY","units":50,"revenue":1300.0,"cost":468.75,"profit":831.25,"transactions":46,"margin":63.900001525878906},{"product":"ALIEN BANANA CANDY CURED RESIN SUGAR - ODYSSEY","units":46,"revenue":1128.125,"cost":431.25,"profit":696.875,"transactions":46,"margin":61.79999923706055},{"product":"LUNAR DRIFT CURED RESIN BADDER - ODYSSEY","units":50,"revenue":1056.25,"cost":468.75,"profit":587.5,"transactions":46,"margin":55.599998474121094},{"product":"ION FLUX CURED RESIN BADDER - ODYSSEY","units":20,"revenue":493.75,"cost":187.5,"profit":306.25,"transactions":18,"margin":62.0},{"product":"NEBULA MARKER CURED RESIN BADDER - ODYSSEY","units":18,"revenue":437.5,"cost":168.75,"profit":268.75,"transactions":18,"margin":61.400001525878906},{"product":"EAGLE NEBULA CURED RESIN BADDER - ODYSSEY","units":20,"revenue":425.0,"cost":187.5,"profit":237.5,"transactions":18,"margin":55.900001525878906},{"product":"GALACTIC KUSH CURED RESIN BADDER - ODYSSEY","units":20,"revenue":406.25,"cost":187.5,"profit":218.75,"transactions":18,"margin":53.79999923706055},{"product":"ALIEN OG BADDER - ODYSSEY","units":14,"revenue":306.25,"cost":131.25,"profit":175.0,"transactions":10,"margin":57.099998474121094},{"product":"ALIEN OG CURED RESIN BADDER - ODYSSEY","units":6,"revenue":93.75,"cost":56.25,"profit":37.5,"transactions":6,"margin":40.0}]},"store_summary":[{"store_clean":"Elevation Oasis","units":1774,"revenue":42368.75,"cost":16631.25,"profit":25737.5,"discounts":13068.75,"margin":60.70000076293945,"discount_rate":23.600000381469727},{"store_clean":"Elevation Mesa","units":820,"revenue":20095.625,"cost":7687.5,"profit":12408.125,"discounts":7554.375,"margin":61.70000076293945,"discount_rate":27.299999237060547},{"store_clean":"Elevation Springs","units":812,"revenue":19666.700439453125,"cost":7612.5,"profit":12054.200439453125,"discounts":5708.3001708984375,"margin":61.29999923706055,"discount_rate":22.5},{"store_clean":"Elevation Midtown","units":592,"revenue":14261.474609375,"cost":5550.0,"profit":8711.475219726562,"discounts":4238.525085449219,"margin":61.099998474121094,"discount_rate":22.899999618530273},{"store_clean":"Elevation Boulevard","units":488,"revenue":11415.50048828125,"cost":4575.0,"profit":6840.4998779296875,"discounts":3834.5001220703125,"margin":59.900001525878906,"discount_rate":25.100000381469727},{"store_clean":"Elevation Parkway","units":294,"revenue":7003.125,"cost":2756.25,"profit":4246.875,"discounts":2184.375,"margin":60.599998474121094,"discount_rate":23.799999237060547}],"recommendations":[{"severity":"red","title":"HIGH PROMOTION DEPENDENCY","detail":"Only 19% sells at full price. Heavy discounting required.","action":"Test reducing deal frequency \u2014 track velocity without promos."},{"severity":"info","title":"VOLUME LEVERAGE","detail":"$45,924 revenue provides negotiating leverage.","action":"Use volume as leverage in next vendor meeting."}],"comparison":null}