{"brand":"IMREN","date_range":"2024-01-01 00:00:00 to 2026-01-31 00:00:00","period_label":"All Time","summary":{"total_units":36,"total_revenue":579.0000152587891,"total_cost":258.75,"total_discounts":216.00000381469727,"total_profit":320.25001525878906,"overall_margin":55.29999923706055,"fp_margin":66.19999694824219,"disc_margin":46.79999923706055,"pct_full_price":44.0,"avg_discount_rate":27.200000762939453,"fp_revenue":255.0,"disc_revenue":324.00001525878906,"brand":"IMREN","date_range":"2024-01-01 00:00:00 to 2026-01-31 00:00:00","primary_category":"ACCESSORY","store_coverage":"2/7","stores_present":["Elevation Springs","Elevation Oasis"],"stores_missing":["Elevation Mesa","Elevation Downtown","Elevation Midtown","Elevation Boulevard","Elevation Parkway"],"velocity_rank":60,"velocity_total":136},"distribution":[{"store":"Elevation Springs","carries_brand":true,"sku_count":4,"revenue":391.50001525878906,"units":24,"store_total_revenue":51138750.0,"brand_share_pct":0.0},{"store":"Elevation Mesa","carries_brand":false,"sku_count":0,"revenue":0.0,"units":0,"store_total_revenue":47532240.0,"brand_share_pct":0},{"store":"Elevation Oasis","carries_brand":true,"sku_count":4,"revenue":187.5,"units":12,"store_total_revenue":56050145.0,"brand_share_pct":0.0},{"store":"Elevation Downtown","carries_brand":false,"sku_count":0,"revenue":0.0,"units":0,"store_total_revenue":1945237.1875,"brand_share_pct":0},{"store":"Elevation Midtown","carries_brand":false,"sku_count":0,"revenue":0.0,"units":0,"store_total_revenue":30850185.0,"brand_share_pct":0},{"store":"Elevation Boulevard","carries_brand":false,"sku_count":0,"revenue":0.0,"units":0,"store_total_revenue":28757865.0,"brand_share_pct":0},{"store":"Elevation Parkway","carries_brand":false,"sku_count":0,"revenue":0.0,"units":0,"store_total_revenue":21987007.5,"brand_share_pct":0}],"share_of_category":[{"category":"ACCESSORY","brand_revenue":579.0000152587891,"category_revenue":4128754.0625,"revenue_share_pct":0.0,"brand_units":36,"category_units":2130096,"units_share_pct":0.0}],"share_of_category_trend":{"ACCESSORY":[{"period":"2024-01","brand_revenue":143.99999618530273,"category_revenue":153543.9453125,"share_pct":0.10000000149011612},{"period":"2024-02","brand_revenue":76.50000095367432,"category_revenue":152399.47265625,"share_pct":0.10000000149011612},{"period":"2024-03","brand_revenue":94.50000762939453,"category_revenue":154678.876953125,"share_pct":0.10000000149011612},{"period":"2024-04","brand_revenue":166.49999618530273,"category_revenue":163353.65234375,"share_pct":0.10000000149011612},{"period":"2024-05","brand_revenue":0.0,"category_revenue":179676.4453125,"share_pct":0.0},{"period":"2024-06","brand_revenue":22.5,"category_revenue":185008.828125,"share_pct":0.0},{"period":"2024-07","brand_revenue":0.0,"category_revenue":186675.46875,"share_pct":0.0},{"period":"2024-08","brand_revenue":0.0,"category_revenue":180226.328125,"share_pct":0.0},{"period":"2024-09","brand_revenue":0.0,"category_revenue":162386.298828125,"share_pct":0.0},{"period":"2024-10","brand_revenue":0.0,"category_revenue":166088.73046875,"share_pct":0.0},{"period":"2024-11","brand_revenue":37.5,"category_revenue":171706.09375,"share_pct":0.0},{"period":"2024-12","brand_revenue":0.0,"category_revenue":176502.03125,"share_pct":0.0},{"period":"2025-01","brand_revenue":0.0,"category_revenue":167261.34765625,"share_pct":0.0},{"period":"2025-02","brand_revenue":37.5,"category_revenue":155260.927734375,"share_pct":0.0},{"period":"2025-03","brand_revenue":0.0,"category_revenue":176420.390625,"share_pct":0.0},{"period":"2025-04","brand_revenue":0.0,"category_revenue":182694.82421875,"share_pct":0.0},{"period":"2025-05","brand_revenue":0.0,"category_revenue":179904.4921875,"share_pct":0.0},{"period":"2025-06","brand_revenue":0.0,"category_revenue":161148.75,"share_pct":0.0},{"period":"2025-07","brand_revenue":0.0,"category_revenue":165549.8046875,"share_pct":0.0},{"period":"2025-08","brand_revenue":0.0,"category_revenue":171752.05078125,"share_pct":0.0},{"period":"2025-09","brand_revenue":0.0,"category_revenue":168198.9453125,"share_pct":0.0},{"period":"2025-10","brand_revenue":0.0,"category_revenue":171844.55078125,"share_pct":0.0},{"period":"2025-11","brand_revenue":0.0,"category_revenue":172839.74609375,"share_pct":0.0},{"period":"2025-12","brand_revenue":0.0,"category_revenue":141954.873046875,"share_pct":0.0},{"period":"2026-01","brand_revenue":0.0,"category_revenue":81677.1484375,"share_pct":0.0}]},"velocity_by_category":[{"category":"ACCESSORY","brand_units_per_day":0.04,"category_avg_units_per_day":20.56,"velocity_index":0.2,"brand_rev_per_unit":12.87,"category_rev_per_unit":1.55,"brands_in_category":136}],"store_gaps":[{"store":"Elevation Midtown","category":"ACCESSORY","category_revenue_at_store":796566.25,"opportunity":"Brand not carried"},{"store":"Elevation Mesa","category":"ACCESSORY","category_revenue_at_store":552719.140625,"opportunity":"Brand not carried"},{"store":"Elevation Boulevard","category":"ACCESSORY","category_revenue_at_store":466482.890625,"opportunity":"Brand not carried"},{"store":"Elevation Parkway","category":"ACCESSORY","category_revenue_at_store":435759.453125,"opportunity":"Brand not carried"},{"store":"Elevation Downtown","category":"ACCESSORY","category_revenue_at_store":61539.7021484375,"opportunity":"Brand not carried"}],"product_mix":{"top":[{"product":"IMREN 18650 RECHARGABLE BATTERY 2PK - IMREN","units":26,"revenue":390.0,"cost":186.875,"profit":203.125,"stores":2,"transactions":24,"margin":52.099998474121094},{"product":"IMREN 18650 RECHARGABLE BATTERY - IMREN","units":10,"revenue":188.99999618530273,"cost":71.875,"profit":117.12499618530273,"stores":2,"transactions":10,"margin":62.0}],"bottom":[],"expansion":[]},"pricing_consistency":[{"product":"IMREN 18650 RECHARGABLE BATTERY - IMREN","min_price":32.99999872843424,"max_price":45.0,"avg_price":38.99999936421712,"std_dev":3.3941129093485367,"store_count":4,"price_range":12.000001271565758,"range_pct":30.8},{"product":"IMREN 18650 RECHARGABLE BATTERY 2PK - IMREN","min_price":24.375,"max_price":32.5,"avg_price":28.4375,"std_dev":2.2980970388562794,"store_count":4,"price_range":8.125,"range_pct":28.6}],"promotional_effectiveness":{"lift":{"fp_units_per_day":2.0,"disc_units_per_day":3.0,"lift_pct":50.0,"fp_avg_revenue_per_unit":42.5,"disc_avg_revenue_per_unit":27.0},"by_deal":[{"deal_name":"Industry - 30% Off","uses":3,"revenue":94.50000286102295,"discounts":40.50000071525574,"units":6.0,"cost":43.125,"margin":54.4,"discount_depth":60.0}]},"growth_opportunities":[{"type":"distribution","title":"Expand to Elevation Mesa","detail":"Store has $221,088 in ACCESSORY \u2014 categories where IMREN competes.","priority":"high"},{"type":"distribution","title":"Expand to Elevation Downtown","detail":"Store has $24,616 in ACCESSORY \u2014 categories where IMREN competes.","priority":"high"},{"type":"distribution","title":"Expand to Elevation Midtown","detail":"Store has $318,626 in ACCESSORY \u2014 categories where IMREN competes.","priority":"high"},{"type":"distribution","title":"Expand to Elevation Boulevard","detail":"Store has $186,593 in ACCESSORY \u2014 categories where IMREN competes.","priority":"high"},{"type":"distribution","title":"Expand to Elevation Parkway","detail":"Store has $174,304 in ACCESSORY \u2014 categories where IMREN competes.","priority":"high"},{"type":"velocity","title":"Improve velocity in ACCESSORY","detail":"Velocity index 0 (below category average). 0.0 units/day vs 10.3 avg.","priority":"medium"}],"trend":[{"period":"2024-01","revenue":143.99999618530273,"cost":57.5,"margin":60.1,"units":8,"transactions":8,"profit":86.49999618530273,"revenue_change_pct":null,"units_change_pct":null,"margin_change_pts":null},{"period":"2024-02","revenue":76.50000095367432,"cost":28.75,"margin":62.4,"units":4,"transactions":4,"profit":47.750000953674316,"revenue_change_pct":-46.9,"units_change_pct":-50.0,"margin_change_pts":2.3},{"period":"2024-03","revenue":94.50000762939453,"cost":43.125,"margin":54.4,"units":6,"transactions":6,"profit":51.37499809265137,"revenue_change_pct":23.5,"units_change_pct":50.0,"margin_change_pts":-8.1},{"period":"2024-04","revenue":166.49999618530273,"cost":71.875,"margin":56.8,"units":10,"transactions":10,"profit":94.62499618530273,"revenue_change_pct":76.2,"units_change_pct":66.7,"margin_change_pts":2.5},{"period":"2024-06","revenue":22.5,"cost":28.75,"margin":-27.8,"units":4,"transactions":2,"profit":-6.25,"revenue_change_pct":-86.5,"units_change_pct":-60.0,"margin_change_pts":-84.6},{"period":"2024-11","revenue":37.5,"cost":14.375,"margin":61.7,"units":2,"transactions":2,"profit":23.125,"revenue_change_pct":66.7,"units_change_pct":-50.0,"margin_change_pts":89.4},{"period":"2025-02","revenue":37.5,"cost":14.375,"margin":61.7,"units":2,"transactions":2,"profit":23.125,"revenue_change_pct":0,"units_change_pct":0,"margin_change_pts":0.0}]}