{"brand":"IMREN","date_range":"2024-01-01 00:00:00 to 2026-01-31 00:00:00","period_label":"All Time","summary":{"total_units":36,"total_revenue":579.0000152587891,"total_cost":258.75,"total_discounts":216.00000381469727,"total_profit":320.25001525878906,"overall_margin":55.29999923706055,"fp_margin":66.19999694824219,"disc_margin":46.79999923706055,"pct_full_price":44.0,"avg_discount_rate":27.200000762939453,"fp_revenue":255.0,"disc_revenue":324.00001525878906,"unique_customers":32,"brand":"IMREN","date_range":"2024-01-01 00:00:00 to 2026-01-31 00:00:00","months_count":14,"avg_monthly_cost":36.974999999999994,"cost_per_unit":14.375,"primary_category":"ACCESSORY","primary_cat_margin":61.099998474121094,"category_rank":66,"category_total":136,"margin_vs_category":-5.800000190734863,"velocity_rank":60},"category_breakdown":[{"category_clean":"ACCESSORY","units":36,"revenue":579.0000152587891,"cost":258.75,"profit":320.25001525878906,"discounts":216.00000381469727,"margin":55.29999923706055,"category_avg_margin":61.099998474121094,"vs_category":-5.8,"rank":66.0,"total_brands":136.0}],"trend":[{"period":"2024-01","revenue":143.99999618530273,"cost":57.5,"margin":60.1,"units":8,"transactions":8,"profit":86.49999618530273,"revenue_change_pct":null,"units_change_pct":null,"margin_change_pts":null},{"period":"2024-02","revenue":76.50000095367432,"cost":28.75,"margin":62.4,"units":4,"transactions":4,"profit":47.750000953674316,"revenue_change_pct":-46.9,"units_change_pct":-50.0,"margin_change_pts":2.3},{"period":"2024-03","revenue":94.50000762939453,"cost":43.125,"margin":54.4,"units":6,"transactions":6,"profit":51.37499809265137,"revenue_change_pct":23.5,"units_change_pct":50.0,"margin_change_pts":-8.1},{"period":"2024-04","revenue":166.49999618530273,"cost":71.875,"margin":56.8,"units":10,"transactions":10,"profit":94.62499618530273,"revenue_change_pct":76.2,"units_change_pct":66.7,"margin_change_pts":2.5},{"period":"2024-06","revenue":22.5,"cost":28.75,"margin":-27.8,"units":4,"transactions":2,"profit":-6.25,"revenue_change_pct":-86.5,"units_change_pct":-60.0,"margin_change_pts":-84.6},{"period":"2024-11","revenue":37.5,"cost":14.375,"margin":61.7,"units":2,"transactions":2,"profit":23.125,"revenue_change_pct":66.7,"units_change_pct":-50.0,"margin_change_pts":89.4},{"period":"2025-02","revenue":37.5,"cost":14.375,"margin":61.7,"units":2,"transactions":2,"profit":23.125,"revenue_change_pct":0,"units_change_pct":0,"margin_change_pts":0.0}],"share_of_category":[{"category":"ACCESSORY","brand_revenue":579.0000152587891,"category_revenue":4128754.0625,"revenue_share_pct":0.0,"brand_units":36,"category_units":2130096,"units_share_pct":0.0}],"share_of_category_trend":{"ACCESSORY":[{"period":"2024-01","brand_revenue":143.99999618530273,"category_revenue":153543.9453125,"share_pct":0.10000000149011612},{"period":"2024-02","brand_revenue":76.50000095367432,"category_revenue":152399.47265625,"share_pct":0.10000000149011612},{"period":"2024-03","brand_revenue":94.50000762939453,"category_revenue":154678.876953125,"share_pct":0.10000000149011612},{"period":"2024-04","brand_revenue":166.49999618530273,"category_revenue":163353.65234375,"share_pct":0.10000000149011612},{"period":"2024-05","brand_revenue":0.0,"category_revenue":179676.4453125,"share_pct":0.0},{"period":"2024-06","brand_revenue":22.5,"category_revenue":185008.828125,"share_pct":0.0},{"period":"2024-07","brand_revenue":0.0,"category_revenue":186675.46875,"share_pct":0.0},{"period":"2024-08","brand_revenue":0.0,"category_revenue":180226.328125,"share_pct":0.0},{"period":"2024-09","brand_revenue":0.0,"category_revenue":162386.298828125,"share_pct":0.0},{"period":"2024-10","brand_revenue":0.0,"category_revenue":166088.73046875,"share_pct":0.0},{"period":"2024-11","brand_revenue":37.5,"category_revenue":171706.09375,"share_pct":0.0},{"period":"2024-12","brand_revenue":0.0,"category_revenue":176502.03125,"share_pct":0.0},{"period":"2025-01","brand_revenue":0.0,"category_revenue":167261.34765625,"share_pct":0.0},{"period":"2025-02","brand_revenue":37.5,"category_revenue":155260.927734375,"share_pct":0.0},{"period":"2025-03","brand_revenue":0.0,"category_revenue":176420.390625,"share_pct":0.0},{"period":"2025-04","brand_revenue":0.0,"category_revenue":182694.82421875,"share_pct":0.0},{"period":"2025-05","brand_revenue":0.0,"category_revenue":179904.4921875,"share_pct":0.0},{"period":"2025-06","brand_revenue":0.0,"category_revenue":161148.75,"share_pct":0.0},{"period":"2025-07","brand_revenue":0.0,"category_revenue":165549.8046875,"share_pct":0.0},{"period":"2025-08","brand_revenue":0.0,"category_revenue":171752.05078125,"share_pct":0.0},{"period":"2025-09","brand_revenue":0.0,"category_revenue":168198.9453125,"share_pct":0.0},{"period":"2025-10","brand_revenue":0.0,"category_revenue":171844.55078125,"share_pct":0.0},{"period":"2025-11","brand_revenue":0.0,"category_revenue":172839.74609375,"share_pct":0.0},{"period":"2025-12","brand_revenue":0.0,"category_revenue":141954.873046875,"share_pct":0.0},{"period":"2026-01","brand_revenue":0.0,"category_revenue":81677.1484375,"share_pct":0.0}]},"discount_depth":[{"tier":"0% (Full Price)","transactions":12,"pct_of_transactions":35.3,"revenue":255.0,"avg_discount":0.0},{"tier":"1-10%","transactions":0,"pct_of_transactions":0.0,"revenue":0.0,"avg_discount":0},{"tier":"11-20%","transactions":0,"pct_of_transactions":0.0,"revenue":0.0,"avg_discount":0},{"tier":"21-30%","transactions":0,"pct_of_transactions":0.0,"revenue":0.0,"avg_discount":0},{"tier":"31%+","transactions":6,"pct_of_transactions":17.6,"revenue":71.99999809265137,"avg_discount":110.0}],"velocity":{"units_per_day":0.08,"revenue_per_day":1.4499999582767487,"avg_units_per_txn":2.12,"days_of_data":402,"total_units":36,"total_transactions":34},"velocity_by_category":[{"category":"ACCESSORY","brand_units_per_day":0.04,"category_avg_units_per_day":20.56,"velocity_index":0.2,"brand_rev_per_unit":12.87,"category_rev_per_unit":1.55,"brands_in_category":136}],"deals":[{"deal_name":"Industry - 30% Off","times_used":6,"units":6.0,"revenue":94.50000286102295,"discounts":40.50000071525574,"cost":43.125,"profit":51.37499928474426,"pre_discount_revenue":135.0,"margin":54.4,"avg_discount":60.0}],"top_products":[{"product":"IMREN 18650 RECHARGABLE BATTERY 2PK - IMREN","units":26,"revenue":390.0,"cost":186.875,"profit":203.125,"transactions":24,"margin":52.099998474121094},{"product":"IMREN 18650 RECHARGABLE BATTERY - IMREN","units":10,"revenue":188.99999618530273,"cost":71.875,"profit":117.12499618530273,"transactions":10,"margin":62.0}],"products_by_store":{"Elevation Springs":[{"product":"IMREN 18650 RECHARGABLE BATTERY 2PK - IMREN","units":18,"revenue":292.5,"cost":129.375,"profit":163.125,"transactions":18,"margin":55.79999923706055},{"product":"IMREN 18650 RECHARGABLE BATTERY - IMREN","units":6,"revenue":98.99999618530273,"cost":43.125,"profit":55.875000953674316,"transactions":6,"margin":56.400001525878906}],"Elevation Oasis":[{"product":"IMREN 18650 RECHARGABLE BATTERY 2PK - IMREN","units":8,"revenue":97.5,"cost":57.5,"profit":40.0,"transactions":6,"margin":41.0},{"product":"IMREN 18650 RECHARGABLE BATTERY - IMREN","units":4,"revenue":90.0,"cost":28.75,"profit":61.25,"transactions":4,"margin":68.0999984741211}]},"store_summary":[{"store_clean":"Elevation Springs","units":24,"revenue":391.50001525878906,"cost":172.5,"profit":218.99999618530273,"discounts":148.50000381469727,"margin":55.900001525878906,"discount_rate":27.5},{"store_clean":"Elevation Oasis","units":12,"revenue":187.5,"cost":86.25,"profit":101.25,"discounts":67.5,"margin":54.0,"discount_rate":26.5}],"recommendations":[{"severity":"yellow","title":"CATEGORY BENCHMARK GAP","detail":"Overall margin (55.3%) trails ACCESSORY average (61.1%) by 5.8 pts.","action":"Negotiate cost reduction or increase retail price."}],"comparison":null}