{"brand":"THRIVE","date_range":"2024-01-01 00:00:00 to 2026-01-31 00:00:00","period_label":"All Time","summary":{"total_units":1781630,"total_revenue":2310982.65625,"total_cost":874868.046875,"total_discounts":36639.8486328125,"total_profit":1436114.6875,"overall_margin":62.099998474121094,"fp_margin":62.599998474121094,"disc_margin":49.20000076293945,"pct_full_price":96.80000305175781,"avg_discount_rate":1.600000023841858,"fp_revenue":2236800.0,"disc_revenue":74182.6513671875,"brand":"THRIVE","date_range":"2024-01-01 00:00:00 to 2026-01-31 00:00:00","primary_category":"ACCESSORY","store_coverage":"7/7","stores_present":["Elevation Springs","Elevation Mesa","Elevation Oasis","Elevation Downtown","Elevation Midtown","Elevation Boulevard","Elevation Parkway"],"stores_missing":[],"velocity_rank":1,"velocity_total":136},"distribution":[{"store":"Elevation Springs","carries_brand":true,"sku_count":4,"revenue":591432.2265625,"units":474108,"store_total_revenue":51138750.0,"brand_share_pct":1.2000000476837158},{"store":"Elevation Mesa","carries_brand":true,"sku_count":2,"revenue":369705.9765625,"units":298186,"store_total_revenue":47532240.0,"brand_share_pct":0.800000011920929},{"store":"Elevation Oasis","carries_brand":true,"sku_count":14,"revenue":469881.40625,"units":300046,"store_total_revenue":56050145.0,"brand_share_pct":0.800000011920929},{"store":"Elevation Downtown","carries_brand":true,"sku_count":6,"revenue":29538.9990234375,"units":22606,"store_total_revenue":1945237.1875,"brand_share_pct":1.5},{"store":"Elevation Midtown","carries_brand":true,"sku_count":2,"revenue":377516.953125,"units":304326,"store_total_revenue":30850185.0,"brand_share_pct":1.2000000476837158},{"store":"Elevation Boulevard","carries_brand":true,"sku_count":2,"revenue":250721.2109375,"units":201372,"store_total_revenue":28757865.0,"brand_share_pct":0.8999999761581421},{"store":"Elevation Parkway","carries_brand":true,"sku_count":2,"revenue":222185.9375,"units":180986,"store_total_revenue":21987007.5,"brand_share_pct":1.0}],"share_of_category":[{"category":"ACCESSORY","brand_revenue":2299961.71875,"category_revenue":4128754.0625,"revenue_share_pct":55.70000076293945,"brand_units":1781398,"category_units":2130096,"units_share_pct":83.6},{"category":"APPAREL","brand_revenue":8244.375,"category_revenue":37619.05029296875,"revenue_share_pct":21.899999618530273,"brand_units":172,"category_units":1088,"units_share_pct":15.8},{"category":0.0,"brand_revenue":0.0,"category_revenue":0.0,"revenue_share_pct":0.0,"brand_units":0,"category_units":0,"units_share_pct":0.0}],"share_of_category_trend":{"ACCESSORY":[{"period":"2024-01","brand_revenue":97657.998046875,"category_revenue":153543.9453125,"share_pct":63.599998474121094},{"period":"2024-02","brand_revenue":92937.021484375,"category_revenue":152399.47265625,"share_pct":61.0},{"period":"2024-03","brand_revenue":92768.9453125,"category_revenue":154678.876953125,"share_pct":60.0},{"period":"2024-04","brand_revenue":86438.271484375,"category_revenue":163353.65234375,"share_pct":52.900001525878906},{"period":"2024-05","brand_revenue":104499.1015625,"category_revenue":179676.4453125,"share_pct":58.20000076293945},{"period":"2024-06","brand_revenue":122460.4296875,"category_revenue":185008.828125,"share_pct":66.19999694824219},{"period":"2024-07","brand_revenue":129324.521484375,"category_revenue":186675.46875,"share_pct":69.30000305175781},{"period":"2024-08","brand_revenue":126860.17578125,"category_revenue":180226.328125,"share_pct":70.4000015258789},{"period":"2024-09","brand_revenue":116144.599609375,"category_revenue":162386.298828125,"share_pct":71.5},{"period":"2024-10","brand_revenue":119494.47265625,"category_revenue":166088.73046875,"share_pct":71.9000015258789},{"period":"2024-11","brand_revenue":113533.37890625,"category_revenue":171706.09375,"share_pct":66.0999984741211},{"period":"2024-12","brand_revenue":107960.947265625,"category_revenue":176502.03125,"share_pct":61.20000076293945},{"period":"2025-01","brand_revenue":99243.84765625,"category_revenue":167261.34765625,"share_pct":59.29999923706055},{"period":"2025-02","brand_revenue":93878.22265625,"category_revenue":155260.927734375,"share_pct":60.5},{"period":"2025-03","brand_revenue":103839.677734375,"category_revenue":176420.390625,"share_pct":58.900001525878906},{"period":"2025-04","brand_revenue":110909.00390625,"category_revenue":182694.82421875,"share_pct":60.70000076293945},{"period":"2025-05","brand_revenue":108826.572265625,"category_revenue":179904.4921875,"share_pct":60.5},{"period":"2025-06","brand_revenue":42951.69921875,"category_revenue":161148.75,"share_pct":26.700000762939453},{"period":"2025-07","brand_revenue":11537.5,"category_revenue":165549.8046875,"share_pct":7.0},{"period":"2025-08","brand_revenue":49858.75,"category_revenue":171752.05078125,"share_pct":29.0},{"period":"2025-09","brand_revenue":94682.001953125,"category_revenue":168198.9453125,"share_pct":56.29999923706055},{"period":"2025-10","brand_revenue":96918.57421875,"category_revenue":171844.55078125,"share_pct":56.400001525878906},{"period":"2025-11","brand_revenue":90335.99609375,"category_revenue":172839.74609375,"share_pct":52.29999923706055},{"period":"2025-12","brand_revenue":70540.0,"category_revenue":141954.873046875,"share_pct":49.70000076293945},{"period":"2026-01","brand_revenue":16360.0,"category_revenue":81677.1484375,"share_pct":20.0}],"APPAREL":[{"period":"2024-01","brand_revenue":0.0,"category_revenue":300.0,"share_pct":0.0},{"period":"2024-02","brand_revenue":0.0,"category_revenue":837.5,"share_pct":0.0},{"period":"2024-03","brand_revenue":0.0,"category_revenue":1097.4250030517578,"share_pct":0.0},{"period":"2024-04","brand_revenue":0.0,"category_revenue":770.625,"share_pct":0.0},{"period":"2024-05","brand_revenue":35.0,"category_revenue":4345.0,"share_pct":0.800000011920929},{"period":"2024-06","brand_revenue":0.0,"category_revenue":5618.75,"share_pct":0.0},{"period":"2024-07","brand_revenue":0.0,"category_revenue":3827.5,"share_pct":0.0},{"period":"2024-08","brand_revenue":0.0,"category_revenue":822.5,"share_pct":0.0},{"period":"2024-09","brand_revenue":40.0,"category_revenue":810.0,"share_pct":4.900000095367432},{"period":"2024-10","brand_revenue":0.0,"category_revenue":493.75,"share_pct":0.0},{"period":"2024-11","brand_revenue":0.0,"category_revenue":2087.5,"share_pct":0.0},{"period":"2024-12","brand_revenue":0.0,"category_revenue":928.125,"share_pct":0.0},{"period":"2025-01","brand_revenue":0.0,"category_revenue":702.5,"share_pct":0.0},{"period":"2025-02","brand_revenue":0.0,"category_revenue":268.75,"share_pct":0.0},{"period":"2025-03","brand_revenue":0.0,"category_revenue":382.5,"share_pct":0.0},{"period":"2025-04","brand_revenue":112.5,"category_revenue":421.25,"share_pct":26.700000762939453},{"period":"2025-05","brand_revenue":12.5,"category_revenue":879.4999694824219,"share_pct":1.399999976158142},{"period":"2025-06","brand_revenue":0.0,"category_revenue":525.0,"share_pct":0.0},{"period":"2025-07","brand_revenue":0.0,"category_revenue":218.75,"share_pct":0.0},{"period":"2025-08","brand_revenue":0.0,"category_revenue":1616.25,"share_pct":0.0},{"period":"2025-09","brand_revenue":375.0,"category_revenue":920.0,"share_pct":40.79999923706055},{"period":"2025-10","brand_revenue":1262.5,"category_revenue":1917.5,"share_pct":65.80000305175781},{"period":"2025-11","brand_revenue":2639.375,"category_revenue":3255.3750610351562,"share_pct":81.0999984741211},{"period":"2025-12","brand_revenue":1722.5,"category_revenue":2027.5,"share_pct":85.0},{"period":"2026-01","brand_revenue":2045.0,"category_revenue":2545.500030517578,"share_pct":80.30000305175781}]},"velocity_by_category":[{"category":"ACCESSORY","brand_units_per_day":2337.8,"category_avg_units_per_day":20.56,"velocity_index":11373.7,"brand_rev_per_unit":1.03,"category_rev_per_unit":1.55,"brands_in_category":136},{"category":"APPAREL","brand_units_per_day":0.22,"category_avg_units_per_day":0.18,"velocity_index":126.5,"brand_rev_per_unit":38.35,"category_rev_per_unit":27.66,"brands_in_category":8},{"category":0.0,"brand_units_per_day":0.0,"category_avg_units_per_day":0,"velocity_index":0,"brand_rev_per_unit":0.0,"category_rev_per_unit":0.0,"brands_in_category":0}],"store_gaps":[{"store":"Elevation Parkway","category":"APPAREL","category_revenue_at_store":15530.625,"opportunity":"Category not carried at this store"}],"product_mix":{"top":[{"product":"EXIT BAG","units":1778178,"revenue":2205946.25,"cost":836759.21875,"profit":1369187.03125,"stores":7,"transactions":1772330,"margin":62.099998474121094},{"product":"510 THRIVE BATTERY - THRIVE","units":3182,"revenue":84074.228515625,"cost":27513.75,"profit":56560.4736328125,"stores":1,"transactions":3120,"margin":67.30000305175781},{"product":"ST\u00dcNDENGLASS GRAVITY BONG","units":26,"revenue":9566.25,"cost":4875.0,"profit":4691.25,"stores":1,"transactions":26,"margin":49.0},{"product":"CARLOS HOODIE","units":164,"revenue":9217.424926757812,"cost":5125.0,"profit":4092.4249267578125,"stores":1,"transactions":150,"margin":44.400001525878906},{"product":"Elevation Skyline T-Shirt","units":24,"revenue":731.25,"cost":150.0,"profit":581.25,"stores":1,"transactions":20,"margin":79.5},{"product":"Elevation Welcome T-Shirt","units":22,"revenue":656.25,"cost":137.5,"profit":518.75,"stores":1,"transactions":20,"margin":79.0},{"product":"510 THRIVE BATTERY - THIRVE","units":12,"revenue":375.0,"cost":75.0,"profit":300.0,"stores":1,"transactions":12,"margin":80.0},{"product":"STASH JAR","units":14,"revenue":216.00000381469727,"cost":122.5,"profit":93.50000381469727,"stores":1,"transactions":14,"margin":43.29999923706055},{"product":"Black Elevation Shirt","units":4,"revenue":125.0,"cost":87.5,"profit":37.5,"stores":1,"transactions":4,"margin":30.0},{"product":"ALL SHORT SLEEVE THRIVE T-SHIRTS $20","units":4,"revenue":75.0,"cost":22.5,"profit":52.5,"stores":1,"transactions":4,"margin":70.0}],"bottom":[],"expansion":[]},"pricing_consistency":[{"product":"EXIT BAG","min_price":2.4552831434475593,"max_price":2.4957002680352396,"avg_price":2.480875080360513,"std_dev":0.005834123071984443,"store_count":14,"price_range":0.04041712458767999,"range_pct":1.6}],"promotional_effectiveness":{"lift":{"fp_units_per_day":2298.04,"disc_units_per_day":61.6,"lift_pct":-97.3,"fp_avg_revenue_per_unit":2.575,"disc_avg_revenue_per_unit":3.525},"by_deal":[{"deal_name":"Jackpot - Locals 30% Off","uses":4388,"revenue":13026.999889463186,"discounts":5583.000133484602,"units":8880.0,"cost":6679.62506480515,"margin":48.7,"discount_depth":60.0},{"deal_name":"Senior - 10% Off","uses":94,"revenue":5102.250025272369,"discounts":615.2499979734421,"units":194.0,"cost":1660.625,"margin":67.5,"discount_depth":21.6},{"deal_name":"Veterans - 10% Off","uses":40,"revenue":2159.7500133514404,"discounts":267.749999165535,"units":82.0,"cost":751.875,"margin":65.2,"discount_depth":22.0},{"deal_name":"Industry 30% Off","uses":35,"revenue":1509.00000333786,"discounts":666.0000014305115,"units":70.0,"cost":653.125,"margin":56.7,"discount_depth":61.2},{"deal_name":"Senior / Veterans - 20% Off","uses":28,"revenue":1575.9999990463257,"discounts":393.9999997615814,"units":60.0,"cost":610.0,"margin":61.3,"discount_depth":40.0},{"deal_name":"Veterans Day - 30% Off For Veterans!","uses":23,"revenue":40.249999314546585,"discounts":17.250000685453415,"units":46.0,"cost":23.000000342726707,"margin":42.9,"discount_depth":60.0},{"deal_name":"Industry - 30% Off","uses":19,"revenue":1665.4250001907349,"discounts":722.0749998092651,"units":40.0,"cost":676.25,"margin":59.4,"discount_depth":60.4},{"deal_name":"Senior Sunday - SAHARA ONLY - 20% Off","uses":12,"revenue":24.00000035762787,"discounts":6.000000089406967,"units":24.0,"cost":12.000000178813934,"margin":50.0,"discount_depth":40.0},{"deal_name":"Senior Sunday - RENO ONLY - 20% Off","uses":7,"revenue":14.000000208616257,"discounts":3.500000052154064,"units":14.0,"cost":7.000000104308128,"margin":50.0,"discount_depth":40.0},{"deal_name":"Store Credit - $25","uses":3,"revenue":87.32500076293945,"discounts":165.174999833107,"units":6.0,"cost":97.5,"margin":-11.7,"discount_depth":130.8},{"deal_name":"Main St Happy Hour - 25% Off","uses":2,"revenue":93.75,"discounts":31.25,"units":4.0,"cost":25.0,"margin":73.3,"discount_depth":50.0},{"deal_name":"Store Credit - $50","uses":1,"revenue":13.75,"discounts":31.25,"units":2.0,"cost":17.5,"margin":-27.3,"discount_depth":138.8},{"deal_name":"Voucher - 35% Off One Item","uses":1,"revenue":1.6249999403953552,"discounts":0.8749999850988388,"units":2.0,"cost":0.09999999776482582,"margin":93.8,"discount_depth":70.0}]},"growth_opportunities":[{"type":"velocity","title":"Improve velocity in nan","detail":"Velocity index 0 (below category average). 0.0 units/day vs 0.0 avg.","priority":"medium"}],"trend":[{"period":"2024-01","revenue":97657.998046875,"cost":39551.99951171875,"margin":59.5,"units":79104,"transactions":78822,"profit":58106.0009765625,"revenue_change_pct":null,"units_change_pct":null,"margin_change_pts":null},{"period":"2024-02","revenue":92937.021484375,"cost":36025.10009765625,"margin":61.2,"units":75310,"transactions":75022,"profit":56911.9287109375,"revenue_change_pct":-4.8,"units_change_pct":-4.8,"margin_change_pts":1.7},{"period":"2024-03","revenue":92768.9453125,"cost":29850.70068359375,"margin":67.8,"units":75212,"transactions":74922,"profit":62918.251953125,"revenue_change_pct":-0.2,"units_change_pct":-0.1,"margin_change_pts":6.6},{"period":"2024-04","revenue":86438.271484375,"cost":27940.10009765625,"margin":67.7,"units":69868,"transactions":69576,"profit":58498.173828125,"revenue_change_pct":-6.8,"units_change_pct":-7.1,"margin_change_pts":-0.1},{"period":"2024-05","revenue":104534.1015625,"cost":35031.0498046875,"margin":66.5,"units":84472,"transactions":84252,"profit":69503.0517578125,"revenue_change_pct":20.9,"units_change_pct":20.9,"margin_change_pts":-1.2},{"period":"2024-06","revenue":122460.4296875,"cost":41909.19921875,"margin":65.8,"units":98852,"transactions":98610,"profit":80551.2255859375,"revenue_change_pct":17.1,"units_change_pct":17.0,"margin_change_pts":-0.7},{"period":"2024-07","revenue":129324.521484375,"cost":44694.599609375,"margin":65.4,"units":104482,"transactions":104222,"profit":84629.931640625,"revenue_change_pct":5.6,"units_change_pct":5.7,"margin_change_pts":-0.3},{"period":"2024-08","revenue":126860.17578125,"cost":44706.201171875,"margin":64.8,"units":102304,"transactions":102076,"profit":82153.974609375,"revenue_change_pct":-1.9,"units_change_pct":-2.1,"margin_change_pts":-0.7},{"period":"2024-09","revenue":116184.599609375,"cost":46868.251953125,"margin":59.7,"units":93714,"transactions":93454,"profit":69316.3525390625,"revenue_change_pct":-8.4,"units_change_pct":-8.4,"margin_change_pts":-5.1},{"period":"2024-10","revenue":119494.47265625,"cost":48183.9990234375,"margin":59.7,"units":96362,"transactions":96068,"profit":71310.478515625,"revenue_change_pct":2.8,"units_change_pct":2.8,"margin_change_pts":0.0},{"period":"2024-11","revenue":113533.37890625,"cost":45723.9990234375,"margin":59.7,"units":91446,"transactions":91112,"profit":67809.3798828125,"revenue_change_pct":-5.0,"units_change_pct":-5.1,"margin_change_pts":0.0},{"period":"2024-12","revenue":107960.947265625,"cost":43503.0029296875,"margin":59.7,"units":87006,"transactions":86748,"profit":64457.9541015625,"revenue_change_pct":-4.9,"units_change_pct":-4.9,"margin_change_pts":-0.0},{"period":"2025-01","revenue":99243.84765625,"cost":39802.5,"margin":59.9,"units":79260,"transactions":78950,"profit":59441.3525390625,"revenue_change_pct":-8.1,"units_change_pct":-8.9,"margin_change_pts":0.2},{"period":"2025-02","revenue":93878.22265625,"cost":36990.50048828125,"margin":60.6,"units":70760,"transactions":70396,"profit":56887.724609375,"revenue_change_pct":-5.4,"units_change_pct":-10.7,"margin_change_pts":0.7},{"period":"2025-03","revenue":103839.677734375,"cost":41571.0009765625,"margin":60.0,"units":76476,"transactions":75922,"profit":62268.6767578125,"revenue_change_pct":10.6,"units_change_pct":8.1,"margin_change_pts":-0.6},{"period":"2025-04","revenue":111205.99609375,"cost":44266.7529296875,"margin":60.2,"units":80132,"transactions":79398,"profit":66939.2529296875,"revenue_change_pct":7.1,"units_change_pct":4.8,"margin_change_pts":0.2},{"period":"2025-05","revenue":108839.072265625,"cost":42975.751953125,"margin":60.5,"units":78364,"transactions":77762,"profit":65863.3251953125,"revenue_change_pct":-2.1,"units_change_pct":-2.2,"margin_change_pts":0.3},{"period":"2025-06","revenue":42951.69921875,"cost":16070.999755859375,"margin":62.6,"units":25674,"transactions":25452,"profit":26880.70068359375,"revenue_change_pct":-60.5,"units_change_pct":-67.2,"margin_change_pts":2.1},{"period":"2025-07","revenue":11537.5,"cost":3395.0,"margin":70.6,"units":388,"transactions":382,"profit":8142.5,"revenue_change_pct":-73.1,"units_change_pct":-98.5,"margin_change_pts":8.0},{"period":"2025-08","revenue":49858.75,"cost":19274.500732421875,"margin":61.3,"units":34204,"transactions":34070,"profit":30584.25048828125,"revenue_change_pct":332.1,"units_change_pct":8715.5,"margin_change_pts":-9.2},{"period":"2025-09","revenue":96810.99609375,"cost":38953.00048828125,"margin":59.8,"units":72986,"transactions":72616,"profit":57858.0029296875,"revenue_change_pct":94.2,"units_change_pct":113.4,"margin_change_pts":-1.6},{"period":"2025-10","revenue":99019.12109375,"cost":38397.80029296875,"margin":61.2,"units":73858,"transactions":73414,"profit":60621.328125,"revenue_change_pct":2.3,"units_change_pct":1.2,"margin_change_pts":1.5},{"period":"2025-11","revenue":92975.37109375,"cost":34164.7998046875,"margin":63.3,"units":68406,"transactions":67928,"profit":58810.576171875,"revenue_change_pct":-6.1,"units_change_pct":-7.4,"margin_change_pts":2.0},{"period":"2025-12","revenue":72262.5,"cost":27251.99951171875,"margin":62.3,"units":54646,"transactions":54382,"profit":45010.5029296875,"revenue_change_pct":-22.3,"units_change_pct":-20.1,"margin_change_pts":-1.0},{"period":"2026-01","revenue":18405.0,"cost":7765.150146484375,"margin":57.8,"units":8344,"transactions":8324,"profit":10639.849853515625,"revenue_change_pct":-74.5,"units_change_pct":-84.7,"margin_change_pts":-4.5}]}