{"brand":"SCORCH","date_range":"2024-01-01 00:00:00 to 2026-01-31 00:00:00","period_label":"All Time","summary":{"total_units":24,"total_revenue":346.0,"total_cost":180.0,"total_discounts":74.0,"total_profit":166.0,"overall_margin":48.0,"fp_margin":56.099998474121094,"disc_margin":36.79999923706055,"pct_full_price":57.79999923706055,"avg_discount_rate":17.600000381469727,"fp_revenue":200.0,"disc_revenue":146.0,"brand":"SCORCH","date_range":"2024-01-01 00:00:00 to 2026-01-31 00:00:00","primary_category":"ACCESSORY","store_coverage":"1/7","stores_present":["Thrive Cactus"],"stores_missing":["Thrive Cheyenne","Thrive Jackpot","Thrive Main Street","Thrive Reno","Thrive Sahara","Thrive Sammy"],"velocity_rank":56,"velocity_total":136},"distribution":[{"store":"Thrive Cactus","carries_brand":true,"sku_count":1,"revenue":346.0,"units":24,"store_total_revenue":20455500.0,"brand_share_pct":0.0},{"store":"Thrive Cheyenne","carries_brand":false,"sku_count":0,"revenue":0,"units":0,"store_total_revenue":19012896.0,"brand_share_pct":0},{"store":"Thrive Jackpot","carries_brand":false,"sku_count":0,"revenue":0,"units":0,"store_total_revenue":22420058.0,"brand_share_pct":0},{"store":"Thrive Main Street","carries_brand":false,"sku_count":0,"revenue":0,"units":0,"store_total_revenue":778094.875,"brand_share_pct":0},{"store":"Thrive Reno","carries_brand":false,"sku_count":0,"revenue":0,"units":0,"store_total_revenue":12340074.0,"brand_share_pct":0},{"store":"Thrive Sahara","carries_brand":false,"sku_count":0,"revenue":0,"units":0,"store_total_revenue":11503146.0,"brand_share_pct":0},{"store":"Thrive Sammy","carries_brand":false,"sku_count":0,"revenue":0,"units":0,"store_total_revenue":8794803.0,"brand_share_pct":0}],"share_of_category":[{"category":"ACCESSORY","brand_revenue":346.0,"category_revenue":1651501.625,"revenue_share_pct":0.0,"brand_units":24,"category_units":1065048,"units_share_pct":0.0}],"share_of_category_trend":{"ACCESSORY":[{"period":"2024-01","brand_revenue":0.0,"category_revenue":61417.578125,"share_pct":0.0},{"period":"2024-02","brand_revenue":0.0,"category_revenue":60959.7890625,"share_pct":0.0},{"period":"2024-03","brand_revenue":0.0,"category_revenue":61871.55078125,"share_pct":0.0},{"period":"2024-04","brand_revenue":0.0,"category_revenue":65341.4609375,"share_pct":0.0},{"period":"2024-05","brand_revenue":0.0,"category_revenue":71870.578125,"share_pct":0.0},{"period":"2024-06","brand_revenue":0.0,"category_revenue":74003.53125,"share_pct":0.0},{"period":"2024-07","brand_revenue":0.0,"category_revenue":74670.1875,"share_pct":0.0},{"period":"2024-08","brand_revenue":0.0,"category_revenue":72090.53125,"share_pct":0.0},{"period":"2024-09","brand_revenue":0.0,"category_revenue":64954.51953125,"share_pct":0.0},{"period":"2024-10","brand_revenue":0.0,"category_revenue":66435.4921875,"share_pct":0.0},{"period":"2024-11","brand_revenue":0.0,"category_revenue":68682.4375,"share_pct":0.0},{"period":"2024-12","brand_revenue":0.0,"category_revenue":70600.8125,"share_pct":0.0},{"period":"2025-01","brand_revenue":0.0,"category_revenue":66904.5390625,"share_pct":0.0},{"period":"2025-02","brand_revenue":0.0,"category_revenue":62104.37109375,"share_pct":0.0},{"period":"2025-03","brand_revenue":0.0,"category_revenue":70568.15625,"share_pct":0.0},{"period":"2025-04","brand_revenue":0.0,"category_revenue":73077.9296875,"share_pct":0.0},{"period":"2025-05","brand_revenue":0.0,"category_revenue":71961.796875,"share_pct":0.0},{"period":"2025-06","brand_revenue":33.0,"category_revenue":64459.5,"share_pct":0.10000000149011612},{"period":"2025-07","brand_revenue":73.5,"category_revenue":66219.921875,"share_pct":0.10000000149011612},{"period":"2025-08","brand_revenue":160.5,"category_revenue":68700.8203125,"share_pct":0.20000000298023224},{"period":"2025-09","brand_revenue":79.0,"category_revenue":67279.578125,"share_pct":0.10000000149011612},{"period":"2025-10","brand_revenue":0.0,"category_revenue":68737.8203125,"share_pct":0.0},{"period":"2025-11","brand_revenue":0.0,"category_revenue":69135.8984375,"share_pct":0.0},{"period":"2025-12","brand_revenue":0.0,"category_revenue":56781.94921875,"share_pct":0.0},{"period":"2026-01","brand_revenue":0.0,"category_revenue":32670.859375,"share_pct":0.0}]},"velocity_by_category":[{"category":"ACCESSORY","brand_units_per_day":0.03,"category_avg_units_per_day":10.28,"velocity_index":0.3,"brand_rev_per_unit":14.42,"category_rev_per_unit":1.55,"brands_in_category":136}],"store_gaps":[{"store":"Thrive Jackpot","category":"ACCESSORY","category_revenue_at_store":366921.6875,"opportunity":"Brand not carried"},{"store":"Thrive Reno","category":"ACCESSORY","category_revenue_at_store":318626.5,"opportunity":"Brand not carried"},{"store":"Thrive Cheyenne","category":"ACCESSORY","category_revenue_at_store":221087.65625,"opportunity":"Brand not carried"},{"store":"Thrive Sahara","category":"ACCESSORY","category_revenue_at_store":186593.15625,"opportunity":"Brand not carried"},{"store":"Thrive Sammy","category":"ACCESSORY","category_revenue_at_store":174303.78125,"opportunity":"Brand not carried"},{"store":"Thrive Main Street","category":"ACCESSORY","category_revenue_at_store":24615.880859375,"opportunity":"Brand not carried"}],"product_mix":{"top":[{"product":"SCORCH TORCH LIGHTER","units":24,"revenue":346.0,"cost":180.0,"profit":166.0,"stores":1,"transactions":23,"margin":48.0}],"bottom":[],"expansion":[]},"pricing_consistency":[],"promotional_effectiveness":{"lift":{"fp_units_per_day":1.1,"disc_units_per_day":1.18,"lift_pct":7.4,"fp_avg_revenue_per_unit":18.18,"disc_avg_revenue_per_unit":11.23},"by_deal":[{"deal_name":"Industry 30% Off","uses":7,"revenue":80.5,"discounts":34.5,"units":7.0,"cost":47.25,"margin":41.3,"discount_depth":30.0},{"deal_name":"LVAC - 25% Off","uses":1,"revenue":15.0,"discounts":5.0,"units":1.0,"cost":9.25,"margin":38.3,"discount_depth":25.0}]},"growth_opportunities":[{"type":"distribution","title":"Expand to Thrive Cheyenne","detail":"Store has $221,088 in ACCESSORY \u2014 categories where SCORCH competes.","priority":"high"},{"type":"distribution","title":"Expand to Thrive Jackpot","detail":"Store has $366,922 in ACCESSORY \u2014 categories where SCORCH competes.","priority":"high"},{"type":"distribution","title":"Expand to Thrive Main Street","detail":"Store has $24,616 in ACCESSORY \u2014 categories where SCORCH competes.","priority":"high"},{"type":"distribution","title":"Expand to Thrive Reno","detail":"Store has $318,626 in ACCESSORY \u2014 categories where SCORCH competes.","priority":"high"},{"type":"distribution","title":"Expand to Thrive Sahara","detail":"Store has $186,593 in ACCESSORY \u2014 categories where SCORCH competes.","priority":"high"},{"type":"distribution","title":"Expand to Thrive Sammy","detail":"Store has $174,304 in ACCESSORY \u2014 categories where SCORCH competes.","priority":"high"},{"type":"velocity","title":"Improve velocity in ACCESSORY","detail":"Velocity index 0 (below category average). 0.0 units/day vs 10.3 avg.","priority":"medium"}],"trend":[{"period":"2025-06","revenue":33.0,"cost":23.0,"margin":30.3,"units":4,"transactions":4,"profit":10.0,"revenue_change_pct":null,"units_change_pct":null,"margin_change_pts":null},{"period":"2025-07","revenue":73.5,"cost":39.25,"margin":46.6,"units":5,"transactions":5,"profit":34.25,"revenue_change_pct":122.7,"units_change_pct":25.0,"margin_change_pts":16.3},{"period":"2025-08","revenue":160.5,"cost":78.5,"margin":51.1,"units":10,"transactions":9,"profit":82.0,"revenue_change_pct":118.4,"units_change_pct":100.0,"margin_change_pts":4.5},{"period":"2025-09","revenue":79.0,"cost":39.25,"margin":50.3,"units":5,"transactions":5,"profit":39.75,"revenue_change_pct":-50.8,"units_change_pct":-50.0,"margin_change_pts":-0.8}]}