{"brand":"CHEW & CHILL","date_range":"2024-01-01 00:00:00 to 2026-01-31 00:00:00","period_label":"All Time","summary":{"total_units":91948,"total_revenue":1465960.15625,"total_cost":761042.5,"total_discounts":827027.265625,"total_profit":704917.734375,"overall_margin":48.099998474121094,"fp_margin":61.900001525878906,"disc_margin":40.29999923706055,"pct_full_price":36.20000076293945,"avg_discount_rate":36.099998474121094,"fp_revenue":530042.5,"disc_revenue":935917.734375,"brand":"CHEW & CHILL","date_range":"2024-01-01 00:00:00 to 2026-01-31 00:00:00","primary_category":"EDIBLE","store_coverage":"7/7","stores_present":["Elevation Springs","Elevation Mesa","Elevation Oasis","Elevation Downtown","Elevation Midtown","Elevation Boulevard","Elevation Parkway"],"stores_missing":[],"velocity_rank":7,"velocity_total":32},"distribution":[{"store":"Elevation Springs","carries_brand":true,"sku_count":44,"revenue":264722.3046875,"units":16860,"store_total_revenue":51138750.0,"brand_share_pct":0.5},{"store":"Elevation Mesa","carries_brand":true,"sku_count":54,"revenue":264614.21875,"units":17004,"store_total_revenue":47532240.0,"brand_share_pct":0.6000000238418579},{"store":"Elevation Oasis","carries_brand":true,"sku_count":48,"revenue":395853.515625,"units":25842,"store_total_revenue":56050145.0,"brand_share_pct":0.699999988079071},{"store":"Elevation Downtown","carries_brand":true,"sku_count":10,"revenue":5686.35009765625,"units":384,"store_total_revenue":1945237.1875,"brand_share_pct":0.30000001192092896},{"store":"Elevation Midtown","carries_brand":true,"sku_count":52,"revenue":174811.9140625,"units":10618,"store_total_revenue":30850185.0,"brand_share_pct":0.6000000238418579},{"store":"Elevation Boulevard","carries_brand":true,"sku_count":50,"revenue":190366.71875,"units":11862,"store_total_revenue":28757865.0,"brand_share_pct":0.699999988079071},{"store":"Elevation Parkway","carries_brand":true,"sku_count":54,"revenue":169905.234375,"units":9378,"store_total_revenue":21987007.5,"brand_share_pct":0.800000011920929}],"share_of_category":[{"category":"EDIBLE","brand_revenue":1465650.15625,"category_revenue":29378492.5,"revenue_share_pct":5.0,"brand_units":91932,"category_units":1706530,"units_share_pct":5.4},{"category":0.0,"brand_revenue":0.0,"category_revenue":0.0,"revenue_share_pct":0.0,"brand_units":0,"category_units":0,"units_share_pct":0.0}],"share_of_category_trend":{"EDIBLE":[{"period":"2024-01","brand_revenue":48514.1015625,"category_revenue":1115754.921875,"share_pct":4.300000190734863},{"period":"2024-02","brand_revenue":108909.12109375,"category_revenue":1235210.0,"share_pct":8.800000190734863},{"period":"2024-03","brand_revenue":113139.677734375,"category_revenue":1273343.671875,"share_pct":8.899999618530273},{"period":"2024-04","brand_revenue":119475.654296875,"category_revenue":1298159.0625,"share_pct":9.199999809265137},{"period":"2024-05","brand_revenue":125243.84765625,"category_revenue":1215880.78125,"share_pct":10.300000190734863},{"period":"2024-06","brand_revenue":79506.69921875,"category_revenue":1181362.421875,"share_pct":6.699999809265137},{"period":"2024-07","brand_revenue":96929.970703125,"category_revenue":1128302.8125,"share_pct":8.600000381469727},{"period":"2024-08","brand_revenue":76802.6513671875,"category_revenue":1167724.921875,"share_pct":6.599999904632568},{"period":"2024-09","brand_revenue":119357.470703125,"category_revenue":1114619.53125,"share_pct":10.699999809265137},{"period":"2024-10","brand_revenue":101907.353515625,"category_revenue":1205149.0625,"share_pct":8.5},{"period":"2024-11","brand_revenue":94153.251953125,"category_revenue":1236132.421875,"share_pct":7.599999904632568},{"period":"2024-12","brand_revenue":81036.25,"category_revenue":1207318.046875,"share_pct":6.699999809265137},{"period":"2025-01","brand_revenue":95537.0703125,"category_revenue":1176202.578125,"share_pct":8.100000381469727},{"period":"2025-02","brand_revenue":42239.19921875,"category_revenue":1097683.359375,"share_pct":3.799999952316284},{"period":"2025-03","brand_revenue":50966.4990234375,"category_revenue":1228067.265625,"share_pct":4.199999809265137},{"period":"2025-04","brand_revenue":71467.6513671875,"category_revenue":1290106.171875,"share_pct":5.5},{"period":"2025-05","brand_revenue":33800.0,"category_revenue":1191670.3125,"share_pct":2.799999952316284},{"period":"2025-06","brand_revenue":6663.75,"category_revenue":1110702.109375,"share_pct":0.6000000238418579},{"period":"2025-07","brand_revenue":0.0,"category_revenue":1096938.125,"share_pct":0.0},{"period":"2025-08","brand_revenue":0.0,"category_revenue":1145920.859375,"share_pct":0.0},{"period":"2025-09","brand_revenue":0.0,"category_revenue":1070074.53125,"share_pct":0.0},{"period":"2025-10","brand_revenue":0.0,"category_revenue":1168865.78125,"share_pct":0.0},{"period":"2025-11","brand_revenue":0.0,"category_revenue":1192334.453125,"share_pct":0.0},{"period":"2025-12","brand_revenue":0.0,"category_revenue":1138094.375,"share_pct":0.0},{"period":"2026-01","brand_revenue":0.0,"category_revenue":1092874.21875,"share_pct":0.0}]},"velocity_by_category":[{"category":"EDIBLE","brand_units_per_day":120.64,"category_avg_units_per_day":69.98,"velocity_index":172.4,"brand_rev_per_unit":12.75,"category_rev_per_unit":13.77,"brands_in_category":32},{"category":0.0,"brand_units_per_day":0.0,"category_avg_units_per_day":0,"velocity_index":0,"brand_rev_per_unit":0.0,"category_rev_per_unit":0.0,"brands_in_category":0}],"store_gaps":[],"product_mix":{"top":[{"product":"STRAWBERRY WATERMELON SATIVA LIVE RESIN GUMMIES - CHEW & CHILL","units":10664,"revenue":173179.375,"cost":87905.0,"profit":85274.375,"stores":7,"transactions":7226,"margin":49.20000076293945},{"product":"BLACK CHERRY INDICA LIVE RESIN GUMMIES - CHEW & CHILL","units":8390,"revenue":137300.1953125,"cost":72830.0,"profit":64470.2001953125,"stores":6,"transactions":5544,"margin":47.0},{"product":"SOUR APPLE HYBRID LIVE RESIN GUMMIES - CHEW & CHILL","units":8152,"revenue":133506.5234375,"cost":66595.0,"profit":66911.5234375,"stores":6,"transactions":6068,"margin":50.099998474121094},{"product":"PINK LEMONADE SATIVA LIVE RESIN GUMMIES - CHEW & CHILL","units":8126,"revenue":132430.126953125,"cost":68195.0,"profit":64235.126953125,"stores":6,"transactions":5682,"margin":48.5},{"product":"MANGO TANGO SATIVA LIVE RESIN GUMMIES - CHEW & CHILL","units":7474,"revenue":125825.400390625,"cost":63970.0,"profit":61855.400390625,"stores":6,"transactions":5378,"margin":49.20000076293945},{"product":"2:1:1:1 THC/CBN/CBG/CBD LAVENDER ELDERBERRY INDICA LIVE RESIN GUMMIES - CHEW & CHILL","units":7694,"revenue":118802.802734375,"cost":62690.0,"profit":56112.7978515625,"stores":7,"transactions":4242,"margin":47.20000076293945},{"product":"PEACH JASMINE HYBRID LIVE RESIN GUMMIES - CHEW & CHILL","units":6580,"revenue":105753.095703125,"cost":53965.0,"profit":51788.1005859375,"stores":7,"transactions":4850,"margin":49.0},{"product":"2:1:1:1 THC/CBN/CBD/CBG SOUR GRAPE INDICA LIVE RESIN GUMMIES - CHEW & CHILL","units":6440,"revenue":101976.171875,"cost":53022.5,"profit":48953.6767578125,"stores":6,"transactions":3926,"margin":48.0},{"product":"2:1 THC/CBN BLUE RAZZBERRY INDICA LIVE RESIN GUMMIES - CHEW & CHILL","units":6316,"revenue":100476.15234375,"cost":57752.5,"profit":42723.65234375,"stores":6,"transactions":3714,"margin":42.5},{"product":"TIGER BLOOD FAST ACTING GUMMIES - CHEW & CHILL","units":5356,"revenue":82428.798828125,"cost":42340.0,"profit":40088.80126953125,"stores":6,"transactions":3978,"margin":48.599998474121094},{"product":"2:1 THC/CBD COTTON CANDY LIVE RESIN SATIVA GUMMIES - CHEW & CHILL","units":3394,"revenue":55815.5517578125,"cost":33940.0,"profit":21875.54931640625,"stores":6,"transactions":2278,"margin":39.20000076293945},{"product":"SOUR BLUE RAZZBERRY INDICA LIVE RESIN GUMMIES - CHEW & CHILL","units":3562,"revenue":49907.900390625,"cost":24902.5,"profit":25005.400390625,"stores":7,"transactions":2366,"margin":50.099998474121094},{"product":"2:2:1 THC/CBG/CBD LAVENDER ELDERBERRY INDICA LIVE RESIN GUMMIES - CHEW & CHILL","units":1640,"revenue":30281.650390625,"cost":16400.0,"profit":13881.650390625,"stores":6,"transactions":1054,"margin":45.79999923706055},{"product":"2:2:1 THC/CBG/CBD SOUR GRAPE INDICA LIVE RESIN GUMMIES - CHEW & CHILL","units":940,"revenue":18039.7998046875,"cost":9400.0,"profit":8639.7998046875,"stores":6,"transactions":658,"margin":47.900001525878906},{"product":"TIGERS BLOOD FAST ACTING GUMMIES - CHEW & CHILL","units":866,"revenue":11247.550048828125,"cost":5420.0,"profit":5827.550048828125,"stores":7,"transactions":650,"margin":51.79999923706055},{"product":"2:1:1:1 THC/CBN/CBD/CBG SOUR GRAPE INDICA LIVE RESIN SUGAR FREE GUMMIES - CHEW & CHILL","units":806,"revenue":10910.799560546875,"cost":5037.5,"profit":5873.3001708984375,"stores":5,"transactions":390,"margin":53.79999923706055},{"product":"BLACK CHERRY INDICA LIVE RESIN SUGAR FREE GUMMIES - CHEW & CHILL","units":770,"revenue":10342.850341796875,"cost":4812.5,"profit":5530.3497314453125,"stores":5,"transactions":536,"margin":53.5},{"product":"PINK LEMONADE SATIVA LIVE RESIN SUGAR FREE GUMMIES - CHEW & CHILL","units":736,"revenue":10196.35009765625,"cost":4600.0,"profit":5596.35009765625,"stores":6,"transactions":510,"margin":54.900001525878906},{"product":"PEACH JASMINE HYBRID LIVE RESIN SUGAR FREE GUMMIES - CHEW & CHILL","units":730,"revenue":9721.124877929688,"cost":4562.5,"profit":5158.6248779296875,"stores":6,"transactions":564,"margin":53.099998474121094},{"product":"STRAWBERRY WATERMELON SATIVA LIVE RESIN SUGAR FREE GUMMIES - CHEW & CHILL","units":726,"revenue":9622.324829101562,"cost":4537.5,"profit":5084.8248291015625,"stores":5,"transactions":460,"margin":52.79999923706055}],"bottom":[{"product":"STRAWBERRY WATERMELON SATIVA LIVE RESIN SUGAR FREE GUMMIES - CHEW & CHILL","units":726,"revenue":9622.324829101562,"cost":4537.5,"profit":5084.8248291015625,"stores":5,"transactions":460,"margin":52.79999923706055},{"product":"2:1:1:1 THC/CBN/CBG/CBD LAVENDER ELDERBERRY INDICA LIVE RESIN SUGAR FREE GUMMIES - CHEW & CHILL","units":722,"revenue":9428.64990234375,"cost":4512.5,"profit":4916.14990234375,"stores":6,"transactions":378,"margin":52.099998474121094},{"product":"MANGO TANGO SATIVA LIVE RESIN SUGAR FREE GUMMIES - CHEW & CHILL","units":692,"revenue":9353.125,"cost":4325.0,"profit":5028.125,"stores":6,"transactions":496,"margin":53.79999923706055},{"product":"2:1:1 THC/CBG/CBD SOUR GRAPE INDICA LIVE RESIN GUMMIES - CHEW & CHILL","units":428,"revenue":8560.800170898438,"cost":4280.0,"profit":4280.8001708984375,"stores":3,"transactions":336,"margin":50.0},{"product":"SOUR BLUE RAZZBERRY INDICA LIVE RESIN SUGAR FREE GUMMIES - CHEW & CHILL","units":466,"revenue":6508.22509765625,"cost":2912.5,"profit":3595.72509765625,"stores":6,"transactions":336,"margin":55.20000076293945},{"product":"TIGERS BLOOD INDICA LIVE RESIN SUGAR FREE GUMMIES - CHEW & CHILL","units":126,"revenue":1610.0,"cost":787.5,"profit":822.5,"stores":5,"transactions":100,"margin":51.099998474121094},{"product":"PEACH JASMINE HYBRID NANO GUMMIES - CHEW & CHILL","units":62,"revenue":1140.2000427246094,"cost":620.0,"profit":520.2000045776367,"stores":3,"transactions":44,"margin":45.599998474121094},{"product":"STRAWBERRY WATERMELON GUMMIES - CHEW & CHILL","units":34,"revenue":680.0749969482422,"cost":340.0,"profit":340.0749969482422,"stores":2,"transactions":26,"margin":50.0},{"product":"SOUR APPLE HYBRID LIVE RESIN SUGAR FREE GUMMIES- CHEW & CHILL","units":46,"revenue":664.5999908447266,"cost":287.5,"profit":377.09999084472656,"stores":2,"transactions":32,"margin":56.70000076293945},{"product":"SOUR APPLE HYBRID NANO GUMMIES - CHEW & CHILL","units":10,"revenue":250.0,"cost":100.0,"profit":150.0,"stores":1,"transactions":10,"margin":60.0}],"expansion":[{"product":"BLACK CHERRY INDICA LIVE RESIN GUMMIES - CHEW & CHILL","current_stores":6,"total_stores":7,"missing_stores":["Elevation Downtown"],"revenue":137300.1953125},{"product":"SOUR APPLE HYBRID LIVE RESIN GUMMIES - CHEW & CHILL","current_stores":6,"total_stores":7,"missing_stores":["Elevation Downtown"],"revenue":133506.5234375},{"product":"PINK LEMONADE SATIVA LIVE RESIN GUMMIES - CHEW & CHILL","current_stores":6,"total_stores":7,"missing_stores":["Elevation Downtown"],"revenue":132430.126953125},{"product":"MANGO TANGO SATIVA LIVE RESIN GUMMIES - CHEW & CHILL","current_stores":6,"total_stores":7,"missing_stores":["Elevation Downtown"],"revenue":125825.400390625},{"product":"2:1:1:1 THC/CBN/CBD/CBG SOUR GRAPE INDICA LIVE RESIN GUMMIES - CHEW & CHILL","current_stores":6,"total_stores":7,"missing_stores":["Elevation Downtown"],"revenue":101976.171875},{"product":"2:1 THC/CBN BLUE RAZZBERRY INDICA LIVE RESIN GUMMIES - CHEW & CHILL","current_stores":6,"total_stores":7,"missing_stores":["Elevation Downtown"],"revenue":100476.15234375},{"product":"TIGER BLOOD FAST ACTING GUMMIES - CHEW & CHILL","current_stores":6,"total_stores":7,"missing_stores":["Elevation Downtown"],"revenue":82428.798828125},{"product":"2:1 THC/CBD COTTON CANDY LIVE RESIN SATIVA GUMMIES - CHEW & CHILL","current_stores":6,"total_stores":7,"missing_stores":["Elevation Downtown"],"revenue":55815.5517578125},{"product":"2:2:1 THC/CBG/CBD LAVENDER ELDERBERRY INDICA LIVE RESIN GUMMIES - CHEW & CHILL","current_stores":6,"total_stores":7,"missing_stores":["Elevation Downtown"],"revenue":30281.650390625},{"product":"2:2:1 THC/CBG/CBD SOUR GRAPE INDICA LIVE RESIN GUMMIES - CHEW & CHILL","current_stores":6,"total_stores":7,"missing_stores":["Elevation Downtown"],"revenue":18039.7998046875}]},"pricing_consistency":[{"product":"SOUR APPLE HYBRID LIVE RESIN SUGAR FREE GUMMIES- CHEW & CHILL","min_price":23.639999389648438,"max_price":38.75,"avg_price":31.19499969482422,"std_dev":4.2737535581249855,"store_count":4,"price_range":15.110000610351562,"range_pct":48.4},{"product":"SOUR BLUE RAZZBERRY INDICA LIVE RESIN SUGAR FREE GUMMIES - CHEW & CHILL","min_price":25.0,"max_price":35.0,"avg_price":28.20358671555901,"std_dev":1.399541100771536,"store_count":12,"price_range":10.0,"range_pct":35.5},{"product":"PINK LEMONADE SATIVA LIVE RESIN SUGAR FREE GUMMIES - CHEW & CHILL","min_price":25.575000000000003,"max_price":34.37395731608073,"avg_price":29.51173970276143,"std_dev":1.517472407979873,"store_count":12,"price_range":8.798957316080728,"range_pct":29.8},{"product":"PEACH JASMINE HYBRID LIVE RESIN SUGAR FREE GUMMIES - CHEW & CHILL","min_price":25.835526315789473,"max_price":33.94736842105263,"avg_price":27.62865801466569,"std_dev":1.258261056379237,"store_count":12,"price_range":8.111842105263158,"range_pct":29.4},{"product":"STRAWBERRY WATERMELON SATIVA LIVE RESIN SUGAR FREE GUMMIES - CHEW & CHILL","min_price":25.017123287671232,"max_price":32.857142857142854,"avg_price":27.87821750980033,"std_dev":1.3193834765016894,"store_count":10,"price_range":7.8400195694716235,"range_pct":28.1},{"product":"MANGO TANGO SATIVA LIVE RESIN SUGAR FREE GUMMIES - CHEW & CHILL","min_price":25.652173913043477,"max_price":33.333333333333336,"avg_price":28.682020525337148,"std_dev":1.416831436599688,"store_count":12,"price_range":7.681159420289858,"range_pct":26.8},{"product":"SOUR BLUE RAZZBERRY INDICA LIVE RESIN GUMMIES - CHEW & CHILL","min_price":26.289308176100626,"max_price":33.77433231898716,"avg_price":28.307227419393975,"std_dev":1.010921189083468,"store_count":14,"price_range":7.485024142886538,"range_pct":26.4},{"product":"STRAWBERRY WATERMELON SATIVA LIVE RESIN GUMMIES - CHEW & CHILL","min_price":29.876543209876544,"max_price":38.38154838372371,"avg_price":32.585752561606434,"std_dev":1.1194056983602703,"store_count":14,"price_range":8.505005173847167,"range_pct":26.1},{"product":"2:1:1:1 THC/CBN/CBD/CBG SOUR GRAPE INDICA LIVE RESIN SUGAR FREE GUMMIES - CHEW & CHILL","min_price":25.51020408163265,"max_price":32.5,"avg_price":27.817841881031995,"std_dev":1.0796983791352173,"store_count":10,"price_range":6.9897959183673475,"range_pct":25.1},{"product":"BLACK CHERRY INDICA LIVE RESIN GUMMIES - CHEW & CHILL","min_price":29.5987161163926,"max_price":37.4984394420277,"avg_price":33.67373098314989,"std_dev":1.1813163053456641,"store_count":12,"price_range":7.899723325635102,"range_pct":23.5},{"product":"2:1:1:1 THC/CBN/CBD/CBG SOUR GRAPE INDICA LIVE RESIN GUMMIES - CHEW & CHILL","min_price":28.377014449422397,"max_price":35.72491872582451,"avg_price":31.39302626618171,"std_dev":1.1243450072479182,"store_count":12,"price_range":7.347904276402115,"range_pct":23.4},{"product":"TIGER BLOOD FAST ACTING GUMMIES - CHEW & CHILL","min_price":28.97424684599768,"max_price":36.24653429088026,"avg_price":31.54921135208706,"std_dev":1.120941274892267,"store_count":12,"price_range":7.272287444882579,"range_pct":23.1},{"product":"MANGO TANGO SATIVA LIVE RESIN GUMMIES - CHEW & CHILL","min_price":30.75951793876426,"max_price":38.14614733809945,"avg_price":34.152761568644785,"std_dev":1.2184998596451158,"store_count":12,"price_range":7.386629399335187,"range_pct":21.6},{"product":"SOUR APPLE HYBRID LIVE RESIN GUMMIES - CHEW & CHILL","min_price":30.905784408399164,"max_price":37.90247950060614,"avg_price":33.27498012410074,"std_dev":1.0444940332229644,"store_count":12,"price_range":6.996695092206977,"range_pct":21.0},{"product":"PINK LEMONADE SATIVA LIVE RESIN GUMMIES - CHEW & CHILL","min_price":30.264613961155582,"max_price":37.08707154252147,"avg_price":33.41292470250926,"std_dev":1.1101459903072164,"store_count":12,"price_range":6.822457581365886,"range_pct":20.4},{"product":"TIGERS BLOOD FAST ACTING GUMMIES - CHEW & CHILL","min_price":25.416666666666664,"max_price":30.76923076923077,"avg_price":26.426814357133452,"std_dev":0.7702030842979147,"store_count":14,"price_range":5.352564102564106,"range_pct":20.3},{"product":"2:1:1:1 THC/CBN/CBG/CBD LAVENDER ELDERBERRY INDICA LIVE RESIN SUGAR FREE GUMMIES - CHEW & CHILL","min_price":25.0,"max_price":30.0,"avg_price":26.61203565022698,"std_dev":0.7011976992031664,"store_count":12,"price_range":5.0,"range_pct":18.8},{"product":"2:2:1 THC/CBG/CBD SOUR GRAPE INDICA LIVE RESIN GUMMIES - CHEW & CHILL","min_price":34.43765760977057,"max_price":41.340847821302816,"avg_price":38.436697661115325,"std_dev":1.1658658679711182,"store_count":12,"price_range":6.903190211532251,"range_pct":18.0},{"product":"2:1:1:1 THC/CBN/CBG/CBD LAVENDER ELDERBERRY INDICA LIVE RESIN GUMMIES - CHEW & CHILL","min_price":28.009794937302527,"max_price":33.189309772692226,"avg_price":30.712844029346222,"std_dev":0.7083456171429293,"store_count":14,"price_range":5.1795148353897025,"range_pct":16.9},{"product":"PEACH JASMINE HYBRID LIVE RESIN GUMMIES - CHEW & CHILL","min_price":30.278863965850515,"max_price":35.743850627273474,"avg_price":32.71969038386288,"std_dev":0.8330873021288817,"store_count":14,"price_range":5.464986661422961,"range_pct":16.7},{"product":"STRAWBERRY WATERMELON GUMMIES - CHEW & CHILL","min_price":38.46730745755709,"max_price":45.0,"avg_price":41.73365372877854,"std_dev":1.847724478467268,"store_count":4,"price_range":6.532692542442908,"range_pct":15.7},{"product":"2:1:1 THC/CBG/CBD SOUR GRAPE INDICA LIVE RESIN GUMMIES - CHEW & CHILL","min_price":37.97118623377913,"max_price":44.348914104959235,"avg_price":41.413436053088304,"std_dev":1.2875692707057738,"store_count":6,"price_range":6.377727871180108,"range_pct":15.4},{"product":"BLACK CHERRY INDICA LIVE RESIN SUGAR FREE GUMMIES - CHEW & CHILL","min_price":25.95422449246259,"max_price":30.0,"avg_price":27.386950974061,"std_dev":0.6263431241864528,"store_count":10,"price_range":4.04577550753741,"range_pct":14.8},{"product":"2:2:1 THC/CBG/CBD LAVENDER ELDERBERRY INDICA LIVE RESIN GUMMIES - CHEW & CHILL","min_price":34.25240541115785,"max_price":39.04444530756787,"avg_price":36.94882595897775,"std_dev":0.7043137988257181,"store_count":12,"price_range":4.792039896410016,"range_pct":13.0},{"product":"2:1 THC/CBD COTTON CANDY LIVE RESIN SATIVA GUMMIES - CHEW & CHILL","min_price":30.634614713899385,"max_price":34.77399378014891,"avg_price":32.62246204238358,"std_dev":0.6910921948558122,"store_count":12,"price_range":4.139379066249527,"range_pct":12.7},{"product":"PEACH JASMINE HYBRID NANO GUMMIES - CHEW & CHILL","min_price":35.721430097307476,"max_price":40.0,"avg_price":37.56149110339937,"std_dev":0.8804676040647809,"store_count":6,"price_range":4.278569902692522,"range_pct":11.4},{"product":"2:1 THC/CBN BLUE RAZZBERRY INDICA LIVE RESIN GUMMIES - CHEW & CHILL","min_price":30.633972917377218,"max_price":32.71618892553667,"avg_price":31.83571272446438,"std_dev":0.32523892246977554,"store_count":12,"price_range":2.0822160081594543,"range_pct":6.5},{"product":"TIGERS BLOOD INDICA LIVE RESIN SUGAR FREE GUMMIES - CHEW & CHILL","min_price":25.0,"max_price":26.666666666666664,"avg_price":25.46376811594203,"std_dev":0.29173304672663425,"store_count":10,"price_range":1.6666666666666652,"range_pct":6.5}],"promotional_effectiveness":{"lift":{"fp_units_per_day":42.56,"disc_units_per_day":137.3,"lift_pct":222.6,"fp_avg_revenue_per_unit":49.925,"disc_avg_revenue_per_unit":26.475},"by_deal":[{"deal_name":"Stock & Save - Edibles 5 for $50","uses":4287,"revenue":524276.2250113487,"discounts":521521.2750005722,"units":41904.0,"cost":289687.5,"margin":44.7,"discount_depth":99.8},{"deal_name":"Chew & Chill - Buy 1 Get 1","uses":2105,"revenue":190383.77645850182,"discounts":188204.97318983078,"units":15199.0,"cost":151990.0,"margin":20.2,"discount_depth":99.4},{"deal_name":"Industry - 30% Off","uses":779,"revenue":35833.00003409386,"discounts":15659.499986171722,"units":2066.0,"cost":18110.0,"margin":49.5,"discount_depth":60.8},{"deal_name":"Senior - 10% Off","uses":367,"revenue":27720.012533664703,"discounts":3354.9874970316887,"units":1247.0,"cost":11228.75,"margin":59.5,"discount_depth":21.6},{"deal_name":"4/20 50% Off!!!!","uses":202,"revenue":9843.75,"discounts":9806.25,"units":788.0,"cost":7880.0,"margin":19.9,"discount_depth":99.8},{"deal_name":"GW - 50% Off Edibles","uses":184,"revenue":9125.0,"discounts":9125.0,"units":730.0,"cost":4562.5,"margin":50.0,"discount_depth":100.0},{"deal_name":"30% Off Special","uses":177,"revenue":6392.7500677108765,"discounts":2759.750019311905,"units":392.0,"cost":3395.0,"margin":46.9,"discount_depth":60.4},{"deal_name":"4/20 2025 - Edibles","uses":148,"revenue":8070.0,"discounts":7955.0,"units":641.0,"cost":4006.25,"margin":50.4,"discount_depth":99.2},{"deal_name":"Veterans - 10% Off","uses":92,"revenue":7278.887505531311,"discounts":829.8624989390373,"units":325.0,"cost":2912.5,"margin":60.0,"discount_depth":20.4},{"deal_name":"Senior / Veterans - 20% Off","uses":88,"revenue":6516.324999332428,"discounts":1706.1750000715256,"units":329.0,"cost":2911.25,"margin":55.3,"discount_depth":41.6},{"deal_name":"Chew & Chill - 2 for $20","uses":66,"revenue":4300.0,"discounts":4300.0,"units":344.0,"cost":2150.0,"margin":50.0,"discount_depth":100.0},{"deal_name":"Chew & Chill - Buy 1 Get 1  CC","uses":59,"revenue":3659.237506389618,"discounts":3490.762469768524,"units":288.0,"cost":2880.0,"margin":21.3,"discount_depth":97.6},{"deal_name":"Jackpot - Locals 30% Off","uses":42,"revenue":2234.7500038146973,"discounts":957.7500009536743,"units":128.0,"cost":1182.5,"margin":47.1,"discount_depth":60.0},{"deal_name":"Chew + Chill Valentines","uses":32,"revenue":3449.200015068054,"discounts":3395.799970626831,"units":274.0,"cost":2740.0,"margin":20.6,"discount_depth":99.2},{"deal_name":"Chew & Chill - Buy 1 Get 1 Cotton Candy Free","uses":23,"revenue":1513.212502002716,"discounts":1436.7874932289124,"units":118.0,"cost":1180.0,"margin":22.0,"discount_depth":97.4},{"deal_name":"Industry 30% Off","uses":17,"revenue":595.0,"discounts":330.0,"units":37.0,"cost":231.25,"margin":61.1,"discount_depth":71.4},{"deal_name":"LVAC - 25% Off","uses":9,"revenue":337.5,"discounts":162.5,"units":20.0,"cost":140.0,"margin":58.5,"discount_depth":65.0},{"deal_name":"Employee - 40% OFF","uses":7,"revenue":270.0,"discounts":180.0,"units":18.0,"cost":120.0,"margin":55.6,"discount_depth":80.0},{"deal_name":"Employee 30% - NOT FRIDAYS","uses":3,"revenue":210.0,"discounts":90.0,"units":12.0,"cost":75.0,"margin":64.3,"discount_depth":60.0},{"deal_name":"Medical - 10%","uses":2,"revenue":105.0,"discounts":45.0,"units":6.0,"cost":37.5,"margin":64.3,"discount_depth":60.0}]},"growth_opportunities":[{"type":"sku_expansion","title":"Add '2:1 THC/CBD COTTON CANDY LIVE RESIN SATIVA GUMMIES - CHEW & CHILL' to 1 more store(s)","detail":"Carried in 6 stores. Missing from: Elevation Downtown","priority":"medium"},{"type":"sku_expansion","title":"Add '2:1 THC/CBN BLUE RAZZBERRY INDICA LIVE RESIN GUMMIES - CHEW & CHILL' to 1 more store(s)","detail":"Carried in 6 stores. Missing from: Elevation Downtown","priority":"medium"},{"type":"sku_expansion","title":"Add '2:1:1 THC/CBG/CBD SOUR GRAPE INDICA LIVE RESIN GUMMIES - CHEW & CHILL' to 4 more store(s)","detail":"Carried in 3 stores. Missing from: Elevation Oasis, Elevation Downtown, Elevation Midtown, Elevation Parkway","priority":"medium"},{"type":"sku_expansion","title":"Add '2:1:1:1 THC/CBN/CBD/CBG SOUR GRAPE INDICA LIVE RESIN GUMMIES - CHEW & CHILL' to 1 more store(s)","detail":"Carried in 6 stores. Missing from: Elevation Downtown","priority":"medium"},{"type":"sku_expansion","title":"Add '2:1:1:1 THC/CBN/CBD/CBG SOUR GRAPE INDICA LIVE RESIN SUGAR FREE GUMMIES - CHEW & CHILL' to 2 more store(s)","detail":"Carried in 5 stores. Missing from: Elevation Springs, Elevation Downtown","priority":"medium"},{"type":"velocity","title":"Improve velocity in nan","detail":"Velocity index 0 (below category average). 0.0 units/day vs 0.0 avg.","priority":"medium"}],"trend":[{"period":"2024-01","revenue":48514.1015625,"cost":25480.0,"margin":47.5,"units":2548,"transactions":1410,"profit":23034.09912109375,"revenue_change_pct":null,"units_change_pct":null,"margin_change_pts":null},{"period":"2024-02","revenue":108909.12109375,"cost":58580.0,"margin":46.2,"units":5858,"transactions":3148,"profit":50329.1259765625,"revenue_change_pct":124.5,"units_change_pct":129.9,"margin_change_pts":-1.3},{"period":"2024-03","revenue":113139.677734375,"cost":61220.0,"margin":45.9,"units":6122,"transactions":3252,"profit":51919.677734375,"revenue_change_pct":3.9,"units_change_pct":4.5,"margin_change_pts":-0.3},{"period":"2024-04","revenue":119475.654296875,"cost":67980.0,"margin":43.1,"units":6798,"transactions":3460,"profit":51495.6494140625,"revenue_change_pct":5.6,"units_change_pct":11.0,"margin_change_pts":-2.8},{"period":"2024-05","revenue":125243.84765625,"cost":68180.0,"margin":45.6,"units":6818,"transactions":3544,"profit":57063.8525390625,"revenue_change_pct":4.8,"units_change_pct":0.3,"margin_change_pts":2.5},{"period":"2024-06","revenue":79506.69921875,"cost":40320.0,"margin":49.3,"units":4032,"transactions":2256,"profit":39186.69921875,"revenue_change_pct":-36.5,"units_change_pct":-40.9,"margin_change_pts":3.7},{"period":"2024-07","revenue":96929.970703125,"cost":50900.0,"margin":47.5,"units":5090,"transactions":2944,"profit":46029.9755859375,"revenue_change_pct":21.9,"units_change_pct":26.2,"margin_change_pts":-1.8},{"period":"2024-08","revenue":76802.6513671875,"cost":35200.0,"margin":54.2,"units":3520,"transactions":2238,"profit":41602.6513671875,"revenue_change_pct":-20.8,"units_change_pct":-30.8,"margin_change_pts":6.7},{"period":"2024-09","revenue":119357.470703125,"cost":82747.5,"margin":30.7,"units":8610,"transactions":2428,"profit":36609.9755859375,"revenue_change_pct":55.4,"units_change_pct":144.6,"margin_change_pts":-23.5},{"period":"2024-10","revenue":101907.353515625,"cost":49372.5,"margin":51.6,"units":7356,"transactions":1980,"profit":52534.8486328125,"revenue_change_pct":-14.6,"units_change_pct":-14.6,"margin_change_pts":20.9},{"period":"2024-11","revenue":94153.251953125,"cost":43650.0,"margin":53.6,"units":6984,"transactions":1942,"profit":50503.251953125,"revenue_change_pct":-7.6,"units_change_pct":-5.1,"margin_change_pts":2.1},{"period":"2024-12","revenue":81036.25,"cost":38667.5,"margin":52.3,"units":6014,"transactions":1730,"profit":42368.75,"revenue_change_pct":-13.9,"units_change_pct":-13.9,"margin_change_pts":-1.4},{"period":"2025-01","revenue":95537.0703125,"cost":44000.0,"margin":53.9,"units":7040,"transactions":1960,"profit":51537.0751953125,"revenue_change_pct":17.9,"units_change_pct":17.1,"margin_change_pts":1.7},{"period":"2025-02","revenue":42239.19921875,"cost":19262.5,"margin":54.4,"units":3082,"transactions":906,"profit":22976.69921875,"revenue_change_pct":-55.8,"units_change_pct":-56.2,"margin_change_pts":0.5},{"period":"2025-03","revenue":50966.4990234375,"cost":23570.0,"margin":53.8,"units":3770,"transactions":1340,"profit":27396.4990234375,"revenue_change_pct":20.7,"units_change_pct":22.3,"margin_change_pts":-0.6},{"period":"2025-04","revenue":71777.6513671875,"cost":33487.5,"margin":53.3,"units":5358,"transactions":1690,"profit":38290.14892578125,"revenue_change_pct":40.8,"units_change_pct":42.1,"margin_change_pts":-0.4},{"period":"2025-05","revenue":33800.0,"cost":15200.0,"margin":55.0,"units":2432,"transactions":854,"profit":18600.0,"revenue_change_pct":-52.9,"units_change_pct":-54.6,"margin_change_pts":1.7},{"period":"2025-06","revenue":6663.75,"cost":3225.0,"margin":51.6,"units":516,"transactions":200,"profit":3438.75,"revenue_change_pct":-80.3,"units_change_pct":-78.8,"margin_change_pts":-3.4}]}