{"brand":"CHEW & CHILL","date_range":"2024-01-01 00:00:00 to 2026-01-31 00:00:00","period_label":"All Time","summary":{"total_units":91948,"total_revenue":1465960.15625,"total_cost":761042.5,"total_discounts":827027.265625,"total_profit":704917.734375,"overall_margin":48.099998474121094,"fp_margin":61.900001525878906,"disc_margin":40.29999923706055,"pct_full_price":36.20000076293945,"avg_discount_rate":36.099998474121094,"fp_revenue":530042.5,"disc_revenue":935917.734375,"unique_customers":27466,"brand":"CHEW & CHILL","date_range":"2024-01-01 00:00:00 to 2026-01-31 00:00:00","months_count":36,"avg_monthly_cost":42280.15,"cost_per_unit":16.55,"primary_category":"EDIBLE","primary_cat_margin":50.0,"category_rank":8,"category_total":32,"margin_vs_category":-1.899999976158142,"velocity_rank":7},"category_breakdown":[{"category_clean":"EDIBLE","units":91932,"revenue":1465650.15625,"cost":760942.5,"profit":704707.734375,"discounts":826937.265625,"margin":48.099998474121094,"category_avg_margin":50.0,"vs_category":-1.9,"rank":8.0,"total_brands":32.0}],"trend":[{"period":"2024-01","revenue":48514.1015625,"cost":25480.0,"margin":47.5,"units":2548,"transactions":1410,"profit":23034.09912109375,"revenue_change_pct":null,"units_change_pct":null,"margin_change_pts":null},{"period":"2024-02","revenue":108909.12109375,"cost":58580.0,"margin":46.2,"units":5858,"transactions":3148,"profit":50329.1259765625,"revenue_change_pct":124.5,"units_change_pct":129.9,"margin_change_pts":-1.3},{"period":"2024-03","revenue":113139.677734375,"cost":61220.0,"margin":45.9,"units":6122,"transactions":3252,"profit":51919.677734375,"revenue_change_pct":3.9,"units_change_pct":4.5,"margin_change_pts":-0.3},{"period":"2024-04","revenue":119475.654296875,"cost":67980.0,"margin":43.1,"units":6798,"transactions":3460,"profit":51495.6494140625,"revenue_change_pct":5.6,"units_change_pct":11.0,"margin_change_pts":-2.8},{"period":"2024-05","revenue":125243.84765625,"cost":68180.0,"margin":45.6,"units":6818,"transactions":3544,"profit":57063.8525390625,"revenue_change_pct":4.8,"units_change_pct":0.3,"margin_change_pts":2.5},{"period":"2024-06","revenue":79506.69921875,"cost":40320.0,"margin":49.3,"units":4032,"transactions":2256,"profit":39186.69921875,"revenue_change_pct":-36.5,"units_change_pct":-40.9,"margin_change_pts":3.7},{"period":"2024-07","revenue":96929.970703125,"cost":50900.0,"margin":47.5,"units":5090,"transactions":2944,"profit":46029.9755859375,"revenue_change_pct":21.9,"units_change_pct":26.2,"margin_change_pts":-1.8},{"period":"2024-08","revenue":76802.6513671875,"cost":35200.0,"margin":54.2,"units":3520,"transactions":2238,"profit":41602.6513671875,"revenue_change_pct":-20.8,"units_change_pct":-30.8,"margin_change_pts":6.7},{"period":"2024-09","revenue":119357.470703125,"cost":82747.5,"margin":30.7,"units":8610,"transactions":2428,"profit":36609.9755859375,"revenue_change_pct":55.4,"units_change_pct":144.6,"margin_change_pts":-23.5},{"period":"2024-10","revenue":101907.353515625,"cost":49372.5,"margin":51.6,"units":7356,"transactions":1980,"profit":52534.8486328125,"revenue_change_pct":-14.6,"units_change_pct":-14.6,"margin_change_pts":20.9},{"period":"2024-11","revenue":94153.251953125,"cost":43650.0,"margin":53.6,"units":6984,"transactions":1942,"profit":50503.251953125,"revenue_change_pct":-7.6,"units_change_pct":-5.1,"margin_change_pts":2.1},{"period":"2024-12","revenue":81036.25,"cost":38667.5,"margin":52.3,"units":6014,"transactions":1730,"profit":42368.75,"revenue_change_pct":-13.9,"units_change_pct":-13.9,"margin_change_pts":-1.4},{"period":"2025-01","revenue":95537.0703125,"cost":44000.0,"margin":53.9,"units":7040,"transactions":1960,"profit":51537.0751953125,"revenue_change_pct":17.9,"units_change_pct":17.1,"margin_change_pts":1.7},{"period":"2025-02","revenue":42239.19921875,"cost":19262.5,"margin":54.4,"units":3082,"transactions":906,"profit":22976.69921875,"revenue_change_pct":-55.8,"units_change_pct":-56.2,"margin_change_pts":0.5},{"period":"2025-03","revenue":50966.4990234375,"cost":23570.0,"margin":53.8,"units":3770,"transactions":1340,"profit":27396.4990234375,"revenue_change_pct":20.7,"units_change_pct":22.3,"margin_change_pts":-0.6},{"period":"2025-04","revenue":71777.6513671875,"cost":33487.5,"margin":53.3,"units":5358,"transactions":1690,"profit":38290.14892578125,"revenue_change_pct":40.8,"units_change_pct":42.1,"margin_change_pts":-0.4},{"period":"2025-05","revenue":33800.0,"cost":15200.0,"margin":55.0,"units":2432,"transactions":854,"profit":18600.0,"revenue_change_pct":-52.9,"units_change_pct":-54.6,"margin_change_pts":1.7},{"period":"2025-06","revenue":6663.75,"cost":3225.0,"margin":51.6,"units":516,"transactions":200,"profit":3438.75,"revenue_change_pct":-80.3,"units_change_pct":-78.8,"margin_change_pts":-3.4}],"share_of_category":[{"category":"EDIBLE","brand_revenue":1465650.15625,"category_revenue":29378492.5,"revenue_share_pct":5.0,"brand_units":91932,"category_units":1706530,"units_share_pct":5.4},{"category":0.0,"brand_revenue":0.0,"category_revenue":0.0,"revenue_share_pct":0.0,"brand_units":0,"category_units":0,"units_share_pct":0.0}],"share_of_category_trend":{"EDIBLE":[{"period":"2024-01","brand_revenue":48514.1015625,"category_revenue":1115754.921875,"share_pct":4.300000190734863},{"period":"2024-02","brand_revenue":108909.12109375,"category_revenue":1235210.0,"share_pct":8.800000190734863},{"period":"2024-03","brand_revenue":113139.677734375,"category_revenue":1273343.671875,"share_pct":8.899999618530273},{"period":"2024-04","brand_revenue":119475.654296875,"category_revenue":1298159.0625,"share_pct":9.199999809265137},{"period":"2024-05","brand_revenue":125243.84765625,"category_revenue":1215880.78125,"share_pct":10.300000190734863},{"period":"2024-06","brand_revenue":79506.69921875,"category_revenue":1181362.421875,"share_pct":6.699999809265137},{"period":"2024-07","brand_revenue":96929.970703125,"category_revenue":1128302.8125,"share_pct":8.600000381469727},{"period":"2024-08","brand_revenue":76802.6513671875,"category_revenue":1167724.921875,"share_pct":6.599999904632568},{"period":"2024-09","brand_revenue":119357.470703125,"category_revenue":1114619.53125,"share_pct":10.699999809265137},{"period":"2024-10","brand_revenue":101907.353515625,"category_revenue":1205149.0625,"share_pct":8.5},{"period":"2024-11","brand_revenue":94153.251953125,"category_revenue":1236132.421875,"share_pct":7.599999904632568},{"period":"2024-12","brand_revenue":81036.25,"category_revenue":1207318.046875,"share_pct":6.699999809265137},{"period":"2025-01","brand_revenue":95537.0703125,"category_revenue":1176202.578125,"share_pct":8.100000381469727},{"period":"2025-02","brand_revenue":42239.19921875,"category_revenue":1097683.359375,"share_pct":3.799999952316284},{"period":"2025-03","brand_revenue":50966.4990234375,"category_revenue":1228067.265625,"share_pct":4.199999809265137},{"period":"2025-04","brand_revenue":71467.6513671875,"category_revenue":1290106.171875,"share_pct":5.5},{"period":"2025-05","brand_revenue":33800.0,"category_revenue":1191670.3125,"share_pct":2.799999952316284},{"period":"2025-06","brand_revenue":6663.75,"category_revenue":1110702.109375,"share_pct":0.6000000238418579},{"period":"2025-07","brand_revenue":0.0,"category_revenue":1096938.125,"share_pct":0.0},{"period":"2025-08","brand_revenue":0.0,"category_revenue":1145920.859375,"share_pct":0.0},{"period":"2025-09","brand_revenue":0.0,"category_revenue":1070074.53125,"share_pct":0.0},{"period":"2025-10","brand_revenue":0.0,"category_revenue":1168865.78125,"share_pct":0.0},{"period":"2025-11","brand_revenue":0.0,"category_revenue":1192334.453125,"share_pct":0.0},{"period":"2025-12","brand_revenue":0.0,"category_revenue":1138094.375,"share_pct":0.0},{"period":"2026-01","brand_revenue":0.0,"category_revenue":1092874.21875,"share_pct":0.0}]},"discount_depth":[{"tier":"0% (Full Price)","transactions":19646,"pct_of_transactions":31.8,"revenue":530042.5,"avg_discount":0.0},{"tier":"1-10%","transactions":1844,"pct_of_transactions":3.0,"revenue":56887.0263671875,"avg_discount":20.0},{"tier":"11-20%","transactions":540,"pct_of_transactions":0.9,"revenue":15359.07470703125,"avg_discount":38.79999923706055},{"tier":"21-30%","transactions":426,"pct_of_transactions":0.7,"revenue":11539.376220703125,"avg_discount":52.79999923706055},{"tier":"31%+","transactions":36120,"pct_of_transactions":58.4,"revenue":785987.5,"avg_discount":100.0}],"velocity":{"units_per_day":175.8,"revenue_per_day":2802.974853515625,"avg_units_per_txn":4.94,"days_of_data":523,"total_units":91948,"total_transactions":37282},"velocity_by_category":[{"category":"EDIBLE","brand_units_per_day":120.64,"category_avg_units_per_day":69.98,"velocity_index":172.4,"brand_rev_per_unit":12.75,"category_rev_per_unit":13.77,"brands_in_category":32},{"category":0.0,"brand_units_per_day":0.0,"category_avg_units_per_day":0,"velocity_index":0,"brand_rev_per_unit":0.0,"category_rev_per_unit":0.0,"brands_in_category":0}],"deals":[{"deal_name":"Stock & Save - Edibles 5 for $50","times_used":8574,"units":41904.0,"revenue":524276.2250113487,"discounts":521521.2750005722,"cost":289687.5,"profit":234588.7250035815,"pre_discount_revenue":1045797.5,"margin":44.7,"avg_discount":99.8},{"deal_name":"Chew & Chill - Buy 1 Get 1","times_used":4210,"units":15199.0,"revenue":190383.77645850182,"discounts":188204.97318983078,"cost":151990.0,"profit":38393.77655061893,"pre_discount_revenue":378588.75,"margin":20.2,"avg_discount":99.4},{"deal_name":"Industry - 30% Off","times_used":1558,"units":2066.0,"revenue":35833.00003409386,"discounts":15659.499986171722,"cost":18110.0,"profit":17723.000015318394,"pre_discount_revenue":51492.5,"margin":49.5,"avg_discount":60.8},{"deal_name":"Senior - 10% Off","times_used":734,"units":1247.0,"revenue":27720.012533664703,"discounts":3354.9874970316887,"cost":11228.75,"profit":16491.26253336668,"pre_discount_revenue":31075.0,"margin":59.5,"avg_discount":21.6},{"deal_name":"4/20 50% Off!!!!","times_used":404,"units":788.0,"revenue":9843.75,"discounts":9806.25,"cost":7880.0,"profit":1963.75,"pre_discount_revenue":19650.0,"margin":19.9,"avg_discount":99.8},{"deal_name":"GW - 50% Off Edibles","times_used":368,"units":730.0,"revenue":9125.0,"discounts":9125.0,"cost":4562.5,"profit":4562.5,"pre_discount_revenue":18250.0,"margin":50.0,"avg_discount":100.0},{"deal_name":"30% Off Special","times_used":354,"units":392.0,"revenue":6392.7500677108765,"discounts":2759.750019311905,"cost":3395.0,"profit":2997.749983072281,"pre_discount_revenue":9152.5,"margin":46.9,"avg_discount":60.4},{"deal_name":"4/20 2025 - Edibles","times_used":296,"units":641.0,"revenue":8070.0,"discounts":7955.0,"cost":4006.25,"profit":4063.75,"pre_discount_revenue":16025.0,"margin":50.4,"avg_discount":99.2},{"deal_name":"Veterans - 10% Off","times_used":184,"units":325.0,"revenue":7278.887505531311,"discounts":829.8624989390373,"cost":2912.5,"profit":4366.387504339218,"pre_discount_revenue":8108.75,"margin":60.0,"avg_discount":20.4},{"deal_name":"Senior / Veterans - 20% Off","times_used":176,"units":329.0,"revenue":6516.324999332428,"discounts":1706.1750000715256,"cost":2911.25,"profit":3605.074999332428,"pre_discount_revenue":8222.5,"margin":55.3,"avg_discount":41.6},{"deal_name":"Chew & Chill - 2 for $20","times_used":132,"units":344.0,"revenue":4300.0,"discounts":4300.0,"cost":2150.0,"profit":2150.0,"pre_discount_revenue":8600.0,"margin":50.0,"avg_discount":100.0},{"deal_name":"Chew & Chill - Buy 1 Get 1  CC","times_used":118,"units":288.0,"revenue":3659.237506389618,"discounts":3490.762469768524,"cost":2880.0,"profit":779.237531721592,"pre_discount_revenue":7150.0,"margin":21.3,"avg_discount":97.6},{"deal_name":"Jackpot - Locals 30% Off","times_used":84,"units":128.0,"revenue":2234.7500038146973,"discounts":957.7500009536743,"cost":1182.5,"profit":1052.2499990463257,"pre_discount_revenue":3192.5,"margin":47.1,"avg_discount":60.0},{"deal_name":"Chew + Chill Valentines","times_used":64,"units":274.0,"revenue":3449.200015068054,"discounts":3395.799970626831,"cost":2740.0,"profit":709.2000180482864,"pre_discount_revenue":6845.0,"margin":20.6,"avg_discount":99.2},{"deal_name":"Chew & Chill - Buy 1 Get 1 Cotton Candy Free","times_used":46,"units":118.0,"revenue":1513.212502002716,"discounts":1436.7874932289124,"cost":1180.0,"profit":333.21250895038247,"pre_discount_revenue":2950.0,"margin":22.0,"avg_discount":97.4},{"deal_name":"Industry 30% Off","times_used":34,"units":37.0,"revenue":595.0,"discounts":330.0,"cost":231.25,"profit":363.75,"pre_discount_revenue":925.0,"margin":61.1,"avg_discount":71.4},{"deal_name":"LVAC - 25% Off","times_used":18,"units":20.0,"revenue":337.5,"discounts":162.5,"cost":140.0,"profit":197.5,"pre_discount_revenue":500.0,"margin":58.5,"avg_discount":65.0},{"deal_name":"Employee - 40% OFF","times_used":14,"units":18.0,"revenue":270.0,"discounts":180.0,"cost":120.0,"profit":150.0,"pre_discount_revenue":450.0,"margin":55.6,"avg_discount":80.0},{"deal_name":"Employee 30% - NOT FRIDAYS","times_used":6,"units":12.0,"revenue":210.0,"discounts":90.0,"cost":75.0,"profit":135.0,"pre_discount_revenue":300.0,"margin":64.3,"avg_discount":60.0},{"deal_name":"Medical - 10%","times_used":4,"units":6.0,"revenue":105.0,"discounts":45.0,"cost":37.5,"profit":67.5,"pre_discount_revenue":150.0,"margin":64.3,"avg_discount":60.0},{"deal_name":"Voucher - 35% Off One Item","times_used":4,"units":4.0,"revenue":65.0,"discounts":35.0,"cost":40.0,"profit":25.0,"pre_discount_revenue":100.0,"margin":38.5,"avg_discount":70.0},{"deal_name":"Veterans Day - 30% Off For Veterans!","times_used":2,"units":2.0,"revenue":35.0,"discounts":15.0,"cost":12.5,"profit":22.5,"pre_discount_revenue":50.0,"margin":64.3,"avg_discount":60.0}],"top_products":[{"product":"STRAWBERRY WATERMELON SATIVA LIVE RESIN GUMMIES - CHEW & CHILL","units":10664,"revenue":173179.375,"cost":87905.0,"profit":85274.375,"transactions":7226,"margin":49.20000076293945},{"product":"BLACK CHERRY INDICA LIVE RESIN GUMMIES - CHEW & CHILL","units":8390,"revenue":137300.1953125,"cost":72830.0,"profit":64470.2001953125,"transactions":5544,"margin":47.0},{"product":"SOUR APPLE HYBRID LIVE RESIN GUMMIES - CHEW & CHILL","units":8152,"revenue":133506.5234375,"cost":66595.0,"profit":66911.5234375,"transactions":6068,"margin":50.099998474121094},{"product":"PINK LEMONADE SATIVA LIVE RESIN GUMMIES - CHEW & CHILL","units":8126,"revenue":132430.126953125,"cost":68195.0,"profit":64235.126953125,"transactions":5682,"margin":48.5},{"product":"MANGO TANGO SATIVA LIVE RESIN GUMMIES - CHEW & CHILL","units":7474,"revenue":125825.400390625,"cost":63970.0,"profit":61855.400390625,"transactions":5378,"margin":49.20000076293945},{"product":"2:1:1:1 THC/CBN/CBG/CBD LAVENDER ELDERBERRY INDICA LIVE RESIN GUMMIES - CHEW & CHILL","units":7694,"revenue":118802.802734375,"cost":62690.0,"profit":56112.7978515625,"transactions":4242,"margin":47.20000076293945},{"product":"PEACH JASMINE HYBRID LIVE RESIN GUMMIES - CHEW & CHILL","units":6580,"revenue":105753.095703125,"cost":53965.0,"profit":51788.1005859375,"transactions":4850,"margin":49.0},{"product":"2:1:1:1 THC/CBN/CBD/CBG SOUR GRAPE INDICA LIVE RESIN GUMMIES - CHEW & CHILL","units":6440,"revenue":101976.171875,"cost":53022.5,"profit":48953.6767578125,"transactions":3926,"margin":48.0},{"product":"2:1 THC/CBN BLUE RAZZBERRY INDICA LIVE RESIN GUMMIES - CHEW & CHILL","units":6316,"revenue":100476.15234375,"cost":57752.5,"profit":42723.65234375,"transactions":3714,"margin":42.5},{"product":"TIGER BLOOD FAST ACTING GUMMIES - CHEW & CHILL","units":5356,"revenue":82428.798828125,"cost":42340.0,"profit":40088.80126953125,"transactions":3978,"margin":48.599998474121094},{"product":"2:1 THC/CBD COTTON CANDY LIVE RESIN SATIVA GUMMIES - CHEW & CHILL","units":3394,"revenue":55815.5517578125,"cost":33940.0,"profit":21875.54931640625,"transactions":2278,"margin":39.20000076293945},{"product":"SOUR BLUE RAZZBERRY INDICA LIVE RESIN GUMMIES - CHEW & CHILL","units":3562,"revenue":49907.900390625,"cost":24902.5,"profit":25005.400390625,"transactions":2366,"margin":50.099998474121094},{"product":"2:2:1 THC/CBG/CBD LAVENDER ELDERBERRY INDICA LIVE RESIN GUMMIES - CHEW & CHILL","units":1640,"revenue":30281.650390625,"cost":16400.0,"profit":13881.650390625,"transactions":1054,"margin":45.79999923706055},{"product":"2:2:1 THC/CBG/CBD SOUR GRAPE INDICA LIVE RESIN GUMMIES - CHEW & CHILL","units":940,"revenue":18039.7998046875,"cost":9400.0,"profit":8639.7998046875,"transactions":658,"margin":47.900001525878906},{"product":"TIGERS BLOOD FAST ACTING GUMMIES - CHEW & CHILL","units":866,"revenue":11247.550048828125,"cost":5420.0,"profit":5827.550048828125,"transactions":650,"margin":51.79999923706055},{"product":"2:1:1:1 THC/CBN/CBD/CBG SOUR GRAPE INDICA LIVE RESIN SUGAR FREE GUMMIES - CHEW & CHILL","units":806,"revenue":10910.799560546875,"cost":5037.5,"profit":5873.3001708984375,"transactions":390,"margin":53.79999923706055},{"product":"BLACK CHERRY INDICA LIVE RESIN SUGAR FREE GUMMIES - CHEW & CHILL","units":770,"revenue":10342.850341796875,"cost":4812.5,"profit":5530.3497314453125,"transactions":536,"margin":53.5},{"product":"PINK LEMONADE SATIVA LIVE RESIN SUGAR FREE GUMMIES - CHEW & CHILL","units":736,"revenue":10196.35009765625,"cost":4600.0,"profit":5596.35009765625,"transactions":510,"margin":54.900001525878906},{"product":"PEACH JASMINE HYBRID LIVE RESIN SUGAR FREE GUMMIES - CHEW & CHILL","units":730,"revenue":9721.124877929688,"cost":4562.5,"profit":5158.6248779296875,"transactions":564,"margin":53.099998474121094},{"product":"STRAWBERRY WATERMELON SATIVA LIVE RESIN SUGAR FREE GUMMIES - CHEW & CHILL","units":726,"revenue":9622.324829101562,"cost":4537.5,"profit":5084.8248291015625,"transactions":460,"margin":52.79999923706055},{"product":"2:1:1:1 THC/CBN/CBG/CBD LAVENDER ELDERBERRY INDICA LIVE RESIN SUGAR FREE GUMMIES - CHEW & CHILL","units":722,"revenue":9428.64990234375,"cost":4512.5,"profit":4916.14990234375,"transactions":378,"margin":52.099998474121094},{"product":"MANGO TANGO SATIVA LIVE RESIN SUGAR FREE GUMMIES - CHEW & CHILL","units":692,"revenue":9353.125,"cost":4325.0,"profit":5028.125,"transactions":496,"margin":53.79999923706055},{"product":"2:1:1 THC/CBG/CBD SOUR GRAPE INDICA LIVE RESIN GUMMIES - CHEW & CHILL","units":428,"revenue":8560.800170898438,"cost":4280.0,"profit":4280.8001708984375,"transactions":336,"margin":50.0},{"product":"SOUR BLUE RAZZBERRY INDICA LIVE RESIN SUGAR FREE GUMMIES - CHEW & CHILL","units":466,"revenue":6508.22509765625,"cost":2912.5,"profit":3595.72509765625,"transactions":336,"margin":55.20000076293945},{"product":"TIGERS BLOOD INDICA LIVE RESIN SUGAR FREE GUMMIES - CHEW & CHILL","units":126,"revenue":1610.0,"cost":787.5,"profit":822.5,"transactions":100,"margin":51.099998474121094}],"products_by_store":{"Elevation Springs":[{"product":"STRAWBERRY WATERMELON SATIVA LIVE RESIN GUMMIES - CHEW & CHILL","units":2064,"revenue":34621.17431640625,"cost":16980.0,"profit":17641.175537109375,"transactions":1418,"margin":51.0},{"product":"BLACK CHERRY INDICA LIVE RESIN GUMMIES - CHEW & CHILL","units":2004,"revenue":32038.1494140625,"cost":16275.0,"profit":15763.150634765625,"transactions":1392,"margin":49.20000076293945},{"product":"PINK LEMONADE SATIVA LIVE RESIN GUMMIES - CHEW & CHILL","units":1490,"revenue":23299.05029296875,"cost":12020.0,"profit":11279.05029296875,"transactions":1060,"margin":48.400001525878906},{"product":"MANGO TANGO SATIVA LIVE RESIN GUMMIES - CHEW & CHILL","units":1416,"revenue":22235.70068359375,"cost":11452.5,"profit":10783.199462890625,"transactions":996,"margin":48.5},{"product":"2:1:1:1 THC/CBN/CBD/CBG SOUR GRAPE INDICA LIVE RESIN GUMMIES - CHEW & CHILL","units":1480,"revenue":21904.45068359375,"cost":11462.5,"profit":10441.949462890625,"transactions":948,"margin":47.70000076293945},{"product":"SOUR APPLE HYBRID LIVE RESIN GUMMIES - CHEW & CHILL","units":1312,"revenue":21111.298828125,"cost":10442.5,"profit":10668.800048828125,"transactions":982,"margin":50.5},{"product":"PEACH JASMINE HYBRID LIVE RESIN GUMMIES - CHEW & CHILL","units":1342,"revenue":21029.951171875,"cost":10547.5,"profit":10482.449951171875,"transactions":998,"margin":49.79999923706055},{"product":"2:1:1:1 THC/CBN/CBG/CBD LAVENDER ELDERBERRY INDICA LIVE RESIN GUMMIES - CHEW & CHILL","units":1266,"revenue":17730.2001953125,"cost":8977.5,"profit":8752.7001953125,"transactions":718,"margin":49.400001525878906},{"product":"SOUR BLUE RAZZBERRY INDICA LIVE RESIN GUMMIES - CHEW & CHILL","units":1152,"revenue":15927.5244140625,"cost":7927.5,"profit":8000.0250244140625,"transactions":786,"margin":50.20000076293945},{"product":"2:1 THC/CBN BLUE RAZZBERRY INDICA LIVE RESIN GUMMIES - CHEW & CHILL","units":942,"revenue":15276.025390625,"cost":9420.0,"profit":5856.0247802734375,"transactions":558,"margin":38.29999923706055},{"product":"TIGER BLOOD FAST ACTING GUMMIES - CHEW & CHILL","units":882,"revenue":13728.00048828125,"cost":7035.0,"profit":6692.9998779296875,"transactions":660,"margin":48.79999923706055},{"product":"2:1 THC/CBD COTTON CANDY LIVE RESIN SATIVA GUMMIES - CHEW & CHILL","units":542,"revenue":9034.07470703125,"cost":5420.0,"profit":3614.0750122070312,"transactions":376,"margin":40.0},{"product":"2:2:1 THC/CBG/CBD LAVENDER ELDERBERRY INDICA LIVE RESIN GUMMIES - CHEW & CHILL","units":402,"revenue":7385.94970703125,"cost":4020.0,"profit":3365.9500122070312,"transactions":290,"margin":45.599998474121094},{"product":"2:1:1 THC/CBG/CBD SOUR GRAPE INDICA LIVE RESIN GUMMIES - CHEW & CHILL","units":146,"revenue":3060.1748657226562,"cost":1460.0,"profit":1600.1750183105469,"transactions":128,"margin":52.29999923706055},{"product":"2:2:1 THC/CBG/CBD SOUR GRAPE INDICA LIVE RESIN GUMMIES - CHEW & CHILL","units":158,"revenue":2720.574951171875,"cost":1580.0,"profit":1140.5750274658203,"transactions":100,"margin":41.900001525878906}],"Elevation Mesa":[{"product":"STRAWBERRY WATERMELON SATIVA LIVE RESIN GUMMIES - CHEW & CHILL","units":1910,"revenue":29614.72412109375,"cost":15605.0,"profit":14009.725341796875,"transactions":1338,"margin":47.29999923706055},{"product":"BLACK CHERRY INDICA LIVE RESIN GUMMIES - CHEW & CHILL","units":1748,"revenue":27979.375,"cost":15117.5,"profit":12861.875,"transactions":1102,"margin":46.0},{"product":"2:1:1:1 THC/CBN/CBG/CBD LAVENDER ELDERBERRY INDICA LIVE RESIN GUMMIES - CHEW & CHILL","units":1576,"revenue":23931.923828125,"cost":12452.5,"profit":11479.425048828125,"transactions":982,"margin":48.0},{"product":"SOUR APPLE HYBRID LIVE RESIN GUMMIES - CHEW & CHILL","units":1464,"revenue":23003.64990234375,"cost":11542.5,"profit":11461.14990234375,"transactions":1090,"margin":49.79999923706055},{"product":"PINK LEMONADE SATIVA LIVE RESIN GUMMIES - CHEW & CHILL","units":1450,"revenue":22871.875,"cost":11785.0,"profit":11086.875,"transactions":1056,"margin":48.5},{"product":"PEACH JASMINE HYBRID LIVE RESIN GUMMIES - CHEW & CHILL","units":1278,"revenue":20160.474853515625,"cost":10200.0,"profit":9960.474853515625,"transactions":936,"margin":49.400001525878906},{"product":"2:1:1:1 THC/CBN/CBD/CBG SOUR GRAPE INDICA LIVE RESIN GUMMIES - CHEW & CHILL","units":1250,"revenue":18878.5498046875,"cost":9530.0,"profit":9348.5498046875,"transactions":792,"margin":49.5},{"product":"2:1 THC/CBN BLUE RAZZBERRY INDICA LIVE RESIN GUMMIES - CHEW & CHILL","units":1118,"revenue":18288.349609375,"cost":10415.0,"profit":7873.3502197265625,"transactions":712,"margin":43.099998474121094},{"product":"MANGO TANGO SATIVA LIVE RESIN GUMMIES - CHEW & CHILL","units":1026,"revenue":16774.9755859375,"cost":8805.0,"profit":7969.9749755859375,"transactions":796,"margin":47.5},{"product":"TIGER BLOOD FAST ACTING GUMMIES - CHEW & CHILL","units":1022,"revenue":15493.125,"cost":7857.5,"profit":7635.625,"transactions":766,"margin":49.29999923706055},{"product":"2:1 THC/CBD COTTON CANDY LIVE RESIN SATIVA GUMMIES - CHEW & CHILL","units":736,"revenue":11570.94970703125,"cost":7360.0,"profit":4210.950012207031,"transactions":514,"margin":36.400001525878906},{"product":"SOUR BLUE RAZZBERRY INDICA LIVE RESIN GUMMIES - CHEW & CHILL","units":678,"revenue":9764.224853515625,"cost":4755.0,"profit":5009.224853515625,"transactions":468,"margin":51.29999923706055},{"product":"2:2:1 THC/CBG/CBD LAVENDER ELDERBERRY INDICA LIVE RESIN GUMMIES - CHEW & CHILL","units":312,"revenue":5343.375244140625,"cost":3120.0,"profit":2223.3750915527344,"transactions":198,"margin":41.599998474121094},{"product":"2:1:1 THC/CBG/CBD SOUR GRAPE INDICA LIVE RESIN GUMMIES - CHEW & CHILL","units":236,"revenue":4480.5999755859375,"cost":2360.0,"profit":2120.5999755859375,"transactions":166,"margin":47.29999923706055},{"product":"2:2:1 THC/CBG/CBD SOUR GRAPE INDICA LIVE RESIN GUMMIES - CHEW & CHILL","units":160,"revenue":2810.5499267578125,"cost":1600.0,"profit":1210.5500030517578,"transactions":104,"margin":43.099998474121094}],"Elevation Oasis":[{"product":"STRAWBERRY WATERMELON SATIVA LIVE RESIN GUMMIES - CHEW & CHILL","units":3160,"revenue":49195.0,"cost":26387.5,"profit":22807.5,"transactions":2002,"margin":46.400001525878906},{"product":"2:1:1:1 THC/CBN/CBG/CBD LAVENDER ELDERBERRY INDICA LIVE RESIN GUMMIES - CHEW & CHILL","units":3082,"revenue":48966.25,"cost":26747.5,"profit":22218.75,"transactions":1440,"margin":45.400001525878906},{"product":"PINK LEMONADE SATIVA LIVE RESIN GUMMIES - CHEW & CHILL","units":2436,"revenue":36862.2998046875,"cost":20295.0,"profit":16567.2998046875,"transactions":1496,"margin":44.900001525878906},{"product":"2:1:1:1 THC/CBN/CBD/CBG SOUR GRAPE INDICA LIVE RESIN GUMMIES - CHEW & CHILL","units":2024,"revenue":34310.54931640625,"cost":18417.5,"profit":15893.050537109375,"transactions":1074,"margin":46.29999923706055},{"product":"SOUR APPLE HYBRID LIVE RESIN GUMMIES - CHEW & CHILL","units":2152,"revenue":33254.6240234375,"cost":17515.0,"profit":15739.625244140625,"transactions":1450,"margin":47.29999923706055},{"product":"MANGO TANGO SATIVA LIVE RESIN GUMMIES - CHEW & CHILL","units":1928,"revenue":29652.17529296875,"cost":16152.5,"profit":13499.67529296875,"transactions":1214,"margin":45.5},{"product":"PEACH JASMINE HYBRID LIVE RESIN GUMMIES - CHEW & CHILL","units":1940,"revenue":29370.50048828125,"cost":15830.0,"profit":13540.50048828125,"transactions":1334,"margin":46.099998474121094},{"product":"BLACK CHERRY INDICA LIVE RESIN GUMMIES - CHEW & CHILL","units":1946,"revenue":28799.55078125,"cost":16872.5,"profit":11927.049560546875,"transactions":1114,"margin":41.400001525878906},{"product":"2:1 THC/CBN BLUE RAZZBERRY INDICA LIVE RESIN GUMMIES - CHEW & CHILL","units":1466,"revenue":22454.69970703125,"cost":12980.0,"profit":9474.700317382812,"transactions":774,"margin":42.20000076293945},{"product":"TIGER BLOOD FAST ACTING GUMMIES - CHEW & CHILL","units":1488,"revenue":21738.92578125,"cost":11542.5,"profit":10196.425170898438,"transactions":978,"margin":46.900001525878906},{"product":"2:1 THC/CBD COTTON CANDY LIVE RESIN SATIVA GUMMIES - CHEW & CHILL","units":800,"revenue":13702.62451171875,"cost":8000.0,"profit":5702.6251220703125,"transactions":466,"margin":41.599998474121094},{"product":"SOUR BLUE RAZZBERRY INDICA LIVE RESIN GUMMIES - CHEW & CHILL","units":738,"revenue":10125.0,"cost":5715.0,"profit":4410.0,"transactions":450,"margin":43.599998474121094},{"product":"2:1:1:1 THC/CBN/CBD/CBG SOUR GRAPE INDICA LIVE RESIN SUGAR FREE GUMMIES - CHEW & CHILL","units":440,"revenue":5951.4501953125,"cost":2750.0,"profit":3201.4498901367188,"transactions":182,"margin":53.79999923706055},{"product":"STRAWBERRY WATERMELON SATIVA LIVE RESIN SUGAR FREE GUMMIES - CHEW & CHILL","units":294,"revenue":3776.824951171875,"cost":1837.5,"profit":1939.324951171875,"transactions":134,"margin":51.29999923706055},{"product":"PINK LEMONADE SATIVA LIVE RESIN SUGAR FREE GUMMIES - CHEW & CHILL","units":264,"revenue":3420.0,"cost":1650.0,"profit":1770.0,"transactions":142,"margin":51.79999923706055}],"Elevation Downtown":[{"product":"STRAWBERRY WATERMELON SATIVA LIVE RESIN GUMMIES - CHEW & CHILL","units":162,"revenue":2420.0,"cost":1012.5,"profit":1407.5,"transactions":106,"margin":58.20000076293945},{"product":"2:1:1:1 THC/CBN/CBG/CBD LAVENDER ELDERBERRY INDICA LIVE RESIN GUMMIES - CHEW & CHILL","units":70,"revenue":1021.3500213623047,"cost":437.5,"profit":583.849983215332,"transactions":56,"margin":57.20000076293945},{"product":"TIGERS BLOOD FAST ACTING GUMMIES - CHEW & CHILL","units":52,"revenue":800.0,"cost":325.0,"profit":475.0,"transactions":40,"margin":59.400001525878906},{"product":"SOUR BLUE RAZZBERRY INDICA LIVE RESIN GUMMIES - CHEW & CHILL","units":58,"revenue":785.0,"cost":362.5,"profit":422.5,"transactions":48,"margin":53.79999923706055},{"product":"PEACH JASMINE HYBRID LIVE RESIN GUMMIES - CHEW & CHILL","units":42,"revenue":660.0,"cost":262.5,"profit":397.5,"transactions":32,"margin":60.20000076293945}],"Elevation Midtown":[{"product":"SOUR APPLE HYBRID LIVE RESIN GUMMIES - CHEW & CHILL","units":1108,"revenue":19207.149658203125,"cost":9685.0,"profit":9522.150268554688,"transactions":866,"margin":49.599998474121094},{"product":"2:1 THC/CBN BLUE RAZZBERRY INDICA LIVE RESIN GUMMIES - CHEW & CHILL","units":1178,"revenue":18976.800537109375,"cost":10670.0,"profit":8306.799926757812,"transactions":742,"margin":43.79999923706055},{"product":"BLACK CHERRY INDICA LIVE RESIN GUMMIES - CHEW & CHILL","units":1048,"revenue":18761.2255859375,"cost":9737.5,"profit":9023.724975585938,"transactions":726,"margin":48.099998474121094},{"product":"MANGO TANGO SATIVA LIVE RESIN GUMMIES - CHEW & CHILL","units":890,"revenue":16525.875244140625,"cost":8172.5,"profit":8353.375244140625,"transactions":688,"margin":50.5},{"product":"STRAWBERRY WATERMELON SATIVA LIVE RESIN GUMMIES - CHEW & CHILL","units":1014,"revenue":16203.44970703125,"cost":8347.5,"profit":7855.9503173828125,"transactions":674,"margin":48.5},{"product":"PINK LEMONADE SATIVA LIVE RESIN GUMMIES - CHEW & CHILL","units":782,"revenue":13468.64990234375,"cost":7092.5,"profit":6376.14990234375,"transactions":572,"margin":47.29999923706055},{"product":"TIGER BLOOD FAST ACTING GUMMIES - CHEW & CHILL","units":698,"revenue":11659.05029296875,"cost":5795.0,"profit":5864.05029296875,"transactions":564,"margin":50.29999923706055},{"product":"PEACH JASMINE HYBRID LIVE RESIN GUMMIES - CHEW & CHILL","units":552,"revenue":9318.150024414062,"cost":5145.0,"profit":4173.1500244140625,"transactions":422,"margin":44.79999923706055},{"product":"2:1:1:1 THC/CBN/CBG/CBD LAVENDER ELDERBERRY INDICA LIVE RESIN GUMMIES - CHEW & CHILL","units":532,"revenue":8097.650146484375,"cost":4202.5,"profit":3895.150146484375,"transactions":334,"margin":48.099998474121094},{"product":"2:2:1 THC/CBG/CBD LAVENDER ELDERBERRY INDICA LIVE RESIN GUMMIES - CHEW & CHILL","units":372,"revenue":7190.8502197265625,"cost":3720.0,"profit":3470.8499145507812,"transactions":266,"margin":48.29999923706055},{"product":"2:1:1:1 THC/CBN/CBD/CBG SOUR GRAPE INDICA LIVE RESIN GUMMIES - CHEW & CHILL","units":422,"revenue":5987.550048828125,"cost":3455.0,"profit":2532.550048828125,"transactions":270,"margin":42.29999923706055},{"product":"2:1 THC/CBD COTTON CANDY LIVE RESIN SATIVA GUMMIES - CHEW & CHILL","units":356,"revenue":5569.749755859375,"cost":3560.0,"profit":2009.7500610351562,"transactions":236,"margin":36.099998474121094},{"product":"SOUR BLUE RAZZBERRY INDICA LIVE RESIN GUMMIES - CHEW & CHILL","units":318,"revenue":4180.0,"cost":1987.5,"profit":2192.5,"transactions":162,"margin":52.5},{"product":"2:2:1 THC/CBG/CBD SOUR GRAPE INDICA LIVE RESIN GUMMIES - CHEW & CHILL","units":142,"revenue":2935.1998901367188,"cost":1420.0,"profit":1515.2000427246094,"transactions":116,"margin":51.599998474121094},{"product":"PINK LEMONADE SATIVA LIVE RESIN SUGAR FREE GUMMIES - CHEW & CHILL","units":140,"revenue":2131.7250061035156,"cost":875.0,"profit":1256.7250061035156,"transactions":124,"margin":59.0}],"Elevation Boulevard":[{"product":"STRAWBERRY WATERMELON SATIVA LIVE RESIN GUMMIES - CHEW & CHILL","units":1308,"revenue":21051.474609375,"cost":10395.0,"profit":10656.474609375,"transactions":854,"margin":50.599998474121094},{"product":"SOUR APPLE HYBRID LIVE RESIN GUMMIES - CHEW & CHILL","units":1188,"revenue":19343.050537109375,"cost":9150.0,"profit":10193.049926757812,"transactions":932,"margin":52.70000076293945},{"product":"BLACK CHERRY INDICA LIVE RESIN GUMMIES - CHEW & CHILL","units":940,"revenue":16522.449951171875,"cost":8492.5,"profit":8029.949951171875,"transactions":648,"margin":48.599998474121094},{"product":"PINK LEMONADE SATIVA LIVE RESIN GUMMIES - CHEW & CHILL","units":920,"revenue":16494.625244140625,"cost":7925.0,"profit":8569.625244140625,"transactions":690,"margin":52.0},{"product":"MANGO TANGO SATIVA LIVE RESIN GUMMIES - CHEW & CHILL","units":942,"revenue":16375.72509765625,"cost":8137.5,"profit":8238.22509765625,"transactions":706,"margin":50.29999923706055},{"product":"2:1 THC/CBN BLUE RAZZBERRY INDICA LIVE RESIN GUMMIES - CHEW & CHILL","units":1008,"revenue":16094.49951171875,"cost":8947.5,"profit":7147.0001220703125,"transactions":582,"margin":44.400001525878906},{"product":"TIGER BLOOD FAST ACTING GUMMIES - CHEW & CHILL","units":862,"revenue":12487.900390625,"cost":6542.5,"profit":5945.3997802734375,"transactions":662,"margin":47.599998474121094},{"product":"PEACH JASMINE HYBRID LIVE RESIN GUMMIES - CHEW & CHILL","units":670,"revenue":11702.850341796875,"cost":5860.0,"profit":5842.8497314453125,"transactions":530,"margin":49.900001525878906},{"product":"2:1:1:1 THC/CBN/CBG/CBD LAVENDER ELDERBERRY INDICA LIVE RESIN GUMMIES - CHEW & CHILL","units":608,"revenue":10089.550170898438,"cost":5015.0,"profit":5074.549865722656,"transactions":380,"margin":50.29999923706055},{"product":"2:1:1:1 THC/CBN/CBD/CBG SOUR GRAPE INDICA LIVE RESIN GUMMIES - CHEW & CHILL","units":650,"revenue":9927.525024414062,"cost":4842.5,"profit":5085.0250244140625,"transactions":380,"margin":51.20000076293945},{"product":"2:1 THC/CBD COTTON CANDY LIVE RESIN SATIVA GUMMIES - CHEW & CHILL","units":364,"revenue":5575.4998779296875,"cost":3640.0,"profit":1935.5000305175781,"transactions":264,"margin":34.70000076293945},{"product":"SOUR BLUE RAZZBERRY INDICA LIVE RESIN GUMMIES - CHEW & CHILL","units":394,"revenue":5343.42529296875,"cost":2462.5,"profit":2880.9249877929688,"transactions":280,"margin":53.900001525878906},{"product":"2:2:1 THC/CBG/CBD LAVENDER ELDERBERRY INDICA LIVE RESIN GUMMIES - CHEW & CHILL","units":198,"revenue":3865.4000854492188,"cost":1980.0,"profit":1885.3999328613281,"transactions":140,"margin":48.79999923706055},{"product":"TIGERS BLOOD FAST ACTING GUMMIES - CHEW & CHILL","units":298,"revenue":3819.0249633789062,"cost":1870.0,"profit":1949.0249633789062,"transactions":248,"margin":51.0},{"product":"2:2:1 THC/CBG/CBD SOUR GRAPE INDICA LIVE RESIN GUMMIES - CHEW & CHILL","units":184,"revenue":3620.3500366210938,"cost":1840.0,"profit":1780.3500366210938,"transactions":148,"margin":49.20000076293945}],"Elevation Parkway":[{"product":"MANGO TANGO SATIVA LIVE RESIN GUMMIES - CHEW & CHILL","units":1272,"revenue":24260.94970703125,"cost":11250.0,"profit":13010.94970703125,"transactions":978,"margin":53.599998474121094},{"product":"STRAWBERRY WATERMELON SATIVA LIVE RESIN GUMMIES - CHEW & CHILL","units":1046,"revenue":20073.5498046875,"cost":9177.5,"profit":10896.0498046875,"transactions":834,"margin":54.29999923706055},{"product":"PINK LEMONADE SATIVA LIVE RESIN GUMMIES - CHEW & CHILL","units":1048,"revenue":19433.62548828125,"cost":9077.5,"profit":10356.12548828125,"transactions":808,"margin":53.29999923706055},{"product":"SOUR APPLE HYBRID LIVE RESIN GUMMIES - CHEW & CHILL","units":928,"revenue":17586.75048828125,"cost":8260.0,"profit":9326.749877929688,"transactions":748,"margin":53.0},{"product":"PEACH JASMINE HYBRID LIVE RESIN GUMMIES - CHEW & CHILL","units":756,"revenue":13511.175537109375,"cost":6120.0,"profit":7391.1749267578125,"transactions":598,"margin":54.70000076293945},{"product":"BLACK CHERRY INDICA LIVE RESIN GUMMIES - CHEW & CHILL","units":704,"revenue":13199.449462890625,"cost":6335.0,"profit":6864.4500732421875,"transactions":562,"margin":52.0},{"product":"2:1:1:1 THC/CBN/CBD/CBG SOUR GRAPE INDICA LIVE RESIN GUMMIES - CHEW & CHILL","units":614,"revenue":10967.550048828125,"cost":5315.0,"profit":5652.550048828125,"transactions":462,"margin":51.5},{"product":"2:1 THC/CBD COTTON CANDY LIVE RESIN SATIVA GUMMIES - CHEW & CHILL","units":596,"revenue":10362.650146484375,"cost":5960.0,"profit":4402.650146484375,"transactions":422,"margin":42.5},{"product":"2:1 THC/CBN BLUE RAZZBERRY INDICA LIVE RESIN GUMMIES - CHEW & CHILL","units":604,"revenue":9385.775146484375,"cost":5320.0,"profit":4065.775146484375,"transactions":346,"margin":43.29999923706055},{"product":"2:1:1:1 THC/CBN/CBG/CBD LAVENDER ELDERBERRY INDICA LIVE RESIN GUMMIES - CHEW & CHILL","units":560,"revenue":8965.875244140625,"cost":4857.5,"profit":4108.374938964844,"transactions":332,"margin":45.79999923706055},{"product":"TIGER BLOOD FAST ACTING GUMMIES - CHEW & CHILL","units":404,"revenue":7321.7999267578125,"cost":3567.5,"profit":3754.2999267578125,"transactions":348,"margin":51.29999923706055},{"product":"SOUR BLUE RAZZBERRY INDICA LIVE RESIN GUMMIES - CHEW & CHILL","units":224,"revenue":3782.7249145507812,"cost":1692.5,"profit":2090.225067138672,"transactions":172,"margin":55.29999923706055},{"product":"2:2:1 THC/CBG/CBD LAVENDER ELDERBERRY INDICA LIVE RESIN GUMMIES - CHEW & CHILL","units":178,"revenue":3290.5499267578125,"cost":1780.0,"profit":1510.5500793457031,"transactions":68,"margin":45.900001525878906},{"product":"2:2:1 THC/CBG/CBD SOUR GRAPE INDICA LIVE RESIN GUMMIES - CHEW & CHILL","units":128,"revenue":2550.2749633789062,"cost":1280.0,"profit":1270.2749633789062,"transactions":98,"margin":49.79999923706055},{"product":"MANGO TANGO SATIVA LIVE RESIN SUGAR FREE GUMMIES - CHEW & CHILL","units":52,"revenue":857.5,"cost":325.0,"profit":532.5,"transactions":38,"margin":62.099998474121094}]},"store_summary":[{"store_clean":"Elevation Oasis","units":25842,"revenue":395853.515625,"cost":214515.0,"profit":181338.53515625,"discounts":249386.46484375,"margin":45.79999923706055,"discount_rate":38.70000076293945},{"store_clean":"Elevation Springs","units":16860,"revenue":264722.3046875,"cost":136657.5,"profit":128064.8046875,"discounts":155842.6953125,"margin":48.400001525878906,"discount_rate":37.099998474121094},{"store_clean":"Elevation Mesa","units":17004,"revenue":264614.21875,"cost":139012.5,"profit":125601.728515625,"discounts":159688.271484375,"margin":47.5,"discount_rate":37.599998474121094},{"store_clean":"Elevation Boulevard","units":11862,"revenue":190366.69921875,"cost":95572.5,"profit":94794.19921875,"discounts":105223.30078125,"margin":49.79999923706055,"discount_rate":35.599998474121094},{"store_clean":"Elevation Midtown","units":10618,"revenue":174811.89453125,"cost":90797.5,"profit":84014.404296875,"discounts":89505.595703125,"margin":48.099998474121094,"discount_rate":33.900001525878906},{"store_clean":"Elevation Parkway","units":9378,"revenue":169905.234375,"cost":82087.5,"profit":87817.724609375,"discounts":63517.275390625,"margin":51.70000076293945,"discount_rate":27.200000762939453},{"store_clean":"Elevation Downtown","units":384,"revenue":5686.35009765625,"cost":2400.0,"profit":3286.35009765625,"discounts":3863.64990234375,"margin":57.79999923706055,"discount_rate":40.5}],"recommendations":[{"severity":"info","title":"VOLUME LEVERAGE","detail":"$586,384 revenue provides negotiating leverage.","action":"Use volume as leverage in next vendor meeting."}],"comparison":null}