{"brand":"STIIIZY","date_range":"2024-01-01 00:00:00 to 2026-01-31 00:00:00","period_label":"All Time","summary":{"total_units":584612,"total_revenue":17012085.0,"total_cost":8478541.875,"total_discounts":5563231.25,"total_profit":8533543.75,"overall_margin":50.20000076293945,"fp_margin":61.29999923706055,"disc_margin":43.79999923706055,"pct_full_price":36.5,"avg_discount_rate":24.600000381469727,"fp_revenue":6211953.75,"disc_revenue":10800132.5,"brand":"STIIIZY","date_range":"2024-01-01 00:00:00 to 2026-01-31 00:00:00","primary_category":"INFUSED PACK","store_coverage":"7/7","stores_present":["Elevation Springs","Elevation Mesa","Elevation Oasis","Elevation Downtown","Elevation Midtown","Elevation Boulevard","Elevation Parkway"],"stores_missing":[],"velocity_rank":1,"velocity_total":12},"distribution":[{"store":"Elevation Springs","carries_brand":true,"sku_count":424,"revenue":4138141.25,"units":146578,"store_total_revenue":51138750.0,"brand_share_pct":8.100000381469727},{"store":"Elevation Mesa","carries_brand":true,"sku_count":444,"revenue":3561661.5625,"units":131288,"store_total_revenue":47532240.0,"brand_share_pct":7.5},{"store":"Elevation Oasis","carries_brand":true,"sku_count":420,"revenue":2812218.75,"units":84488,"store_total_revenue":56050145.0,"brand_share_pct":5.0},{"store":"Elevation Downtown","carries_brand":true,"sku_count":126,"revenue":222931.2890625,"units":7768,"store_total_revenue":1945237.1875,"brand_share_pct":11.5},{"store":"Elevation Midtown","carries_brand":true,"sku_count":408,"revenue":2086465.0,"units":67460,"store_total_revenue":30850185.0,"brand_share_pct":6.800000190734863},{"store":"Elevation Boulevard","carries_brand":true,"sku_count":402,"revenue":2095701.40625,"units":79842,"store_total_revenue":28757865.0,"brand_share_pct":7.300000190734863},{"store":"Elevation Parkway","carries_brand":true,"sku_count":386,"revenue":2094965.625,"units":67188,"store_total_revenue":21987007.5,"brand_share_pct":9.5}],"share_of_category":[{"category":"INFUSED PACK","brand_revenue":4291192.8125,"category_revenue":8259010.0,"revenue_share_pct":52.0,"brand_units":131282,"category_units":240090,"units_share_pct":54.7},{"category":"CARTRIDGE","brand_revenue":4077529.375,"category_revenue":46155130.0,"revenue_share_pct":8.800000190734863,"brand_units":103690,"category_units":1532896,"units_share_pct":6.8},{"category":"FLOWER","brand_revenue":2837726.875,"category_revenue":77755450.0,"revenue_share_pct":3.5999999046325684,"brand_units":84454,"category_units":2708446,"units_share_pct":3.1},{"category":"INFUSED PRE ROLL","brand_revenue":2442044.84375,"category_revenue":10308101.25,"revenue_share_pct":23.700000762939453,"brand_units":151886,"category_units":488074,"units_share_pct":31.1},{"category":"DISPOSABLE VAPE","brand_revenue":2397766.875,"category_revenue":30552405.0,"revenue_share_pct":7.800000190734863,"brand_units":65168,"category_units":756548,"units_share_pct":8.6},{"category":"CONCENTRATE","brand_revenue":267195.60546875,"category_revenue":7866357.5,"revenue_share_pct":3.4000000953674316,"brand_units":12610,"category_units":316632,"units_share_pct":4.0},{"category":"EDIBLE","brand_revenue":261300.91796875,"category_revenue":29378492.5,"revenue_share_pct":0.8999999761581421,"brand_units":17668,"category_units":1706530,"units_share_pct":1.0},{"category":"BATTERY","brand_revenue":184627.2265625,"category_revenue":1041867.1875,"revenue_share_pct":17.700000762939453,"brand_units":5696,"category_units":41118,"units_share_pct":13.9},{"category":"INFUSED FLOWER","brand_revenue":152681.89453125,"category_revenue":515348.203125,"revenue_share_pct":29.600000381469727,"brand_units":4976,"category_units":15824,"units_share_pct":31.4},{"category":"PRE ROLL","brand_revenue":72153.6474609375,"category_revenue":14009791.25,"revenue_share_pct":0.5,"brand_units":6228,"category_units":1485736,"units_share_pct":0.4},{"category":"ACCESSORY","brand_revenue":26645.94970703125,"category_revenue":4128754.0625,"revenue_share_pct":0.6000000238418579,"brand_units":886,"category_units":2130096,"units_share_pct":0.0},{"category":"TESTER","brand_revenue":72.5,"category_revenue":5668.800048828125,"revenue_share_pct":1.2999999523162842,"brand_units":2,"category_units":186,"units_share_pct":1.1},{"category":"PROMO","brand_revenue":62.5,"category_revenue":1940.0,"revenue_share_pct":3.200000047683716,"brand_units":10,"category_units":114,"units_share_pct":8.8},{"category":0.0,"brand_revenue":0.0,"category_revenue":0.0,"revenue_share_pct":0.0,"brand_units":0,"category_units":0,"units_share_pct":0.0}],"share_of_category_trend":{"INFUSED PACK":[{"period":"2024-01","brand_revenue":67074.47265625,"category_revenue":204601.875,"share_pct":32.79999923706055},{"period":"2024-02","brand_revenue":96864.326171875,"category_revenue":221156.7578125,"share_pct":43.79999923706055},{"period":"2024-03","brand_revenue":95114.501953125,"category_revenue":257436.93359375,"share_pct":36.900001525878906},{"period":"2024-04","brand_revenue":162540.703125,"category_revenue":301537.3046875,"share_pct":53.900001525878906},{"period":"2024-05","brand_revenue":146645.17578125,"category_revenue":301873.0078125,"share_pct":48.599998474121094},{"period":"2024-06","brand_revenue":157859.47265625,"category_revenue":300488.6328125,"share_pct":52.5},{"period":"2024-07","brand_revenue":141463.37890625,"category_revenue":303570.80078125,"share_pct":46.599998474121094},{"period":"2024-08","brand_revenue":168146.0546875,"category_revenue":283995.625,"share_pct":59.20000076293945},{"period":"2024-09","brand_revenue":170984.74609375,"category_revenue":331664.1796875,"share_pct":51.599998474121094},{"period":"2024-10","brand_revenue":165982.51953125,"category_revenue":311486.1328125,"share_pct":53.29999923706055},{"period":"2024-11","brand_revenue":170047.421875,"category_revenue":306613.92578125,"share_pct":55.5},{"period":"2024-12","brand_revenue":170489.7265625,"category_revenue":298008.41796875,"share_pct":57.20000076293945},{"period":"2025-01","brand_revenue":156979.951171875,"category_revenue":269244.765625,"share_pct":58.29999923706055},{"period":"2025-02","brand_revenue":165224.6484375,"category_revenue":309579.8046875,"share_pct":53.400001525878906},{"period":"2025-03","brand_revenue":189107.12890625,"category_revenue":312908.80859375,"share_pct":60.400001525878906},{"period":"2025-04","brand_revenue":219176.19140625,"category_revenue":389974.3359375,"share_pct":56.20000076293945},{"period":"2025-05","brand_revenue":275571.25,"category_revenue":404824.9609375,"share_pct":68.0999984741211},{"period":"2025-06","brand_revenue":241819.19921875,"category_revenue":383193.4765625,"share_pct":63.099998474121094},{"period":"2025-07","brand_revenue":239477.96875,"category_revenue":437456.640625,"share_pct":54.70000076293945},{"period":"2025-08","brand_revenue":205506.3671875,"category_revenue":391817.578125,"share_pct":52.400001525878906},{"period":"2025-09","brand_revenue":184590.78125,"category_revenue":367221.40625,"share_pct":50.29999923706055},{"period":"2025-10","brand_revenue":219877.03125,"category_revenue":423332.109375,"share_pct":51.900001525878906},{"period":"2025-11","brand_revenue":171504.921875,"category_revenue":395184.53125,"share_pct":43.400001525878906},{"period":"2025-12","brand_revenue":163932.421875,"category_revenue":387500.234375,"share_pct":42.29999923706055},{"period":"2026-01","brand_revenue":145212.421875,"category_revenue":364337.6171875,"share_pct":39.900001525878906}],"CARTRIDGE":[{"period":"2024-01","brand_revenue":188173.80859375,"category_revenue":2057675.625,"share_pct":9.100000381469727},{"period":"2024-02","brand_revenue":197340.95703125,"category_revenue":2141777.8125,"share_pct":9.199999809265137},{"period":"2024-03","brand_revenue":200918.65234375,"category_revenue":2288552.1875,"share_pct":8.800000190734863},{"period":"2024-04","brand_revenue":200325.2734375,"category_revenue":2096820.46875,"share_pct":9.600000381469727},{"period":"2024-05","brand_revenue":234864.27734375,"category_revenue":2138038.59375,"share_pct":11.0},{"period":"2024-06","brand_revenue":169673.59375,"category_revenue":2017623.90625,"share_pct":8.399999618530273},{"period":"2024-07","brand_revenue":168460.05859375,"category_revenue":2031918.28125,"share_pct":8.300000190734863},{"period":"2024-08","brand_revenue":147511.904296875,"category_revenue":2132382.65625,"share_pct":6.900000095367432},{"period":"2024-09","brand_revenue":121237.099609375,"category_revenue":1955407.03125,"share_pct":6.199999809265137},{"period":"2024-10","brand_revenue":126929.12109375,"category_revenue":2083993.125,"share_pct":6.099999904632568},{"period":"2024-11","brand_revenue":120321.34765625,"category_revenue":2038609.375,"share_pct":5.900000095367432},{"period":"2024-12","brand_revenue":127445.625,"category_revenue":2003932.03125,"share_pct":6.400000095367432},{"period":"2025-01","brand_revenue":113340.048828125,"category_revenue":1921719.21875,"share_pct":5.900000095367432},{"period":"2025-02","brand_revenue":117542.470703125,"category_revenue":1668647.5,"share_pct":7.0},{"period":"2025-03","brand_revenue":138149.423828125,"category_revenue":1758711.25,"share_pct":7.900000095367432},{"period":"2025-04","brand_revenue":169743.69140625,"category_revenue":1735997.5,"share_pct":9.800000190734863},{"period":"2025-05","brand_revenue":200692.59765625,"category_revenue":1688800.46875,"share_pct":11.899999618530273},{"period":"2025-06","brand_revenue":189563.84765625,"category_revenue":1594515.0,"share_pct":11.899999618530273},{"period":"2025-07","brand_revenue":199247.96875,"category_revenue":1595739.53125,"share_pct":12.5},{"period":"2025-08","brand_revenue":194729.8828125,"category_revenue":1677489.6875,"share_pct":11.600000381469727},{"period":"2025-09","brand_revenue":171423.3203125,"category_revenue":1539547.96875,"share_pct":11.100000381469727},{"period":"2025-10","brand_revenue":179261.875,"category_revenue":1548909.21875,"share_pct":11.600000381469727},{"period":"2025-11","brand_revenue":155583.30078125,"category_revenue":1545430.15625,"share_pct":10.100000381469727},{"period":"2025-12","brand_revenue":126102.51953125,"category_revenue":1467828.28125,"share_pct":8.600000381469727},{"period":"2026-01","brand_revenue":118946.6015625,"category_revenue":1425064.0625,"share_pct":8.300000190734863}],"FLOWER":[{"period":"2024-01","brand_revenue":124795.625,"category_revenue":3552357.8125,"share_pct":3.5},{"period":"2024-02","brand_revenue":113913.37890625,"category_revenue":3535245.625,"share_pct":3.200000047683716},{"period":"2024-03","brand_revenue":76723.75,"category_revenue":3693805.625,"share_pct":2.0999999046325684},{"period":"2024-04","brand_revenue":83491.875,"category_revenue":3541899.6875,"share_pct":2.4000000953674316},{"period":"2024-05","brand_revenue":67338.125,"category_revenue":3537479.375,"share_pct":1.899999976158142},{"period":"2024-06","brand_revenue":49676.4013671875,"category_revenue":3403269.6875,"share_pct":1.5},{"period":"2024-07","brand_revenue":69445.0732421875,"category_revenue":3457705.9375,"share_pct":2.0},{"period":"2024-08","brand_revenue":66423.9501953125,"category_revenue":3453819.375,"share_pct":1.899999976158142},{"period":"2024-09","brand_revenue":71893.75,"category_revenue":3316441.5625,"share_pct":2.200000047683716},{"period":"2024-10","brand_revenue":37815.0,"category_revenue":3585775.0,"share_pct":1.100000023841858},{"period":"2024-11","brand_revenue":37796.25,"category_revenue":3454855.3125,"share_pct":1.100000023841858},{"period":"2024-12","brand_revenue":32876.25,"category_revenue":3226567.8125,"share_pct":1.0},{"period":"2025-01","brand_revenue":43128.75,"category_revenue":2984938.125,"share_pct":1.399999976158142},{"period":"2025-02","brand_revenue":57185.80078125,"category_revenue":2816220.0,"share_pct":2.0},{"period":"2025-03","brand_revenue":67750.4248046875,"category_revenue":2911379.6875,"share_pct":2.299999952316284},{"period":"2025-04","brand_revenue":79670.849609375,"category_revenue":3118895.3125,"share_pct":2.5999999046325684},{"period":"2025-05","brand_revenue":124632.099609375,"category_revenue":2887345.0,"share_pct":4.300000190734863},{"period":"2025-06","brand_revenue":179986.25,"category_revenue":2773698.125,"share_pct":6.5},{"period":"2025-07","brand_revenue":251763.80859375,"category_revenue":2782763.125,"share_pct":9.0},{"period":"2025-08","brand_revenue":304689.66796875,"category_revenue":2733122.8125,"share_pct":11.100000381469727},{"period":"2025-09","brand_revenue":223433.125,"category_revenue":2603501.5625,"share_pct":8.600000381469727},{"period":"2025-10","brand_revenue":231194.74609375,"category_revenue":2663705.0,"share_pct":8.699999809265137},{"period":"2025-11","brand_revenue":159659.296875,"category_revenue":2700189.0625,"share_pct":5.900000095367432},{"period":"2025-12","brand_revenue":113911.220703125,"category_revenue":2515209.53125,"share_pct":4.5},{"period":"2026-01","brand_revenue":168531.26953125,"category_revenue":2505261.875,"share_pct":6.699999809265137}],"INFUSED PRE ROLL":[{"period":"2024-01","brand_revenue":96675.546875,"category_revenue":410907.8515625,"share_pct":23.5},{"period":"2024-02","brand_revenue":106700.25390625,"category_revenue":458711.484375,"share_pct":23.299999237060547},{"period":"2024-03","brand_revenue":64004.951171875,"category_revenue":427464.375,"share_pct":15.0},{"period":"2024-04","brand_revenue":109216.07421875,"category_revenue":428699.9609375,"share_pct":25.5},{"period":"2024-05","brand_revenue":115247.021484375,"category_revenue":501098.3203125,"share_pct":23.0},{"period":"2024-06","brand_revenue":108124.62890625,"category_revenue":477320.78125,"share_pct":22.700000762939453},{"period":"2024-07","brand_revenue":123092.67578125,"category_revenue":479382.109375,"share_pct":25.700000762939453},{"period":"2024-08","brand_revenue":76302.900390625,"category_revenue":474359.1015625,"share_pct":16.100000381469727},{"period":"2024-09","brand_revenue":104995.625,"category_revenue":424280.1171875,"share_pct":24.700000762939453},{"period":"2024-10","brand_revenue":108762.8515625,"category_revenue":470840.6640625,"share_pct":23.100000381469727},{"period":"2024-11","brand_revenue":87494.55078125,"category_revenue":424285.1171875,"share_pct":20.600000381469727},{"period":"2024-12","brand_revenue":135320.3515625,"category_revenue":432093.1640625,"share_pct":31.299999237060547},{"period":"2025-01","brand_revenue":97101.796875,"category_revenue":358002.890625,"share_pct":27.100000381469727},{"period":"2025-02","brand_revenue":87287.451171875,"category_revenue":325080.17578125,"share_pct":26.899999618530273},{"period":"2025-03","brand_revenue":98039.375,"category_revenue":347380.078125,"share_pct":28.200000762939453},{"period":"2025-04","brand_revenue":113988.095703125,"category_revenue":401341.40625,"share_pct":28.399999618530273},{"period":"2025-05","brand_revenue":131318.974609375,"category_revenue":378076.09375,"share_pct":34.70000076293945},{"period":"2025-06","brand_revenue":121370.126953125,"category_revenue":354019.6484375,"share_pct":34.29999923706055},{"period":"2025-07","brand_revenue":125704.7265625,"category_revenue":416008.203125,"share_pct":30.200000762939453},{"period":"2025-08","brand_revenue":102768.046875,"category_revenue":425283.28125,"share_pct":24.200000762939453},{"period":"2025-09","brand_revenue":83663.876953125,"category_revenue":378313.75,"share_pct":22.100000381469727},{"period":"2025-10","brand_revenue":78508.525390625,"category_revenue":389168.3203125,"share_pct":20.200000762939453},{"period":"2025-11","brand_revenue":55401.298828125,"category_revenue":390541.3671875,"share_pct":14.199999809265137},{"period":"2025-12","brand_revenue":66507.1728515625,"category_revenue":392812.34375,"share_pct":16.899999618530273},{"period":"2026-01","brand_revenue":44447.998046875,"category_revenue":342630.7421875,"share_pct":13.0}],"DISPOSABLE VAPE":[{"period":"2024-01","brand_revenue":112251.42578125,"category_revenue":933474.921875,"share_pct":12.0},{"period":"2024-02","brand_revenue":114058.046875,"category_revenue":877782.109375,"share_pct":13.0},{"period":"2024-03","brand_revenue":105208.49609375,"category_revenue":990692.03125,"share_pct":10.600000381469727},{"period":"2024-04","brand_revenue":119938.896484375,"category_revenue":971952.1875,"share_pct":12.300000190734863},{"period":"2024-05","brand_revenue":143774.248046875,"category_revenue":1035100.46875,"share_pct":13.899999618530273},{"period":"2024-06","brand_revenue":103867.67578125,"category_revenue":1039794.21875,"share_pct":10.0},{"period":"2024-07","brand_revenue":110704.19921875,"category_revenue":1081636.5625,"share_pct":10.199999809265137},{"period":"2024-08","brand_revenue":82295.654296875,"category_revenue":1098658.125,"share_pct":7.5},{"period":"2024-09","brand_revenue":64113.9990234375,"category_revenue":1056394.53125,"share_pct":6.099999904632568},{"period":"2024-10","brand_revenue":68508.22265625,"category_revenue":1197041.171875,"share_pct":5.699999809265137},{"period":"2024-11","brand_revenue":48936.6748046875,"category_revenue":1193980.234375,"share_pct":4.099999904632568},{"period":"2024-12","brand_revenue":88228.37890625,"category_revenue":1222008.984375,"share_pct":7.199999809265137},{"period":"2025-01","brand_revenue":73597.275390625,"category_revenue":1100552.421875,"share_pct":6.699999809265137},{"period":"2025-02","brand_revenue":55921.025390625,"category_revenue":1167271.25,"share_pct":4.800000190734863},{"period":"2025-03","brand_revenue":79660.400390625,"category_revenue":1348856.71875,"share_pct":5.900000095367432},{"period":"2025-04","brand_revenue":89400.80078125,"category_revenue":1414639.84375,"share_pct":6.300000190734863},{"period":"2025-05","brand_revenue":115798.251953125,"category_revenue":1460588.4375,"share_pct":7.900000095367432},{"period":"2025-06","brand_revenue":126982.275390625,"category_revenue":1320852.96875,"share_pct":9.600000381469727},{"period":"2025-07","brand_revenue":126551.328125,"category_revenue":1451194.84375,"share_pct":8.699999809265137},{"period":"2025-08","brand_revenue":136544.47265625,"category_revenue":1403520.625,"share_pct":9.699999809265137},{"period":"2025-09","brand_revenue":87615.2734375,"category_revenue":1317518.125,"share_pct":6.699999809265137},{"period":"2025-10","brand_revenue":100148.046875,"category_revenue":1511693.75,"share_pct":6.599999904632568},{"period":"2025-11","brand_revenue":87531.875,"category_revenue":1481709.21875,"share_pct":5.900000095367432},{"period":"2025-12","brand_revenue":78746.5771484375,"category_revenue":1476896.875,"share_pct":5.300000190734863},{"period":"2026-01","brand_revenue":77383.3251953125,"category_revenue":1398594.84375,"share_pct":5.5}],"CONCENTRATE":[{"period":"2024-01","brand_revenue":28631.17431640625,"category_revenue":351129.609375,"share_pct":8.199999809265137},{"period":"2024-02","brand_revenue":17580.374755859375,"category_revenue":371224.4921875,"share_pct":4.699999809265137},{"period":"2024-03","brand_revenue":14404.49951171875,"category_revenue":375964.296875,"share_pct":3.799999952316284},{"period":"2024-04","brand_revenue":15915.12451171875,"category_revenue":352745.859375,"share_pct":4.5},{"period":"2024-05","brand_revenue":12698.75,"category_revenue":346027.5,"share_pct":3.700000047683716},{"period":"2024-06","brand_revenue":18687.000732421875,"category_revenue":310723.3984375,"share_pct":6.0},{"period":"2024-07","brand_revenue":15026.375732421875,"category_revenue":336220.078125,"share_pct":4.5},{"period":"2024-08","brand_revenue":14382.249755859375,"category_revenue":324004.04296875,"share_pct":4.400000095367432},{"period":"2024-09","brand_revenue":7486.97509765625,"category_revenue":326834.1796875,"share_pct":2.299999952316284},{"period":"2024-10","brand_revenue":12633.20068359375,"category_revenue":324500.859375,"share_pct":3.9000000953674316},{"period":"2024-11","brand_revenue":27038.00048828125,"category_revenue":351240.0390625,"share_pct":7.699999809265137},{"period":"2024-12","brand_revenue":18118.00048828125,"category_revenue":324145.4296875,"share_pct":5.599999904632568},{"period":"2025-01","brand_revenue":27943.5009765625,"category_revenue":325749.19921875,"share_pct":8.600000381469727},{"period":"2025-02","brand_revenue":22770.44921875,"category_revenue":300499.0234375,"share_pct":7.599999904632568},{"period":"2025-03","brand_revenue":10729.25048828125,"category_revenue":298171.5234375,"share_pct":3.5999999046325684},{"period":"2025-04","brand_revenue":3150.675048828125,"category_revenue":343355.625,"share_pct":0.8999999761581421},{"period":"2025-05","brand_revenue":0.0,"category_revenue":288836.62109375,"share_pct":0.0},{"period":"2025-06","brand_revenue":0.0,"category_revenue":280928.33984375,"share_pct":0.0},{"period":"2025-07","brand_revenue":0.0,"category_revenue":283604.1796875,"share_pct":0.0},{"period":"2025-08","brand_revenue":0.0,"category_revenue":274773.76953125,"share_pct":0.0},{"period":"2025-09","brand_revenue":0.0,"category_revenue":264599.19921875,"share_pct":0.0},{"period":"2025-10","brand_revenue":0.0,"category_revenue":277515.46875,"share_pct":0.0},{"period":"2025-11","brand_revenue":0.0,"category_revenue":295773.3203125,"share_pct":0.0},{"period":"2025-12","brand_revenue":0.0,"category_revenue":267042.05078125,"share_pct":0.0},{"period":"2026-01","brand_revenue":0.0,"category_revenue":270749.70703125,"share_pct":0.0}],"EDIBLE":[{"period":"2024-01","brand_revenue":40647.77587890625,"category_revenue":1115754.921875,"share_pct":3.5999999046325684},{"period":"2024-02","brand_revenue":35535.0244140625,"category_revenue":1235210.0,"share_pct":2.9000000953674316},{"period":"2024-03","brand_revenue":34752.5,"category_revenue":1273343.671875,"share_pct":2.700000047683716},{"period":"2024-04","brand_revenue":41676.1767578125,"category_revenue":1298159.0625,"share_pct":3.200000047683716},{"period":"2024-05","brand_revenue":43902.0751953125,"category_revenue":1215880.78125,"share_pct":3.5999999046325684},{"period":"2024-06","brand_revenue":46321.376953125,"category_revenue":1181362.421875,"share_pct":3.9000000953674316},{"period":"2024-07","brand_revenue":18189.000244140625,"category_revenue":1128302.8125,"share_pct":1.600000023841858},{"period":"2024-08","brand_revenue":277.00000762939453,"category_revenue":1167724.921875,"share_pct":0.0},{"period":"2024-09","brand_revenue":0.0,"category_revenue":1114619.53125,"share_pct":0.0},{"period":"2024-10","brand_revenue":0.0,"category_revenue":1205149.0625,"share_pct":0.0},{"period":"2024-11","brand_revenue":0.0,"category_revenue":1236132.421875,"share_pct":0.0},{"period":"2024-12","brand_revenue":0.0,"category_revenue":1207318.046875,"share_pct":0.0},{"period":"2025-01","brand_revenue":0.0,"category_revenue":1176202.578125,"share_pct":0.0},{"period":"2025-02","brand_revenue":0.0,"category_revenue":1097683.359375,"share_pct":0.0},{"period":"2025-03","brand_revenue":0.0,"category_revenue":1228067.265625,"share_pct":0.0},{"period":"2025-04","brand_revenue":0.0,"category_revenue":1290106.171875,"share_pct":0.0},{"period":"2025-05","brand_revenue":0.0,"category_revenue":1191670.3125,"share_pct":0.0},{"period":"2025-06","brand_revenue":0.0,"category_revenue":1110702.109375,"share_pct":0.0},{"period":"2025-07","brand_revenue":0.0,"category_revenue":1096938.125,"share_pct":0.0},{"period":"2025-08","brand_revenue":0.0,"category_revenue":1145920.859375,"share_pct":0.0},{"period":"2025-09","brand_revenue":0.0,"category_revenue":1070074.53125,"share_pct":0.0},{"period":"2025-10","brand_revenue":0.0,"category_revenue":1168865.78125,"share_pct":0.0},{"period":"2025-11","brand_revenue":0.0,"category_revenue":1192334.453125,"share_pct":0.0},{"period":"2025-12","brand_revenue":0.0,"category_revenue":1138094.375,"share_pct":0.0},{"period":"2026-01","brand_revenue":0.0,"category_revenue":1092874.21875,"share_pct":0.0}],"BATTERY":[{"period":"2024-01","brand_revenue":10170.750122070312,"category_revenue":78523.75,"share_pct":13.0},{"period":"2024-02","brand_revenue":9972.849731445312,"category_revenue":79510.9765625,"share_pct":12.5},{"period":"2024-03","brand_revenue":12975.625,"category_revenue":80066.9482421875,"share_pct":16.200000762939453},{"period":"2024-04","brand_revenue":14467.249755859375,"category_revenue":65688.7744140625,"share_pct":22.0},{"period":"2024-05","brand_revenue":18120.74951171875,"category_revenue":61493.57421875,"share_pct":29.5},{"period":"2024-06","brand_revenue":11220.12451171875,"category_revenue":67340.751953125,"share_pct":16.700000762939453},{"period":"2024-07","brand_revenue":13178.24951171875,"category_revenue":70591.1767578125,"share_pct":18.700000762939453},{"period":"2024-08","brand_revenue":10426.875,"category_revenue":64657.8759765625,"share_pct":16.100000381469727},{"period":"2024-09","brand_revenue":11233.125,"category_revenue":52538.3740234375,"share_pct":21.399999618530273},{"period":"2024-10","brand_revenue":11698.24951171875,"category_revenue":49278.92578125,"share_pct":23.700000762939453},{"period":"2024-11","brand_revenue":5786.0748291015625,"category_revenue":39889.69970703125,"share_pct":14.5},{"period":"2024-12","brand_revenue":8056.25,"category_revenue":38273.87451171875,"share_pct":21.0},{"period":"2025-01","brand_revenue":7646.875,"category_revenue":24301.0498046875,"share_pct":31.5},{"period":"2025-02","brand_revenue":4483.125,"category_revenue":15730.625,"share_pct":28.5},{"period":"2025-03","brand_revenue":3332.6251220703125,"category_revenue":17904.124755859375,"share_pct":18.600000381469727},{"period":"2025-04","brand_revenue":4348.999938964844,"category_revenue":17018.02490234375,"share_pct":25.600000381469727},{"period":"2025-05","brand_revenue":2173.75,"category_revenue":21588.3740234375,"share_pct":10.100000381469727},{"period":"2025-06","brand_revenue":861.875,"category_revenue":20285.274658203125,"share_pct":4.199999809265137},{"period":"2025-07","brand_revenue":2126.999969482422,"category_revenue":26462.7490234375,"share_pct":8.0},{"period":"2025-08","brand_revenue":1577.5,"category_revenue":27441.025390625,"share_pct":5.699999809265137},{"period":"2025-09","brand_revenue":2028.75,"category_revenue":24531.35009765625,"share_pct":8.300000190734863},{"period":"2025-10","brand_revenue":5146.875,"category_revenue":27787.275390625,"share_pct":18.5},{"period":"2025-11","brand_revenue":4524.375,"category_revenue":23690.8251953125,"share_pct":19.100000381469727},{"period":"2025-12","brand_revenue":4716.14990234375,"category_revenue":24923.798828125,"share_pct":18.899999618530273},{"period":"2026-01","brand_revenue":4353.1500244140625,"category_revenue":22347.9248046875,"share_pct":19.5}],"INFUSED FLOWER":[{"period":"2024-01","brand_revenue":0.0,"category_revenue":6570.250244140625,"share_pct":0.0},{"period":"2024-02","brand_revenue":0.0,"category_revenue":18343.62548828125,"share_pct":0.0},{"period":"2024-03","brand_revenue":0.0,"category_revenue":31018.3251953125,"share_pct":0.0},{"period":"2024-04","brand_revenue":0.0,"category_revenue":31596.826171875,"share_pct":0.0},{"period":"2024-05","brand_revenue":0.0,"category_revenue":21558.80126953125,"share_pct":0.0},{"period":"2024-06","brand_revenue":0.0,"category_revenue":24545.30029296875,"share_pct":0.0},{"period":"2024-07","brand_revenue":0.0,"category_revenue":16913.00048828125,"share_pct":0.0},{"period":"2024-08","brand_revenue":0.0,"category_revenue":16608.499755859375,"share_pct":0.0},{"period":"2024-09","brand_revenue":0.0,"category_revenue":19893.62548828125,"share_pct":0.0},{"period":"2024-10","brand_revenue":0.0,"category_revenue":17213.175048828125,"share_pct":0.0},{"period":"2024-11","brand_revenue":0.0,"category_revenue":15249.375,"share_pct":0.0},{"period":"2024-12","brand_revenue":0.0,"category_revenue":9560.999755859375,"share_pct":0.0},{"period":"2025-01","brand_revenue":0.0,"category_revenue":10154.500122070312,"share_pct":0.0},{"period":"2025-02","brand_revenue":0.0,"category_revenue":14429.625244140625,"share_pct":0.0},{"period":"2025-03","brand_revenue":0.0,"category_revenue":16804.69970703125,"share_pct":0.0},{"period":"2025-04","brand_revenue":14148.75,"category_revenue":27190.70068359375,"share_pct":52.0},{"period":"2025-05","brand_revenue":16295.550537109375,"category_revenue":24856.12548828125,"share_pct":65.5999984741211},{"period":"2025-06","brand_revenue":23528.82568359375,"category_revenue":28754.82421875,"share_pct":81.80000305175781},{"period":"2025-07","brand_revenue":26619.29931640625,"category_revenue":26952.2998046875,"share_pct":98.80000305175781},{"period":"2025-08","brand_revenue":21568.67431640625,"category_revenue":33438.67431640625,"share_pct":64.5},{"period":"2025-09","brand_revenue":22666.201171875,"category_revenue":38734.65087890625,"share_pct":58.5},{"period":"2025-10","brand_revenue":8091.4752197265625,"category_revenue":22947.39990234375,"share_pct":35.29999923706055},{"period":"2025-11","brand_revenue":1111.25,"category_revenue":15945.4248046875,"share_pct":7.0},{"period":"2025-12","brand_revenue":6723.75,"category_revenue":9305.8251953125,"share_pct":72.30000305175781},{"period":"2026-01","brand_revenue":11928.125,"category_revenue":16761.624755859375,"share_pct":71.19999694824219}],"PRE ROLL":[{"period":"2024-01","brand_revenue":14389.1748046875,"category_revenue":508338.515625,"share_pct":2.799999952316284},{"period":"2024-02","brand_revenue":14901.724853515625,"category_revenue":489393.671875,"share_pct":3.0},{"period":"2024-03","brand_revenue":5306.500244140625,"category_revenue":520052.3828125,"share_pct":1.0},{"period":"2024-04","brand_revenue":9712.5,"category_revenue":491300.6640625,"share_pct":2.0},{"period":"2024-05","brand_revenue":7581.3250732421875,"category_revenue":542202.890625,"share_pct":1.399999976158142},{"period":"2024-06","brand_revenue":5403.499755859375,"category_revenue":507288.8671875,"share_pct":1.100000023841858},{"period":"2024-07","brand_revenue":3373.9248657226562,"category_revenue":524250.9765625,"share_pct":0.6000000238418579},{"period":"2024-08","brand_revenue":4960.4998779296875,"category_revenue":612518.7109375,"share_pct":0.800000011920929},{"period":"2024-09","brand_revenue":2685.0,"category_revenue":586543.0078125,"share_pct":0.5},{"period":"2024-10","brand_revenue":1358.5000610351562,"category_revenue":641449.1796875,"share_pct":0.20000000298023224},{"period":"2024-11","brand_revenue":780.0,"category_revenue":579866.71875,"share_pct":0.10000000149011612},{"period":"2024-12","brand_revenue":317.99999237060547,"category_revenue":582999.5703125,"share_pct":0.10000000149011612},{"period":"2025-01","brand_revenue":0.0,"category_revenue":544095.3125,"share_pct":0.0},{"period":"2025-02","brand_revenue":0.0,"category_revenue":500875.5859375,"share_pct":0.0},{"period":"2025-03","brand_revenue":0.0,"category_revenue":551422.0703125,"share_pct":0.0},{"period":"2025-04","brand_revenue":0.0,"category_revenue":568189.375,"share_pct":0.0},{"period":"2025-05","brand_revenue":0.0,"category_revenue":565516.875,"share_pct":0.0},{"period":"2025-06","brand_revenue":0.0,"category_revenue":560506.71875,"share_pct":0.0},{"period":"2025-07","brand_revenue":630.0,"category_revenue":600916.09375,"share_pct":0.10000000149011612},{"period":"2025-08","brand_revenue":731.9999694824219,"category_revenue":620247.5,"share_pct":0.10000000149011612},{"period":"2025-09","brand_revenue":20.999999046325684,"category_revenue":608971.09375,"share_pct":0.0},{"period":"2025-10","brand_revenue":0.0,"category_revenue":645293.1640625,"share_pct":0.0},{"period":"2025-11","brand_revenue":0.0,"category_revenue":581113.4765625,"share_pct":0.0},{"period":"2025-12","brand_revenue":0.0,"category_revenue":553088.5546875,"share_pct":0.0},{"period":"2026-01","brand_revenue":0.0,"category_revenue":523350.9375,"share_pct":0.0}],"ACCESSORY":[{"period":"2024-01","brand_revenue":270.0,"category_revenue":153543.9453125,"share_pct":0.20000000298023224},{"period":"2024-02","brand_revenue":270.0,"category_revenue":152399.47265625,"share_pct":0.20000000298023224},{"period":"2024-03","brand_revenue":400.0,"category_revenue":154678.876953125,"share_pct":0.30000001192092896},{"period":"2024-04","brand_revenue":240.0,"category_revenue":163353.65234375,"share_pct":0.10000000149011612},{"period":"2024-05","brand_revenue":770.0,"category_revenue":179676.4453125,"share_pct":0.4000000059604645},{"period":"2024-06","brand_revenue":197.5,"category_revenue":185008.828125,"share_pct":0.10000000149011612},{"period":"2024-07","brand_revenue":50.0,"category_revenue":186675.46875,"share_pct":0.0},{"period":"2024-08","brand_revenue":100.0,"category_revenue":180226.328125,"share_pct":0.10000000149011612},{"period":"2024-09","brand_revenue":100.0,"category_revenue":162386.298828125,"share_pct":0.10000000149011612},{"period":"2024-10","brand_revenue":310.0,"category_revenue":166088.73046875,"share_pct":0.20000000298023224},{"period":"2024-11","brand_revenue":660.0,"category_revenue":171706.09375,"share_pct":0.4000000059604645},{"period":"2024-12","brand_revenue":480.0,"category_revenue":176502.03125,"share_pct":0.30000001192092896},{"period":"2025-01","brand_revenue":170.0,"category_revenue":167261.34765625,"share_pct":0.10000000149011612},{"period":"2025-02","brand_revenue":440.0,"category_revenue":155260.927734375,"share_pct":0.30000001192092896},{"period":"2025-03","brand_revenue":593.75,"category_revenue":176420.390625,"share_pct":0.30000001192092896},{"period":"2025-04","brand_revenue":1943.4249877929688,"category_revenue":182694.82421875,"share_pct":1.100000023841858},{"period":"2025-05","brand_revenue":4065.625,"category_revenue":179904.4921875,"share_pct":2.299999952316284},{"period":"2025-06","brand_revenue":4215.0,"category_revenue":161148.75,"share_pct":2.5999999046325684},{"period":"2025-07","brand_revenue":4247.5250244140625,"category_revenue":165549.8046875,"share_pct":2.5999999046325684},{"period":"2025-08","brand_revenue":4213.75,"category_revenue":171752.05078125,"share_pct":2.5},{"period":"2025-09","brand_revenue":2909.375,"category_revenue":168198.9453125,"share_pct":1.7000000476837158},{"period":"2025-10","brand_revenue":0.0,"category_revenue":171844.55078125,"share_pct":0.0},{"period":"2025-11","brand_revenue":0.0,"category_revenue":172839.74609375,"share_pct":0.0},{"period":"2025-12","brand_revenue":0.0,"category_revenue":141954.873046875,"share_pct":0.0},{"period":"2026-01","brand_revenue":0.0,"category_revenue":81677.1484375,"share_pct":0.0}],"TESTER":[{"period":"2024-01","brand_revenue":0.0,"category_revenue":4033.75,"share_pct":0.0},{"period":"2024-04","brand_revenue":0.0,"category_revenue":85.0,"share_pct":0.0},{"period":"2024-05","brand_revenue":0.0,"category_revenue":145.24999618530273,"share_pct":0.0},{"period":"2024-09","brand_revenue":0.0,"category_revenue":462.5,"share_pct":0.0},{"period":"2024-11","brand_revenue":0.0,"category_revenue":61.25,"share_pct":0.0},{"period":"2025-03","brand_revenue":0.0,"category_revenue":49.000000953674316,"share_pct":0.0},{"period":"2025-05","brand_revenue":0.0,"category_revenue":25.0,"share_pct":0.0},{"period":"2025-06","brand_revenue":0.0,"category_revenue":156.75000190734863,"share_pct":0.0},{"period":"2025-07","brand_revenue":0.0,"category_revenue":399.24999237060547,"share_pct":0.0},{"period":"2025-08","brand_revenue":72.5,"category_revenue":248.50000381469727,"share_pct":29.200000762939453},{"period":"2025-09","brand_revenue":0.0,"category_revenue":2.549999952316284,"share_pct":0.0}],"PROMO":[{"period":"2024-01","brand_revenue":0.0,"category_revenue":237.5,"share_pct":0.0},{"period":"2025-09","brand_revenue":62.5,"category_revenue":591.25,"share_pct":10.600000381469727},{"period":"2025-10","brand_revenue":0.0,"category_revenue":61.25,"share_pct":0.0},{"period":"2025-11","brand_revenue":0.0,"category_revenue":87.5,"share_pct":0.0},{"period":"2025-12","brand_revenue":0.0,"category_revenue":726.25,"share_pct":0.0},{"period":"2026-01","brand_revenue":0.0,"category_revenue":236.25,"share_pct":0.0}]},"velocity_by_category":[{"category":"INFUSED PRE ROLL","brand_units_per_day":199.32,"category_avg_units_per_day":25.62,"velocity_index":778.0,"brand_rev_per_unit":12.86,"category_rev_per_unit":16.9,"brands_in_category":25},{"category":"INFUSED PACK","brand_units_per_day":172.28,"category_avg_units_per_day":26.26,"velocity_index":656.2,"brand_rev_per_unit":26.15,"category_rev_per_unit":27.52,"brands_in_category":12},{"category":"DISPOSABLE VAPE","brand_units_per_day":85.52,"category_avg_units_per_day":28.36,"velocity_index":301.5,"brand_rev_per_unit":29.43,"category_rev_per_unit":32.31,"brands_in_category":35},{"category":"BATTERY","brand_units_per_day":7.48,"category_avg_units_per_day":2.84,"velocity_index":263.2,"brand_rev_per_unit":25.93,"category_rev_per_unit":20.27,"brands_in_category":19},{"category":"INFUSED FLOWER","brand_units_per_day":6.54,"category_avg_units_per_day":2.6,"velocity_index":251.6,"brand_rev_per_unit":24.55,"category_rev_per_unit":26.05,"brands_in_category":8},{"category":"FLOWER","brand_units_per_day":110.84,"category_avg_units_per_day":55.54,"velocity_index":199.6,"brand_rev_per_unit":26.88,"category_rev_per_unit":22.97,"brands_in_category":64},{"category":"CARTRIDGE","brand_units_per_day":136.08,"category_avg_units_per_day":74.5,"velocity_index":182.6,"brand_rev_per_unit":31.46,"category_rev_per_unit":24.09,"brands_in_category":27},{"category":"CONCENTRATE","brand_units_per_day":16.54,"category_avg_units_per_day":15.38,"velocity_index":107.5,"brand_rev_per_unit":16.95,"category_rev_per_unit":19.88,"brands_in_category":27},{"category":"EDIBLE","brand_units_per_day":23.18,"category_avg_units_per_day":69.98,"velocity_index":33.1,"brand_rev_per_unit":11.83,"category_rev_per_unit":13.77,"brands_in_category":32},{"category":"PROMO","brand_units_per_day":0.02,"category_avg_units_per_day":0.04,"velocity_index":26.3,"brand_rev_per_unit":5.0,"category_rev_per_unit":13.61,"brands_in_category":3},{"category":"PRE ROLL","brand_units_per_day":8.18,"category_avg_units_per_day":42.38,"velocity_index":19.3,"brand_rev_per_unit":9.27,"category_rev_per_unit":7.54,"brands_in_category":46},{"category":"TESTER","brand_units_per_day":0.0,"category_avg_units_per_day":0.02,"velocity_index":9.7,"brand_rev_per_unit":29.0,"category_rev_per_unit":24.38,"brands_in_category":9},{"category":"ACCESSORY","brand_units_per_day":1.16,"category_avg_units_per_day":20.56,"velocity_index":5.7,"brand_rev_per_unit":24.06,"category_rev_per_unit":1.55,"brands_in_category":136},{"category":0.0,"brand_units_per_day":0.0,"category_avg_units_per_day":0,"velocity_index":0,"brand_rev_per_unit":0.0,"category_rev_per_unit":0.0,"brands_in_category":0}],"store_gaps":[{"store":"Elevation Downtown","category":"EDIBLE","category_revenue_at_store":354431.015625,"opportunity":"Category not carried at this store"},{"store":"Elevation Downtown","category":"FLOWER","category_revenue_at_store":324929.8828125,"opportunity":"Category not carried at this store"},{"store":"Elevation Downtown","category":"PRE ROLL","category_revenue_at_store":196139.1015625,"opportunity":"Category not carried at this store"},{"store":"Elevation Downtown","category":"ACCESSORY","category_revenue_at_store":61539.7021484375,"opportunity":"Category not carried at this store"},{"store":"Elevation Downtown","category":"CONCENTRATE","category_revenue_at_store":53170.9033203125,"opportunity":"Category not carried at this store"},{"store":"Elevation Parkway","category":"TESTER","category_revenue_at_store":3387.2500610351562,"opportunity":"Category not carried at this store"}],"product_mix":{"top":[{"product":"BLUE DREAM INFUSED PRE ROLL 4 PK - STIIIZY","units":17010,"revenue":555693.4375,"cost":298182.5,"profit":257510.95703125,"stores":7,"transactions":14232,"margin":46.29999923706055},{"product":"STRAWBERRY COUGH INFUSED PRE ROLL 4 PK - STIIIZY","units":13506,"revenue":437749.4140625,"cost":233158.75,"profit":204590.64453125,"stores":7,"transactions":11536,"margin":46.70000076293945},{"product":"BISCOTTI INFUSED PRE ROLL 4 PK - STIIIZY","units":12204,"revenue":397310.8984375,"cost":219208.75,"profit":178102.1484375,"stores":7,"transactions":10156,"margin":44.79999923706055},{"product":"BLUE DREAM INFUSED PRE ROLL - STIIIZY","units":24528,"revenue":384592.65625,"cost":220280.0,"profit":164312.67578125,"stores":7,"transactions":18344,"margin":42.70000076293945},{"product":"PINEAPPLE EXPRESS INFUSED PRE ROLL 4 PK - STIIIZY","units":11290,"revenue":366160.703125,"cost":193050.0,"profit":173110.703125,"stores":7,"transactions":10040,"margin":47.29999923706055},{"product":"BLUE DREAM POD - STIIIZY","units":10166,"revenue":347022.5390625,"cost":169235.0,"profit":177787.55859375,"stores":7,"transactions":8606,"margin":51.20000076293945},{"product":"STRAWBERRY COUGH INFUSED PRE ROLL - STIIIZY","units":19308,"revenue":302944.765625,"cost":172196.25,"profit":130748.525390625,"stores":7,"transactions":14206,"margin":43.20000076293945},{"product":"PINEAPPLE EXPRESS INFUSED PRE ROLL - STIIIZY","units":18328,"revenue":290393.671875,"cost":162241.25,"profit":128152.421875,"stores":7,"transactions":14698,"margin":44.099998474121094},{"product":"KING LOUIS XIII POD - STIIIZY","units":5924,"revenue":287068.515625,"cost":138253.75,"profit":148814.775390625,"stores":7,"transactions":5210,"margin":51.79999923706055},{"product":"PURPLE PUNCH INFUSED PRE ROLL 4 PK - STIIIZY","units":8540,"revenue":280218.203125,"cost":146711.25,"profit":133506.953125,"stores":7,"transactions":7388,"margin":47.599998474121094},{"product":"OG KUSH POD - STIIIZY","units":5592,"revenue":266027.3046875,"cost":125381.25,"profit":140646.0546875,"stores":7,"transactions":4796,"margin":52.900001525878906},{"product":"PINK ACAI INFUSED BLUNT 4 PK - STIIIZY","units":8034,"revenue":257861.89453125,"cost":145418.75,"profit":112443.154296875,"stores":7,"transactions":7338,"margin":43.599998474121094},{"product":"ORANGE SUNSET POD - STIIIZY","units":5392,"revenue":243495.60546875,"cost":116638.75,"profit":126856.845703125,"stores":7,"transactions":4856,"margin":52.099998474121094},{"product":"BLUE BURST INFUSED BLUNT 4 PK - STIIIZY","units":7470,"revenue":240333.65234375,"cost":133460.0,"profit":106873.65234375,"stores":7,"transactions":6772,"margin":44.5},{"product":"STRAWNANA DISPOSABLE VAPE - STIIIZY","units":6492,"revenue":225812.65625,"cost":104078.75,"profit":121733.896484375,"stores":7,"transactions":5894,"margin":53.900001525878906},{"product":"KING LOUIS XIII INFUSED PRE ROLL - STIIIZY","units":14506,"revenue":224747.51953125,"cost":130115.0,"profit":94632.529296875,"stores":7,"transactions":11142,"margin":42.099998474121094},{"product":"BIRTHDAY CAKE POD - STIIIZY","units":6550,"revenue":222498.65234375,"cost":110142.5,"profit":112356.15234375,"stores":7,"transactions":5914,"margin":50.5},{"product":"SKYWALKER OG POD - STIIIZY","units":5628,"revenue":218558.75,"cost":107951.25,"profit":110607.5,"stores":7,"transactions":4822,"margin":50.599998474121094},{"product":"KING LOUIS XIII INFUSED PRE ROLL 4 PK - STIIIZY","units":6502,"revenue":208018.45703125,"cost":113242.5,"profit":94775.947265625,"stores":6,"transactions":5564,"margin":45.599998474121094},{"product":"STRAWNANA INFUSED PRE ROLL - STIIIZY","units":13376,"revenue":205663.046875,"cost":121435.0,"profit":84228.046875,"stores":7,"transactions":9982,"margin":41.0}],"bottom":[{"product":"ROSE PRE ROLL - STIIIZY","units":24,"revenue":339.00001525878906,"cost":150.0,"profit":188.99999618530273,"stores":1,"transactions":20,"margin":55.79999923706055},{"product":"STRAWBERRY COUGH INFUSED PR 1G - STIIIZY","units":22,"revenue":335.7749938964844,"cost":206.25,"profit":129.52500343322754,"stores":1,"transactions":14,"margin":38.599998474121094},{"product":"ROSE POWER CASE - STIIIZY","units":6,"revenue":290.0,"cost":131.25,"profit":158.75,"stores":1,"transactions":6,"margin":54.70000076293945},{"product":"MANGO TANGO SATIVA GUMMIES - STIIIZY","units":12,"revenue":225.75000762939453,"cost":97.5,"profit":128.24999809265137,"stores":2,"transactions":10,"margin":56.79999923706055},{"product":"GREEN STIIIZY BATTERY - STIIIZY","units":6,"revenue":202.99999237060547,"cost":93.75,"profit":109.25000190734863,"stores":1,"transactions":6,"margin":53.79999923706055},{"product":"BANANA EIGHTH - STIIIZY","units":4,"revenue":175.0,"cost":60.0,"profit":115.0,"stores":1,"transactions":2,"margin":65.69999694824219},{"product":"BIIIG BLACK BATTERY - STIIIZY","units":4,"revenue":161.00000381469727,"cost":62.5,"profit":98.50000381469727,"stores":1,"transactions":4,"margin":61.20000076293945},{"product":"STIIIZY POWER CASE PURPLE","units":2,"revenue":112.5,"cost":43.75,"profit":68.75,"stores":1,"transactions":2,"margin":61.099998474121094},{"product":"WHITE WIDOW LIVE LIQUID DIAMONDS DISPOSABLE - STIIIZY","units":2,"revenue":72.5,"cost":23.75,"profit":48.75,"stores":1,"transactions":2,"margin":67.19999694824219},{"product":"CHERRY POPPERZ PRE ROLL - STIIIZY","units":10,"revenue":62.5,"cost":62.5,"profit":0.0,"stores":1,"transactions":6,"margin":0.0}],"expansion":[{"product":"KING LOUIS XIII INFUSED PRE ROLL 4 PK - STIIIZY","current_stores":6,"total_stores":7,"missing_stores":["Elevation Downtown"],"revenue":208018.45703125},{"product":"CHERRY POPPERZ EIGHTH - STIIIZY","current_stores":6,"total_stores":7,"missing_stores":["Elevation Downtown"],"revenue":174719.74609375},{"product":"THIN MINTZ EIGHTH - STIIIZY","current_stores":6,"total_stores":7,"missing_stores":["Elevation Downtown"],"revenue":166852.734375},{"product":"COCOLATO EIGHTH - STIIIZY","current_stores":6,"total_stores":7,"missing_stores":["Elevation Downtown"],"revenue":161003.701171875},{"product":"LEMON CHERRY GELATO EIGHTH - STIIIZY","current_stores":6,"total_stores":7,"missing_stores":["Elevation Downtown"],"revenue":154518.30078125},{"product":"HARDCORE OG POD - STIIIZY","current_stores":6,"total_stores":7,"missing_stores":["Elevation Downtown"],"revenue":143084.5703125},{"product":"SKYWALKER OG DISPOSABLE VAPE - STIIIZY","current_stores":6,"total_stores":7,"missing_stores":["Elevation Downtown"],"revenue":136472.080078125},{"product":"PINEAPPLE EXPRESS POD - STIIIZY","current_stores":6,"total_stores":7,"missing_stores":["Elevation Downtown"],"revenue":133357.900390625},{"product":"PINK ACAI INFUSED PRE ROLL 4 PK - STIIIZY","current_stores":6,"total_stores":7,"missing_stores":["Elevation Downtown"],"revenue":129733.65234375},{"product":"GRAND DADDY PURP POD - STIIIZY","current_stores":6,"total_stores":7,"missing_stores":["Elevation Downtown"],"revenue":127083.671875}]},"pricing_consistency":[{"product":"SKYWALKER OG POD - STIIIZY","min_price":50.324999999999996,"max_price":109.88987513950892,"avg_price":78.72943339364281,"std_dev":7.3392157359092005,"store_count":14,"price_range":59.56487513950893,"range_pct":75.7},{"product":"BLACK POWER CASE - STIIIZY","min_price":48.75,"max_price":100.0,"avg_price":81.79166666666667,"std_dev":7.841024592913012,"store_count":12,"price_range":51.25,"range_pct":62.7},{"product":"ROSE GOLD POWER CASE - STIIIZY","min_price":50.0,"max_price":100.0,"avg_price":82.13888888888889,"std_dev":8.021129503911437,"store_count":12,"price_range":50.0,"range_pct":60.9},{"product":"GRAND DADDY PURP POD - STIIIZY","min_price":96.00426782535601,"max_price":157.45689655172416,"avg_price":115.3214797624316,"std_dev":9.164809635844732,"store_count":12,"price_range":61.45262872636813,"range_pct":53.3},{"product":"SHERBBLES POPCORN QUARTER - STIIIZY","min_price":62.675,"max_price":106.25,"avg_price":84.46249999999999,"std_dev":12.324871196081526,"store_count":4,"price_range":43.575,"range_pct":51.6},{"product":"CAMO POWER CASE - STIIIZY","min_price":60.0,"max_price":100.0,"avg_price":79.72222222222221,"std_dev":6.316351501958727,"store_count":12,"price_range":40.0,"range_pct":50.2},{"product":"BIRTHDAY CAKE POD - STIIIZY","min_price":47.225,"max_price":79.28789319490132,"avg_price":65.6063263520163,"std_dev":4.094052970472435,"store_count":14,"price_range":32.062893194901314,"range_pct":48.9},{"product":"LITE BATTERY - STIIIZY","min_price":30.833333333333336,"max_price":45.875,"avg_price":35.32712418300653,"std_dev":2.265299274324597,"store_count":12,"price_range":15.041666666666668,"range_pct":42.6},{"product":"CAMO STIIIZY BATTERY - STIIIZY","min_price":42.368421052631575,"max_price":65.25,"avg_price":53.80921052631579,"std_dev":6.471887855175824,"store_count":4,"price_range":22.88157894736843,"range_pct":42.5},{"product":"PREMIUM JACK POD - STIIIZY","min_price":60.97806696306195,"max_price":90.9687614440918,"avg_price":72.84159326421684,"std_dev":5.347772621527392,"store_count":12,"price_range":29.990694481029845,"range_pct":41.2},{"product":"BLUE DREAM POD - STIIIZY","min_price":49.28977272727273,"max_price":76.85114132849526,"avg_price":67.3401962319081,"std_dev":3.6323725029985634,"store_count":14,"price_range":27.56136860122254,"range_pct":40.9},{"product":"WATERMELON ZKITTLES POD - STIIIZY","min_price":94.79871651785714,"max_price":147.7420673673115,"avg_price":132.07176469077348,"std_dev":7.532394112944851,"store_count":12,"price_range":52.94335084945436,"range_pct":40.1},{"product":"APPLE FRITTER POD - STIIIZY","min_price":87.72446652676196,"max_price":127.64187622070312,"avg_price":107.68317137373256,"std_dev":11.29034843279497,"store_count":4,"price_range":39.91740969394117,"range_pct":37.1},{"product":"ROSE PRE ROLL 1G - STIIIZY","min_price":19.267539978027344,"max_price":27.5,"avg_price":23.64738040500217,"std_dev":1.656590274393636,"store_count":6,"price_range":8.232460021972656,"range_pct":34.8},{"product":"WATERMELON Z POD - STIIIZY","min_price":79.969296875,"max_price":111.24915489783653,"avg_price":91.8642032604806,"std_dev":4.711484065941994,"store_count":10,"price_range":31.279858022836535,"range_pct":34.1},{"product":"BLUE DREAM STARTER PACK - STIIIZY","min_price":81.13104248046875,"max_price":116.3153827373798,"avg_price":103.79019039719122,"std_dev":4.482959183285041,"store_count":14,"price_range":35.18434025691106,"range_pct":33.9},{"product":"KING LOUIS POD - STIIIZY","min_price":102.17255138960041,"max_price":144.4687525431315,"avg_price":125.41894548952996,"std_dev":6.3984403031439365,"store_count":12,"price_range":42.29620115353109,"range_pct":33.7},{"product":"GRAND DADDY PURPLE POD - STIIIZY","min_price":101.75266895479369,"max_price":140.92425722064394,"avg_price":120.46877305214653,"std_dev":6.225663589390737,"store_count":10,"price_range":39.17158826585025,"range_pct":32.5},{"product":"PURPLE PUNCH INFUSED BLUNT 4 PK - STIIIZY","min_price":56.882142566499255,"max_price":78.03895462390989,"avg_price":69.64885760955416,"std_dev":2.8025397594475243,"store_count":12,"price_range":21.156812057410626,"range_pct":30.4},{"product":"BIIIG ROSE GOLD BATTERY - STIIIZY","min_price":82.90476481119791,"max_price":112.1250025431315,"avg_price":97.5148836771647,"std_dev":8.264731299253308,"store_count":4,"price_range":29.220237731933594,"range_pct":30.0},{"product":"WHITE RASPBERRY POD - STIIIZY","min_price":57.525510204081634,"max_price":78.51984768978005,"avg_price":70.70180556122065,"std_dev":2.9555939932603748,"store_count":12,"price_range":20.99433748569841,"range_pct":29.7},{"product":"CANDY RUNTZ EIGHTH - STIIIZY","min_price":47.35576923076923,"max_price":62.30392156862745,"avg_price":54.13949154757457,"std_dev":2.2056080270519933,"store_count":12,"price_range":14.948152337858218,"range_pct":27.6},{"product":"BIIIG CAMO BATTERY - STIIIZY","min_price":84.33333079020181,"max_price":110.07142566499256,"avg_price":93.73644456409272,"std_dev":4.1654415638600994,"store_count":10,"price_range":25.738094874790747,"range_pct":27.5},{"product":"WATERMELON Z STARTER PACK - STIIIZY","min_price":85.62178831049465,"max_price":113.60481688213832,"avg_price":102.67917252544984,"std_dev":3.4608689012851137,"store_count":14,"price_range":27.983028571643676,"range_pct":27.3},{"product":"BISCOTTI INFUSED BLUNT 4 PK - STIIIZY","min_price":66.63461538461539,"max_price":87.5,"avg_price":77.0673076923077,"std_dev":5.90162198144157,"store_count":4,"price_range":20.865384615384617,"range_pct":27.1},{"product":"MAGIC MELON POD - STIIIZY","min_price":55.670286934330775,"max_price":72.71756558804898,"avg_price":62.80248093292289,"std_dev":2.461821923166206,"store_count":12,"price_range":17.047278653718205,"range_pct":27.1},{"product":"BLUEBERRY MUFFIN LR SAUCE - STIIIZY","min_price":27.040002441406248,"max_price":35.43750127156576,"avg_price":31.229208668381283,"std_dev":1.2366777291515185,"store_count":10,"price_range":8.39749883015951,"range_pct":26.9},{"product":"BLUE RUNTZ EIGHTH - STIIIZY","min_price":51.1460880195599,"max_price":67.1930510422279,"avg_price":59.54735541711611,"std_dev":2.25070008755642,"store_count":12,"price_range":16.046963022668006,"range_pct":26.9},{"product":"STRAWNANA POD - STIIIZY","min_price":71.79317333080151,"max_price":94.62470407196969,"avg_price":86.19656344941694,"std_dev":3.2812667618292823,"store_count":12,"price_range":22.831530741168187,"range_pct":26.5},{"product":"STRAWBERRY COUGH INFUSED BLUNT 4 PK - STIIIZY","min_price":63.44261169433594,"max_price":82.57875061035156,"avg_price":72.94384655706327,"std_dev":3.379686441320874,"store_count":8,"price_range":19.13613891601562,"range_pct":26.2}],"promotional_effectiveness":{"lift":{"fp_units_per_day":218.46,"disc_units_per_day":558.08,"lift_pct":155.5,"fp_avg_revenue_per_unit":77.69999999999999,"disc_avg_revenue_per_unit":50.85},"by_deal":[{"deal_name":"Industry - 30% Off","uses":22199,"revenue":1561850.9551358223,"discounts":670685.2866363525,"units":62640.0,"cost":894364.4499999518,"margin":42.7,"discount_depth":60.0},{"deal_name":"STiiiZY Weekend WarmUp - 30% Off STiiiZY Vapes / Flower /IPR","uses":20643,"revenue":2028336.8330946066,"discounts":873861.9062610466,"units":63995.0,"cost":935038.2416666595,"margin":53.9,"discount_depth":60.2},{"deal_name":"STiiiZY Weekend WarmUp - 40% Off STiiiZY Vapes / Flower /IPR","uses":15358,"revenue":1350727.5348293781,"discounts":906043.7153100967,"units":56053.0,"cost":883131.474999981,"margin":34.6,"discount_depth":80.2},{"deal_name":"Industry 30% Off","uses":7080,"revenue":736244.263343215,"discounts":318741.35751922923,"units":24333.333333333332,"cost":355356.24166666216,"margin":51.7,"discount_depth":60.4},{"deal_name":"STiiiZY Thursday - 30% Off All STiiiZY","uses":4396,"revenue":408615.1486337185,"discounts":175547.34980762005,"units":15892.0,"cost":233100.27499999385,"margin":43.0,"discount_depth":60.2},{"deal_name":"STiiiZY Thursday - Infused","uses":4018,"revenue":415221.20524406433,"discounts":408438.795542717,"units":28168.0,"cost":357862.5,"margin":13.8,"discount_depth":99.2},{"deal_name":"Lit4Less - 1/4 for $40","uses":3767,"revenue":326399.0875021617,"discounts":163775.91250141463,"units":13071.333333333334,"cost":133417.08333333334,"margin":59.1,"discount_depth":66.8},{"deal_name":"STiiiZY 4th Of July / 710 weekend","uses":3600,"revenue":291275.949382782,"discounts":194757.8006362915,"units":11420.0,"cost":164960.0,"margin":43.4,"discount_depth":80.2},{"deal_name":"4/20 2025 - Flower / Infused","uses":2090,"revenue":167684.05000060797,"discounts":168378.45000505447,"units":8650.0,"cost":138752.5,"margin":17.3,"discount_depth":100.2},{"deal_name":"Senior - 10% Off","uses":2019,"revenue":243842.79223442078,"discounts":28016.375085413456,"units":7007.666666666667,"cost":102349.62499999441,"margin":58.0,"discount_depth":20.6},{"deal_name":"STiiiZY Thursday - 40% Off STiiiZY Vapes /IPR","uses":1888,"revenue":169385.09951353073,"discounts":113502.40049600601,"units":7336.0,"cost":115072.5,"margin":32.1,"discount_depth":80.2},{"deal_name":"Veterans - 10% Off","uses":1764,"revenue":169785.83800315857,"discounts":19158.537580370903,"units":5030.0,"cost":72842.6249999972,"margin":57.1,"discount_depth":20.2},{"deal_name":"Jackpot - Locals 30% Off","uses":1517,"revenue":170490.94933271408,"discounts":73017.7998816967,"units":5718.0,"cost":88727.74999999441,"margin":48.0,"discount_depth":60.0},{"deal_name":"30% OFF STiiiZY Vapes/ Dispos/ Infused 40s","uses":1409,"revenue":114983.97423028946,"discounts":49419.77480649948,"units":4473.0,"cost":68615.625,"margin":40.3,"discount_depth":60.2},{"deal_name":"50% Off IPR  / PR Packs","uses":1239,"revenue":77413.82499963045,"discounts":77771.17499351501,"units":4846.0,"cost":65818.75,"margin":15.0,"discount_depth":100.2},{"deal_name":"50% Off - G2B","uses":1214,"revenue":111028.96250367165,"discounts":111614.16249752045,"units":4653.0,"cost":71389.42499999888,"margin":35.7,"discount_depth":100.2},{"deal_name":"Stock & Save - 1/4 for $40","uses":1201,"revenue":98882.5,"discounts":49217.5,"units":3956.0,"cost":39537.5,"margin":60.0,"discount_depth":66.4},{"deal_name":"Senior / Veterans - 20% Off","uses":1135,"revenue":127659.08811092377,"discounts":32270.912657380104,"units":4547.0,"cost":61720.14999999665,"margin":51.7,"discount_depth":40.4},{"deal_name":"4/20 50% Off!!!!","uses":981,"revenue":73536.25,"discounts":73536.25,"units":4062.0,"cost":59387.64999999665,"margin":19.2,"discount_depth":100.0},{"deal_name":"30% Off Special","uses":832,"revenue":68471.42483949661,"discounts":29453.574962615967,"units":1959.0,"cost":33864.375,"margin":50.5,"discount_depth":60.2}]},"growth_opportunities":[{"type":"sku_expansion","title":"Add 'APPLE FRITTER POD - STIIIZY' to 5 more store(s)","detail":"Carried in 2 stores. Missing from: Elevation Mesa, Elevation Oasis, Elevation Downtown, Elevation Midtown, Elevation Boulevard","priority":"medium"},{"type":"sku_expansion","title":"Add 'BANANA MAC LIVE RESIN SAUCE - STIIIZY' to 3 more store(s)","detail":"Carried in 4 stores. Missing from: Elevation Mesa, Elevation Downtown, Elevation Parkway","priority":"medium"},{"type":"sku_expansion","title":"Add 'BANANA MAC LR DIAMONDS - STIIIZY' to 1 more store(s)","detail":"Carried in 6 stores. Missing from: Elevation Downtown","priority":"medium"},{"type":"sku_expansion","title":"Add 'BANANA MILK LIVE RESIN DIAMONDS - STIIIZY' to 2 more store(s)","detail":"Carried in 5 stores. Missing from: Elevation Downtown, Elevation Parkway","priority":"medium"},{"type":"sku_expansion","title":"Add 'BAR BATTERY - STIIIZY' to 4 more store(s)","detail":"Carried in 3 stores. Missing from: Elevation Downtown, Elevation Midtown, Elevation Boulevard, Elevation Parkway","priority":"medium"},{"type":"velocity","title":"Improve velocity in EDIBLE","detail":"Velocity index 33 (below category average). 11.6 units/day vs 35.0 avg.","priority":"medium"},{"type":"velocity","title":"Improve velocity in PROMO","detail":"Velocity index 26 (below category average). 0.0 units/day vs 0.0 avg.","priority":"medium"},{"type":"velocity","title":"Improve velocity in PRE ROLL","detail":"Velocity index 19 (below category average). 4.1 units/day vs 21.2 avg.","priority":"medium"},{"type":"velocity","title":"Improve velocity in TESTER","detail":"Velocity index 10 (below category average). 0.0 units/day vs 0.0 avg.","priority":"medium"},{"type":"velocity","title":"Improve velocity in ACCESSORY","detail":"Velocity index 6 (below category average). 0.6 units/day vs 10.3 avg.","priority":"medium"},{"type":"velocity","title":"Improve velocity in nan","detail":"Velocity index 0 (below category average). 0.0 units/day vs 0.0 avg.","priority":"medium"}],"trend":[{"period":"2024-01","revenue":683079.765625,"cost":347887.265625,"margin":49.1,"units":23430,"transactions":14472,"profit":335192.5,"revenue_change_pct":null,"units_change_pct":null,"margin_change_pts":null},{"period":"2024-02","revenue":707179.453125,"cost":342078.6328125,"margin":51.6,"units":24068,"transactions":14368,"profit":365100.78125,"revenue_change_pct":3.5,"units_change_pct":2.7,"margin_change_pts":2.6},{"period":"2024-03","revenue":609809.4921875,"cost":285665.390625,"margin":53.2,"units":19514,"transactions":11860,"profit":324144.08203125,"revenue_change_pct":-13.8,"units_change_pct":-18.9,"margin_change_pts":1.5},{"period":"2024-04","revenue":757523.90625,"cost":385346.328125,"margin":49.1,"units":27280,"transactions":15782,"profit":372177.5390625,"revenue_change_pct":24.2,"units_change_pct":39.8,"margin_change_pts":-4.0},{"period":"2024-05","revenue":790941.71875,"cost":389068.984375,"margin":50.8,"units":27544,"transactions":15542,"profit":401872.734375,"revenue_change_pct":4.4,"units_change_pct":1.0,"margin_change_pts":1.7},{"period":"2024-06","revenue":671031.25,"cost":330758.75,"margin":50.7,"units":24246,"transactions":14054,"profit":340272.5390625,"revenue_change_pct":-15.2,"units_change_pct":-12.0,"margin_change_pts":-0.1},{"period":"2024-07","revenue":663867.1875,"cost":345132.5,"margin":48.0,"units":24784,"transactions":14408,"profit":318734.66796875,"revenue_change_pct":-1.1,"units_change_pct":2.2,"margin_change_pts":-2.7},{"period":"2024-08","revenue":570827.0703125,"cost":290290.0,"margin":49.1,"units":19576,"transactions":11766,"profit":280537.0703125,"revenue_change_pct":-14.0,"units_change_pct":-21.0,"margin_change_pts":1.1},{"period":"2024-09","revenue":554730.3125,"cost":278324.7265625,"margin":49.8,"units":19680,"transactions":11928,"profit":276405.60546875,"revenue_change_pct":-2.8,"units_change_pct":0.5,"margin_change_pts":0.7},{"period":"2024-10","revenue":533997.65625,"cost":255106.5234375,"margin":52.2,"units":19316,"transactions":12244,"profit":278891.15234375,"revenue_change_pct":-3.7,"units_change_pct":-1.8,"margin_change_pts":2.4},{"period":"2024-11","revenue":498860.3125,"cost":278963.02734375,"margin":44.1,"units":19992,"transactions":12002,"profit":219897.3046875,"revenue_change_pct":-6.6,"units_change_pct":3.5,"margin_change_pts":-8.1},{"period":"2024-12","revenue":581332.578125,"cost":294717.59765625,"margin":49.3,"units":20516,"transactions":13258,"profit":286614.98046875,"revenue_change_pct":16.5,"units_change_pct":2.6,"margin_change_pts":5.2},{"period":"2025-01","revenue":520065.703125,"cost":267110.0,"margin":48.6,"units":17986,"transactions":11708,"profit":252955.703125,"revenue_change_pct":-10.5,"units_change_pct":-12.3,"margin_change_pts":-0.7},{"period":"2025-02","revenue":510854.9609375,"cost":262486.25,"margin":48.6,"units":17342,"transactions":11434,"profit":248368.73046875,"revenue_change_pct":-1.8,"units_change_pct":-3.6,"margin_change_pts":-0.0},{"period":"2025-03","revenue":587362.3828125,"cost":315365.0,"margin":46.3,"units":20608,"transactions":13360,"profit":271997.3828125,"revenue_change_pct":15.0,"units_change_pct":18.8,"margin_change_pts":-2.3},{"period":"2025-04","revenue":695571.484375,"cost":444093.0859375,"margin":36.2,"units":28444,"transactions":16202,"profit":251478.3984375,"revenue_change_pct":18.4,"units_change_pct":38.0,"margin_change_pts":-10.2},{"period":"2025-05","revenue":870548.125,"cost":527493.1640625,"margin":39.4,"units":33404,"transactions":19430,"profit":343054.9609375,"revenue_change_pct":25.2,"units_change_pct":17.4,"margin_change_pts":3.3},{"period":"2025-06","revenue":888327.421875,"cost":501110.0,"margin":43.6,"units":32398,"transactions":19414,"profit":387217.3828125,"revenue_change_pct":2.0,"units_change_pct":-3.0,"margin_change_pts":4.2},{"period":"2025-07","revenue":976369.609375,"cost":471118.203125,"margin":51.7,"units":33514,"transactions":20270,"profit":505251.40625,"revenue_change_pct":9.9,"units_change_pct":3.4,"margin_change_pts":8.2},{"period":"2025-08","revenue":972402.890625,"cost":415528.28125,"margin":57.3,"units":29304,"transactions":18564,"profit":556874.609375,"revenue_change_pct":-0.4,"units_change_pct":-12.6,"margin_change_pts":5.5},{"period":"2025-09","revenue":778414.21875,"cost":323589.12109375,"margin":58.4,"units":23620,"transactions":15130,"profit":454825.078125,"revenue_change_pct":-19.9,"units_change_pct":-19.4,"margin_change_pts":1.2},{"period":"2025-10","revenue":822228.59375,"cost":350150.15625,"margin":57.4,"units":24404,"transactions":15778,"profit":472078.4375,"revenue_change_pct":5.6,"units_change_pct":3.3,"margin_change_pts":-1.0},{"period":"2025-11","revenue":635316.328125,"cost":288993.84765625,"margin":54.5,"units":19380,"transactions":12080,"profit":346322.4609375,"revenue_change_pct":-22.7,"units_change_pct":-20.6,"margin_change_pts":-2.9},{"period":"2025-12","revenue":560639.8046875,"cost":238028.80859375,"margin":57.5,"units":17654,"transactions":11246,"profit":322611.015625,"revenue_change_pct":-11.8,"units_change_pct":-8.9,"margin_change_pts":3.0},{"period":"2026-01","revenue":570802.890625,"cost":250136.25,"margin":56.2,"units":16608,"transactions":10766,"profit":320666.640625,"revenue_change_pct":1.8,"units_change_pct":-5.9,"margin_change_pts":-1.4}]}