{"brand":"STIIIZY","date_range":"2024-01-01 00:00:00 to 2026-01-31 00:00:00","period_label":"All Time","summary":{"total_units":584612,"total_revenue":17012085.0,"total_cost":8478541.875,"total_discounts":5563231.25,"total_profit":8533543.75,"overall_margin":50.20000076293945,"fp_margin":61.29999923706055,"disc_margin":43.79999923706055,"pct_full_price":36.5,"avg_discount_rate":24.600000381469727,"fp_revenue":6211953.75,"disc_revenue":10800132.5,"unique_customers":146914,"brand":"STIIIZY","date_range":"2024-01-01 00:00:00 to 2026-01-31 00:00:00","months_count":50,"avg_monthly_cost":339141.67500000005,"cost_per_unit":29.0,"primary_category":"INFUSED PACK","primary_cat_margin":47.70000076293945,"category_rank":1,"category_total":12,"margin_vs_category":2.5,"velocity_rank":1},"category_breakdown":[{"category_clean":"INFUSED PACK","units":131282,"revenue":4291192.8125,"cost":2318566.25,"profit":1972626.5625,"discounts":1450512.1875,"margin":46.0,"category_avg_margin":47.70000076293945,"vs_category":-1.7,"rank":1.0,"total_brands":12.0},{"category_clean":"CARTRIDGE","units":103690,"revenue":4077529.375,"cost":1890361.40625,"profit":2187167.96875,"discounts":1244626.953125,"margin":53.599998474121094,"category_avg_margin":50.400001525878906,"vs_category":3.2,"rank":4.0,"total_brands":27.0},{"category_clean":"FLOWER","units":84454,"revenue":2837726.875,"cost":1286932.65625,"profit":1550794.0625,"discounts":1084767.03125,"margin":54.599998474121094,"category_avg_margin":54.099998474121094,"vs_category":0.5,"rank":7.0,"total_brands":64.0},{"category_clean":"INFUSED PRE ROLL","units":151886,"revenue":2442044.84375,"cost":1398650.0,"profit":1043394.921875,"discounts":880545.078125,"margin":42.70000076293945,"category_avg_margin":47.29999923706055,"vs_category":-4.6,"rank":2.0,"total_brands":25.0},{"category_clean":"DISPOSABLE VAPE","units":65168,"revenue":2397766.875,"cost":1087326.25,"profit":1310440.625,"discounts":633336.9140625,"margin":54.70000076293945,"category_avg_margin":52.79999923706055,"vs_category":1.9,"rank":5.0,"total_brands":35.0},{"category_clean":"CONCENTRATE","units":12610,"revenue":267195.60546875,"cost":145412.5,"profit":121783.095703125,"discounts":67441.8994140625,"margin":45.599998474121094,"category_avg_margin":45.900001525878906,"vs_category":-0.3,"rank":5.0,"total_brands":27.0},{"category_clean":"EDIBLE","units":17668,"revenue":261300.91796875,"cost":143115.0,"profit":118185.927734375,"discounts":86694.072265625,"margin":45.20000076293945,"category_avg_margin":50.0,"vs_category":-4.8,"rank":16.0,"total_brands":32.0},{"category_clean":"BATTERY","units":5696,"revenue":184627.2265625,"cost":76348.349609375,"profit":108278.876953125,"discounts":27710.27587890625,"margin":58.599998474121094,"category_avg_margin":62.29999923706055,"vs_category":-3.7,"rank":2.0,"total_brands":19.0},{"category_clean":"INFUSED FLOWER","units":4976,"revenue":152681.904296875,"cost":80826.748046875,"profit":71855.1513671875,"discounts":64943.1005859375,"margin":47.099998474121094,"category_avg_margin":51.79999923706055,"vs_category":-4.7,"rank":2.0,"total_brands":8.0},{"category_clean":"PRE ROLL","units":6228,"revenue":72153.6474609375,"cost":38176.4990234375,"profit":33977.15087890625,"discounts":18801.35009765625,"margin":47.099998474121094,"category_avg_margin":48.29999923706055,"vs_category":-1.2,"rank":23.0,"total_brands":46.0},{"category_clean":"ACCESSORY","units":886,"revenue":26645.94970703125,"cost":12181.25,"profit":14464.69970703125,"discounts":3679.0499877929688,"margin":54.29999923706055,"category_avg_margin":61.099998474121094,"vs_category":-6.8,"rank":10.0,"total_brands":136.0},{"category_clean":"TESTER","units":2,"revenue":72.5,"cost":23.75,"profit":48.75,"discounts":0.0,"margin":67.19999694824219,"category_avg_margin":57.599998474121094,"vs_category":9.6,"rank":5.0,"total_brands":9.0},{"category_clean":"PROMO","units":10,"revenue":62.5,"cost":62.5,"profit":0.0,"discounts":0.0,"margin":0.0,"category_avg_margin":61.400001525878906,"vs_category":-61.4,"rank":3.0,"total_brands":3.0}],"trend":[{"period":"2024-01","revenue":683079.765625,"cost":347887.265625,"margin":49.1,"units":23430,"transactions":14472,"profit":335192.5,"revenue_change_pct":null,"units_change_pct":null,"margin_change_pts":null},{"period":"2024-02","revenue":707179.453125,"cost":342078.6328125,"margin":51.6,"units":24068,"transactions":14368,"profit":365100.78125,"revenue_change_pct":3.5,"units_change_pct":2.7,"margin_change_pts":2.6},{"period":"2024-03","revenue":609809.4921875,"cost":285665.390625,"margin":53.2,"units":19514,"transactions":11860,"profit":324144.08203125,"revenue_change_pct":-13.8,"units_change_pct":-18.9,"margin_change_pts":1.5},{"period":"2024-04","revenue":757523.90625,"cost":385346.328125,"margin":49.1,"units":27280,"transactions":15782,"profit":372177.5390625,"revenue_change_pct":24.2,"units_change_pct":39.8,"margin_change_pts":-4.0},{"period":"2024-05","revenue":790941.71875,"cost":389068.984375,"margin":50.8,"units":27544,"transactions":15542,"profit":401872.734375,"revenue_change_pct":4.4,"units_change_pct":1.0,"margin_change_pts":1.7},{"period":"2024-06","revenue":671031.25,"cost":330758.75,"margin":50.7,"units":24246,"transactions":14054,"profit":340272.5390625,"revenue_change_pct":-15.2,"units_change_pct":-12.0,"margin_change_pts":-0.1},{"period":"2024-07","revenue":663867.1875,"cost":345132.5,"margin":48.0,"units":24784,"transactions":14408,"profit":318734.66796875,"revenue_change_pct":-1.1,"units_change_pct":2.2,"margin_change_pts":-2.7},{"period":"2024-08","revenue":570827.0703125,"cost":290290.0,"margin":49.1,"units":19576,"transactions":11766,"profit":280537.0703125,"revenue_change_pct":-14.0,"units_change_pct":-21.0,"margin_change_pts":1.1},{"period":"2024-09","revenue":554730.3125,"cost":278324.7265625,"margin":49.8,"units":19680,"transactions":11928,"profit":276405.60546875,"revenue_change_pct":-2.8,"units_change_pct":0.5,"margin_change_pts":0.7},{"period":"2024-10","revenue":533997.65625,"cost":255106.5234375,"margin":52.2,"units":19316,"transactions":12244,"profit":278891.15234375,"revenue_change_pct":-3.7,"units_change_pct":-1.8,"margin_change_pts":2.4},{"period":"2024-11","revenue":498860.3125,"cost":278963.02734375,"margin":44.1,"units":19992,"transactions":12002,"profit":219897.3046875,"revenue_change_pct":-6.6,"units_change_pct":3.5,"margin_change_pts":-8.1},{"period":"2024-12","revenue":581332.578125,"cost":294717.59765625,"margin":49.3,"units":20516,"transactions":13258,"profit":286614.98046875,"revenue_change_pct":16.5,"units_change_pct":2.6,"margin_change_pts":5.2},{"period":"2025-01","revenue":520065.703125,"cost":267110.0,"margin":48.6,"units":17986,"transactions":11708,"profit":252955.703125,"revenue_change_pct":-10.5,"units_change_pct":-12.3,"margin_change_pts":-0.7},{"period":"2025-02","revenue":510854.9609375,"cost":262486.25,"margin":48.6,"units":17342,"transactions":11434,"profit":248368.73046875,"revenue_change_pct":-1.8,"units_change_pct":-3.6,"margin_change_pts":-0.0},{"period":"2025-03","revenue":587362.3828125,"cost":315365.0,"margin":46.3,"units":20608,"transactions":13360,"profit":271997.3828125,"revenue_change_pct":15.0,"units_change_pct":18.8,"margin_change_pts":-2.3},{"period":"2025-04","revenue":695571.484375,"cost":444093.0859375,"margin":36.2,"units":28444,"transactions":16202,"profit":251478.3984375,"revenue_change_pct":18.4,"units_change_pct":38.0,"margin_change_pts":-10.2},{"period":"2025-05","revenue":870548.125,"cost":527493.1640625,"margin":39.4,"units":33404,"transactions":19430,"profit":343054.9609375,"revenue_change_pct":25.2,"units_change_pct":17.4,"margin_change_pts":3.3},{"period":"2025-06","revenue":888327.421875,"cost":501110.0,"margin":43.6,"units":32398,"transactions":19414,"profit":387217.3828125,"revenue_change_pct":2.0,"units_change_pct":-3.0,"margin_change_pts":4.2},{"period":"2025-07","revenue":976369.609375,"cost":471118.203125,"margin":51.7,"units":33514,"transactions":20270,"profit":505251.40625,"revenue_change_pct":9.9,"units_change_pct":3.4,"margin_change_pts":8.2},{"period":"2025-08","revenue":972402.890625,"cost":415528.28125,"margin":57.3,"units":29304,"transactions":18564,"profit":556874.609375,"revenue_change_pct":-0.4,"units_change_pct":-12.6,"margin_change_pts":5.5},{"period":"2025-09","revenue":778414.21875,"cost":323589.12109375,"margin":58.4,"units":23620,"transactions":15130,"profit":454825.078125,"revenue_change_pct":-19.9,"units_change_pct":-19.4,"margin_change_pts":1.2},{"period":"2025-10","revenue":822228.59375,"cost":350150.15625,"margin":57.4,"units":24404,"transactions":15778,"profit":472078.4375,"revenue_change_pct":5.6,"units_change_pct":3.3,"margin_change_pts":-1.0},{"period":"2025-11","revenue":635316.328125,"cost":288993.84765625,"margin":54.5,"units":19380,"transactions":12080,"profit":346322.4609375,"revenue_change_pct":-22.7,"units_change_pct":-20.6,"margin_change_pts":-2.9},{"period":"2025-12","revenue":560639.8046875,"cost":238028.80859375,"margin":57.5,"units":17654,"transactions":11246,"profit":322611.015625,"revenue_change_pct":-11.8,"units_change_pct":-8.9,"margin_change_pts":3.0},{"period":"2026-01","revenue":570802.890625,"cost":250136.25,"margin":56.2,"units":16608,"transactions":10766,"profit":320666.640625,"revenue_change_pct":1.8,"units_change_pct":-5.9,"margin_change_pts":-1.4}],"share_of_category":[{"category":"INFUSED PACK","brand_revenue":4291192.8125,"category_revenue":8259010.0,"revenue_share_pct":52.0,"brand_units":131282,"category_units":240090,"units_share_pct":54.7},{"category":"CARTRIDGE","brand_revenue":4077529.375,"category_revenue":46155130.0,"revenue_share_pct":8.800000190734863,"brand_units":103690,"category_units":1532896,"units_share_pct":6.8},{"category":"FLOWER","brand_revenue":2837726.875,"category_revenue":77755450.0,"revenue_share_pct":3.5999999046325684,"brand_units":84454,"category_units":2708446,"units_share_pct":3.1},{"category":"INFUSED PRE ROLL","brand_revenue":2442044.84375,"category_revenue":10308101.25,"revenue_share_pct":23.700000762939453,"brand_units":151886,"category_units":488074,"units_share_pct":31.1},{"category":"DISPOSABLE VAPE","brand_revenue":2397766.875,"category_revenue":30552405.0,"revenue_share_pct":7.800000190734863,"brand_units":65168,"category_units":756548,"units_share_pct":8.6},{"category":"CONCENTRATE","brand_revenue":267195.60546875,"category_revenue":7866357.5,"revenue_share_pct":3.4000000953674316,"brand_units":12610,"category_units":316632,"units_share_pct":4.0},{"category":"EDIBLE","brand_revenue":261300.91796875,"category_revenue":29378492.5,"revenue_share_pct":0.8999999761581421,"brand_units":17668,"category_units":1706530,"units_share_pct":1.0},{"category":"BATTERY","brand_revenue":184627.2265625,"category_revenue":1041867.1875,"revenue_share_pct":17.700000762939453,"brand_units":5696,"category_units":41118,"units_share_pct":13.9},{"category":"INFUSED FLOWER","brand_revenue":152681.89453125,"category_revenue":515348.203125,"revenue_share_pct":29.600000381469727,"brand_units":4976,"category_units":15824,"units_share_pct":31.4},{"category":"PRE ROLL","brand_revenue":72153.6474609375,"category_revenue":14009791.25,"revenue_share_pct":0.5,"brand_units":6228,"category_units":1485736,"units_share_pct":0.4},{"category":"ACCESSORY","brand_revenue":26645.94970703125,"category_revenue":4128754.0625,"revenue_share_pct":0.6000000238418579,"brand_units":886,"category_units":2130096,"units_share_pct":0.0},{"category":"TESTER","brand_revenue":72.5,"category_revenue":5668.800048828125,"revenue_share_pct":1.2999999523162842,"brand_units":2,"category_units":186,"units_share_pct":1.1},{"category":"PROMO","brand_revenue":62.5,"category_revenue":1940.0,"revenue_share_pct":3.200000047683716,"brand_units":10,"category_units":114,"units_share_pct":8.8},{"category":0.0,"brand_revenue":0.0,"category_revenue":0.0,"revenue_share_pct":0.0,"brand_units":0,"category_units":0,"units_share_pct":0.0}],"share_of_category_trend":{"INFUSED PACK":[{"period":"2024-01","brand_revenue":67074.47265625,"category_revenue":204601.875,"share_pct":32.79999923706055},{"period":"2024-02","brand_revenue":96864.326171875,"category_revenue":221156.7578125,"share_pct":43.79999923706055},{"period":"2024-03","brand_revenue":95114.501953125,"category_revenue":257436.93359375,"share_pct":36.900001525878906},{"period":"2024-04","brand_revenue":162540.703125,"category_revenue":301537.3046875,"share_pct":53.900001525878906},{"period":"2024-05","brand_revenue":146645.17578125,"category_revenue":301873.0078125,"share_pct":48.599998474121094},{"period":"2024-06","brand_revenue":157859.47265625,"category_revenue":300488.6328125,"share_pct":52.5},{"period":"2024-07","brand_revenue":141463.37890625,"category_revenue":303570.80078125,"share_pct":46.599998474121094},{"period":"2024-08","brand_revenue":168146.0546875,"category_revenue":283995.625,"share_pct":59.20000076293945},{"period":"2024-09","brand_revenue":170984.74609375,"category_revenue":331664.1796875,"share_pct":51.599998474121094},{"period":"2024-10","brand_revenue":165982.51953125,"category_revenue":311486.1328125,"share_pct":53.29999923706055},{"period":"2024-11","brand_revenue":170047.421875,"category_revenue":306613.92578125,"share_pct":55.5},{"period":"2024-12","brand_revenue":170489.7265625,"category_revenue":298008.41796875,"share_pct":57.20000076293945},{"period":"2025-01","brand_revenue":156979.951171875,"category_revenue":269244.765625,"share_pct":58.29999923706055},{"period":"2025-02","brand_revenue":165224.6484375,"category_revenue":309579.8046875,"share_pct":53.400001525878906},{"period":"2025-03","brand_revenue":189107.12890625,"category_revenue":312908.80859375,"share_pct":60.400001525878906},{"period":"2025-04","brand_revenue":219176.19140625,"category_revenue":389974.3359375,"share_pct":56.20000076293945},{"period":"2025-05","brand_revenue":275571.25,"category_revenue":404824.9609375,"share_pct":68.0999984741211},{"period":"2025-06","brand_revenue":241819.19921875,"category_revenue":383193.4765625,"share_pct":63.099998474121094},{"period":"2025-07","brand_revenue":239477.96875,"category_revenue":437456.640625,"share_pct":54.70000076293945},{"period":"2025-08","brand_revenue":205506.3671875,"category_revenue":391817.578125,"share_pct":52.400001525878906},{"period":"2025-09","brand_revenue":184590.78125,"category_revenue":367221.40625,"share_pct":50.29999923706055},{"period":"2025-10","brand_revenue":219877.03125,"category_revenue":423332.109375,"share_pct":51.900001525878906},{"period":"2025-11","brand_revenue":171504.921875,"category_revenue":395184.53125,"share_pct":43.400001525878906},{"period":"2025-12","brand_revenue":163932.421875,"category_revenue":387500.234375,"share_pct":42.29999923706055},{"period":"2026-01","brand_revenue":145212.421875,"category_revenue":364337.6171875,"share_pct":39.900001525878906}],"CARTRIDGE":[{"period":"2024-01","brand_revenue":188173.80859375,"category_revenue":2057675.625,"share_pct":9.100000381469727},{"period":"2024-02","brand_revenue":197340.95703125,"category_revenue":2141777.8125,"share_pct":9.199999809265137},{"period":"2024-03","brand_revenue":200918.65234375,"category_revenue":2288552.1875,"share_pct":8.800000190734863},{"period":"2024-04","brand_revenue":200325.2734375,"category_revenue":2096820.46875,"share_pct":9.600000381469727},{"period":"2024-05","brand_revenue":234864.27734375,"category_revenue":2138038.59375,"share_pct":11.0},{"period":"2024-06","brand_revenue":169673.59375,"category_revenue":2017623.90625,"share_pct":8.399999618530273},{"period":"2024-07","brand_revenue":168460.05859375,"category_revenue":2031918.28125,"share_pct":8.300000190734863},{"period":"2024-08","brand_revenue":147511.904296875,"category_revenue":2132382.65625,"share_pct":6.900000095367432},{"period":"2024-09","brand_revenue":121237.099609375,"category_revenue":1955407.03125,"share_pct":6.199999809265137},{"period":"2024-10","brand_revenue":126929.12109375,"category_revenue":2083993.125,"share_pct":6.099999904632568},{"period":"2024-11","brand_revenue":120321.34765625,"category_revenue":2038609.375,"share_pct":5.900000095367432},{"period":"2024-12","brand_revenue":127445.625,"category_revenue":2003932.03125,"share_pct":6.400000095367432},{"period":"2025-01","brand_revenue":113340.048828125,"category_revenue":1921719.21875,"share_pct":5.900000095367432},{"period":"2025-02","brand_revenue":117542.470703125,"category_revenue":1668647.5,"share_pct":7.0},{"period":"2025-03","brand_revenue":138149.423828125,"category_revenue":1758711.25,"share_pct":7.900000095367432},{"period":"2025-04","brand_revenue":169743.69140625,"category_revenue":1735997.5,"share_pct":9.800000190734863},{"period":"2025-05","brand_revenue":200692.59765625,"category_revenue":1688800.46875,"share_pct":11.899999618530273},{"period":"2025-06","brand_revenue":189563.84765625,"category_revenue":1594515.0,"share_pct":11.899999618530273},{"period":"2025-07","brand_revenue":199247.96875,"category_revenue":1595739.53125,"share_pct":12.5},{"period":"2025-08","brand_revenue":194729.8828125,"category_revenue":1677489.6875,"share_pct":11.600000381469727},{"period":"2025-09","brand_revenue":171423.3203125,"category_revenue":1539547.96875,"share_pct":11.100000381469727},{"period":"2025-10","brand_revenue":179261.875,"category_revenue":1548909.21875,"share_pct":11.600000381469727},{"period":"2025-11","brand_revenue":155583.30078125,"category_revenue":1545430.15625,"share_pct":10.100000381469727},{"period":"2025-12","brand_revenue":126102.51953125,"category_revenue":1467828.28125,"share_pct":8.600000381469727},{"period":"2026-01","brand_revenue":118946.6015625,"category_revenue":1425064.0625,"share_pct":8.300000190734863}],"FLOWER":[{"period":"2024-01","brand_revenue":124795.625,"category_revenue":3552357.8125,"share_pct":3.5},{"period":"2024-02","brand_revenue":113913.37890625,"category_revenue":3535245.625,"share_pct":3.200000047683716},{"period":"2024-03","brand_revenue":76723.75,"category_revenue":3693805.625,"share_pct":2.0999999046325684},{"period":"2024-04","brand_revenue":83491.875,"category_revenue":3541899.6875,"share_pct":2.4000000953674316},{"period":"2024-05","brand_revenue":67338.125,"category_revenue":3537479.375,"share_pct":1.899999976158142},{"period":"2024-06","brand_revenue":49676.4013671875,"category_revenue":3403269.6875,"share_pct":1.5},{"period":"2024-07","brand_revenue":69445.0732421875,"category_revenue":3457705.9375,"share_pct":2.0},{"period":"2024-08","brand_revenue":66423.9501953125,"category_revenue":3453819.375,"share_pct":1.899999976158142},{"period":"2024-09","brand_revenue":71893.75,"category_revenue":3316441.5625,"share_pct":2.200000047683716},{"period":"2024-10","brand_revenue":37815.0,"category_revenue":3585775.0,"share_pct":1.100000023841858},{"period":"2024-11","brand_revenue":37796.25,"category_revenue":3454855.3125,"share_pct":1.100000023841858},{"period":"2024-12","brand_revenue":32876.25,"category_revenue":3226567.8125,"share_pct":1.0},{"period":"2025-01","brand_revenue":43128.75,"category_revenue":2984938.125,"share_pct":1.399999976158142},{"period":"2025-02","brand_revenue":57185.80078125,"category_revenue":2816220.0,"share_pct":2.0},{"period":"2025-03","brand_revenue":67750.4248046875,"category_revenue":2911379.6875,"share_pct":2.299999952316284},{"period":"2025-04","brand_revenue":79670.849609375,"category_revenue":3118895.3125,"share_pct":2.5999999046325684},{"period":"2025-05","brand_revenue":124632.099609375,"category_revenue":2887345.0,"share_pct":4.300000190734863},{"period":"2025-06","brand_revenue":179986.25,"category_revenue":2773698.125,"share_pct":6.5},{"period":"2025-07","brand_revenue":251763.80859375,"category_revenue":2782763.125,"share_pct":9.0},{"period":"2025-08","brand_revenue":304689.66796875,"category_revenue":2733122.8125,"share_pct":11.100000381469727},{"period":"2025-09","brand_revenue":223433.125,"category_revenue":2603501.5625,"share_pct":8.600000381469727},{"period":"2025-10","brand_revenue":231194.74609375,"category_revenue":2663705.0,"share_pct":8.699999809265137},{"period":"2025-11","brand_revenue":159659.296875,"category_revenue":2700189.0625,"share_pct":5.900000095367432},{"period":"2025-12","brand_revenue":113911.220703125,"category_revenue":2515209.53125,"share_pct":4.5},{"period":"2026-01","brand_revenue":168531.26953125,"category_revenue":2505261.875,"share_pct":6.699999809265137}],"INFUSED PRE ROLL":[{"period":"2024-01","brand_revenue":96675.546875,"category_revenue":410907.8515625,"share_pct":23.5},{"period":"2024-02","brand_revenue":106700.25390625,"category_revenue":458711.484375,"share_pct":23.299999237060547},{"period":"2024-03","brand_revenue":64004.951171875,"category_revenue":427464.375,"share_pct":15.0},{"period":"2024-04","brand_revenue":109216.07421875,"category_revenue":428699.9609375,"share_pct":25.5},{"period":"2024-05","brand_revenue":115247.021484375,"category_revenue":501098.3203125,"share_pct":23.0},{"period":"2024-06","brand_revenue":108124.62890625,"category_revenue":477320.78125,"share_pct":22.700000762939453},{"period":"2024-07","brand_revenue":123092.67578125,"category_revenue":479382.109375,"share_pct":25.700000762939453},{"period":"2024-08","brand_revenue":76302.900390625,"category_revenue":474359.1015625,"share_pct":16.100000381469727},{"period":"2024-09","brand_revenue":104995.625,"category_revenue":424280.1171875,"share_pct":24.700000762939453},{"period":"2024-10","brand_revenue":108762.8515625,"category_revenue":470840.6640625,"share_pct":23.100000381469727},{"period":"2024-11","brand_revenue":87494.55078125,"category_revenue":424285.1171875,"share_pct":20.600000381469727},{"period":"2024-12","brand_revenue":135320.3515625,"category_revenue":432093.1640625,"share_pct":31.299999237060547},{"period":"2025-01","brand_revenue":97101.796875,"category_revenue":358002.890625,"share_pct":27.100000381469727},{"period":"2025-02","brand_revenue":87287.451171875,"category_revenue":325080.17578125,"share_pct":26.899999618530273},{"period":"2025-03","brand_revenue":98039.375,"category_revenue":347380.078125,"share_pct":28.200000762939453},{"period":"2025-04","brand_revenue":113988.095703125,"category_revenue":401341.40625,"share_pct":28.399999618530273},{"period":"2025-05","brand_revenue":131318.974609375,"category_revenue":378076.09375,"share_pct":34.70000076293945},{"period":"2025-06","brand_revenue":121370.126953125,"category_revenue":354019.6484375,"share_pct":34.29999923706055},{"period":"2025-07","brand_revenue":125704.7265625,"category_revenue":416008.203125,"share_pct":30.200000762939453},{"period":"2025-08","brand_revenue":102768.046875,"category_revenue":425283.28125,"share_pct":24.200000762939453},{"period":"2025-09","brand_revenue":83663.876953125,"category_revenue":378313.75,"share_pct":22.100000381469727},{"period":"2025-10","brand_revenue":78508.525390625,"category_revenue":389168.3203125,"share_pct":20.200000762939453},{"period":"2025-11","brand_revenue":55401.298828125,"category_revenue":390541.3671875,"share_pct":14.199999809265137},{"period":"2025-12","brand_revenue":66507.1728515625,"category_revenue":392812.34375,"share_pct":16.899999618530273},{"period":"2026-01","brand_revenue":44447.998046875,"category_revenue":342630.7421875,"share_pct":13.0}],"DISPOSABLE VAPE":[{"period":"2024-01","brand_revenue":112251.42578125,"category_revenue":933474.921875,"share_pct":12.0},{"period":"2024-02","brand_revenue":114058.046875,"category_revenue":877782.109375,"share_pct":13.0},{"period":"2024-03","brand_revenue":105208.49609375,"category_revenue":990692.03125,"share_pct":10.600000381469727},{"period":"2024-04","brand_revenue":119938.896484375,"category_revenue":971952.1875,"share_pct":12.300000190734863},{"period":"2024-05","brand_revenue":143774.248046875,"category_revenue":1035100.46875,"share_pct":13.899999618530273},{"period":"2024-06","brand_revenue":103867.67578125,"category_revenue":1039794.21875,"share_pct":10.0},{"period":"2024-07","brand_revenue":110704.19921875,"category_revenue":1081636.5625,"share_pct":10.199999809265137},{"period":"2024-08","brand_revenue":82295.654296875,"category_revenue":1098658.125,"share_pct":7.5},{"period":"2024-09","brand_revenue":64113.9990234375,"category_revenue":1056394.53125,"share_pct":6.099999904632568},{"period":"2024-10","brand_revenue":68508.22265625,"category_revenue":1197041.171875,"share_pct":5.699999809265137},{"period":"2024-11","brand_revenue":48936.6748046875,"category_revenue":1193980.234375,"share_pct":4.099999904632568},{"period":"2024-12","brand_revenue":88228.37890625,"category_revenue":1222008.984375,"share_pct":7.199999809265137},{"period":"2025-01","brand_revenue":73597.275390625,"category_revenue":1100552.421875,"share_pct":6.699999809265137},{"period":"2025-02","brand_revenue":55921.025390625,"category_revenue":1167271.25,"share_pct":4.800000190734863},{"period":"2025-03","brand_revenue":79660.400390625,"category_revenue":1348856.71875,"share_pct":5.900000095367432},{"period":"2025-04","brand_revenue":89400.80078125,"category_revenue":1414639.84375,"share_pct":6.300000190734863},{"period":"2025-05","brand_revenue":115798.251953125,"category_revenue":1460588.4375,"share_pct":7.900000095367432},{"period":"2025-06","brand_revenue":126982.275390625,"category_revenue":1320852.96875,"share_pct":9.600000381469727},{"period":"2025-07","brand_revenue":126551.328125,"category_revenue":1451194.84375,"share_pct":8.699999809265137},{"period":"2025-08","brand_revenue":136544.47265625,"category_revenue":1403520.625,"share_pct":9.699999809265137},{"period":"2025-09","brand_revenue":87615.2734375,"category_revenue":1317518.125,"share_pct":6.699999809265137},{"period":"2025-10","brand_revenue":100148.046875,"category_revenue":1511693.75,"share_pct":6.599999904632568},{"period":"2025-11","brand_revenue":87531.875,"category_revenue":1481709.21875,"share_pct":5.900000095367432},{"period":"2025-12","brand_revenue":78746.5771484375,"category_revenue":1476896.875,"share_pct":5.300000190734863},{"period":"2026-01","brand_revenue":77383.3251953125,"category_revenue":1398594.84375,"share_pct":5.5}],"CONCENTRATE":[{"period":"2024-01","brand_revenue":28631.17431640625,"category_revenue":351129.609375,"share_pct":8.199999809265137},{"period":"2024-02","brand_revenue":17580.374755859375,"category_revenue":371224.4921875,"share_pct":4.699999809265137},{"period":"2024-03","brand_revenue":14404.49951171875,"category_revenue":375964.296875,"share_pct":3.799999952316284},{"period":"2024-04","brand_revenue":15915.12451171875,"category_revenue":352745.859375,"share_pct":4.5},{"period":"2024-05","brand_revenue":12698.75,"category_revenue":346027.5,"share_pct":3.700000047683716},{"period":"2024-06","brand_revenue":18687.000732421875,"category_revenue":310723.3984375,"share_pct":6.0},{"period":"2024-07","brand_revenue":15026.375732421875,"category_revenue":336220.078125,"share_pct":4.5},{"period":"2024-08","brand_revenue":14382.249755859375,"category_revenue":324004.04296875,"share_pct":4.400000095367432},{"period":"2024-09","brand_revenue":7486.97509765625,"category_revenue":326834.1796875,"share_pct":2.299999952316284},{"period":"2024-10","brand_revenue":12633.20068359375,"category_revenue":324500.859375,"share_pct":3.9000000953674316},{"period":"2024-11","brand_revenue":27038.00048828125,"category_revenue":351240.0390625,"share_pct":7.699999809265137},{"period":"2024-12","brand_revenue":18118.00048828125,"category_revenue":324145.4296875,"share_pct":5.599999904632568},{"period":"2025-01","brand_revenue":27943.5009765625,"category_revenue":325749.19921875,"share_pct":8.600000381469727},{"period":"2025-02","brand_revenue":22770.44921875,"category_revenue":300499.0234375,"share_pct":7.599999904632568},{"period":"2025-03","brand_revenue":10729.25048828125,"category_revenue":298171.5234375,"share_pct":3.5999999046325684},{"period":"2025-04","brand_revenue":3150.675048828125,"category_revenue":343355.625,"share_pct":0.8999999761581421},{"period":"2025-05","brand_revenue":0.0,"category_revenue":288836.62109375,"share_pct":0.0},{"period":"2025-06","brand_revenue":0.0,"category_revenue":280928.33984375,"share_pct":0.0},{"period":"2025-07","brand_revenue":0.0,"category_revenue":283604.1796875,"share_pct":0.0},{"period":"2025-08","brand_revenue":0.0,"category_revenue":274773.76953125,"share_pct":0.0},{"period":"2025-09","brand_revenue":0.0,"category_revenue":264599.19921875,"share_pct":0.0},{"period":"2025-10","brand_revenue":0.0,"category_revenue":277515.46875,"share_pct":0.0},{"period":"2025-11","brand_revenue":0.0,"category_revenue":295773.3203125,"share_pct":0.0},{"period":"2025-12","brand_revenue":0.0,"category_revenue":267042.05078125,"share_pct":0.0},{"period":"2026-01","brand_revenue":0.0,"category_revenue":270749.70703125,"share_pct":0.0}],"EDIBLE":[{"period":"2024-01","brand_revenue":40647.77587890625,"category_revenue":1115754.921875,"share_pct":3.5999999046325684},{"period":"2024-02","brand_revenue":35535.0244140625,"category_revenue":1235210.0,"share_pct":2.9000000953674316},{"period":"2024-03","brand_revenue":34752.5,"category_revenue":1273343.671875,"share_pct":2.700000047683716},{"period":"2024-04","brand_revenue":41676.1767578125,"category_revenue":1298159.0625,"share_pct":3.200000047683716},{"period":"2024-05","brand_revenue":43902.0751953125,"category_revenue":1215880.78125,"share_pct":3.5999999046325684},{"period":"2024-06","brand_revenue":46321.376953125,"category_revenue":1181362.421875,"share_pct":3.9000000953674316},{"period":"2024-07","brand_revenue":18189.000244140625,"category_revenue":1128302.8125,"share_pct":1.600000023841858},{"period":"2024-08","brand_revenue":277.00000762939453,"category_revenue":1167724.921875,"share_pct":0.0},{"period":"2024-09","brand_revenue":0.0,"category_revenue":1114619.53125,"share_pct":0.0},{"period":"2024-10","brand_revenue":0.0,"category_revenue":1205149.0625,"share_pct":0.0},{"period":"2024-11","brand_revenue":0.0,"category_revenue":1236132.421875,"share_pct":0.0},{"period":"2024-12","brand_revenue":0.0,"category_revenue":1207318.046875,"share_pct":0.0},{"period":"2025-01","brand_revenue":0.0,"category_revenue":1176202.578125,"share_pct":0.0},{"period":"2025-02","brand_revenue":0.0,"category_revenue":1097683.359375,"share_pct":0.0},{"period":"2025-03","brand_revenue":0.0,"category_revenue":1228067.265625,"share_pct":0.0},{"period":"2025-04","brand_revenue":0.0,"category_revenue":1290106.171875,"share_pct":0.0},{"period":"2025-05","brand_revenue":0.0,"category_revenue":1191670.3125,"share_pct":0.0},{"period":"2025-06","brand_revenue":0.0,"category_revenue":1110702.109375,"share_pct":0.0},{"period":"2025-07","brand_revenue":0.0,"category_revenue":1096938.125,"share_pct":0.0},{"period":"2025-08","brand_revenue":0.0,"category_revenue":1145920.859375,"share_pct":0.0},{"period":"2025-09","brand_revenue":0.0,"category_revenue":1070074.53125,"share_pct":0.0},{"period":"2025-10","brand_revenue":0.0,"category_revenue":1168865.78125,"share_pct":0.0},{"period":"2025-11","brand_revenue":0.0,"category_revenue":1192334.453125,"share_pct":0.0},{"period":"2025-12","brand_revenue":0.0,"category_revenue":1138094.375,"share_pct":0.0},{"period":"2026-01","brand_revenue":0.0,"category_revenue":1092874.21875,"share_pct":0.0}],"BATTERY":[{"period":"2024-01","brand_revenue":10170.750122070312,"category_revenue":78523.75,"share_pct":13.0},{"period":"2024-02","brand_revenue":9972.849731445312,"category_revenue":79510.9765625,"share_pct":12.5},{"period":"2024-03","brand_revenue":12975.625,"category_revenue":80066.9482421875,"share_pct":16.200000762939453},{"period":"2024-04","brand_revenue":14467.249755859375,"category_revenue":65688.7744140625,"share_pct":22.0},{"period":"2024-05","brand_revenue":18120.74951171875,"category_revenue":61493.57421875,"share_pct":29.5},{"period":"2024-06","brand_revenue":11220.12451171875,"category_revenue":67340.751953125,"share_pct":16.700000762939453},{"period":"2024-07","brand_revenue":13178.24951171875,"category_revenue":70591.1767578125,"share_pct":18.700000762939453},{"period":"2024-08","brand_revenue":10426.875,"category_revenue":64657.8759765625,"share_pct":16.100000381469727},{"period":"2024-09","brand_revenue":11233.125,"category_revenue":52538.3740234375,"share_pct":21.399999618530273},{"period":"2024-10","brand_revenue":11698.24951171875,"category_revenue":49278.92578125,"share_pct":23.700000762939453},{"period":"2024-11","brand_revenue":5786.0748291015625,"category_revenue":39889.69970703125,"share_pct":14.5},{"period":"2024-12","brand_revenue":8056.25,"category_revenue":38273.87451171875,"share_pct":21.0},{"period":"2025-01","brand_revenue":7646.875,"category_revenue":24301.0498046875,"share_pct":31.5},{"period":"2025-02","brand_revenue":4483.125,"category_revenue":15730.625,"share_pct":28.5},{"period":"2025-03","brand_revenue":3332.6251220703125,"category_revenue":17904.124755859375,"share_pct":18.600000381469727},{"period":"2025-04","brand_revenue":4348.999938964844,"category_revenue":17018.02490234375,"share_pct":25.600000381469727},{"period":"2025-05","brand_revenue":2173.75,"category_revenue":21588.3740234375,"share_pct":10.100000381469727},{"period":"2025-06","brand_revenue":861.875,"category_revenue":20285.274658203125,"share_pct":4.199999809265137},{"period":"2025-07","brand_revenue":2126.999969482422,"category_revenue":26462.7490234375,"share_pct":8.0},{"period":"2025-08","brand_revenue":1577.5,"category_revenue":27441.025390625,"share_pct":5.699999809265137},{"period":"2025-09","brand_revenue":2028.75,"category_revenue":24531.35009765625,"share_pct":8.300000190734863},{"period":"2025-10","brand_revenue":5146.875,"category_revenue":27787.275390625,"share_pct":18.5},{"period":"2025-11","brand_revenue":4524.375,"category_revenue":23690.8251953125,"share_pct":19.100000381469727},{"period":"2025-12","brand_revenue":4716.14990234375,"category_revenue":24923.798828125,"share_pct":18.899999618530273},{"period":"2026-01","brand_revenue":4353.1500244140625,"category_revenue":22347.9248046875,"share_pct":19.5}],"INFUSED FLOWER":[{"period":"2024-01","brand_revenue":0.0,"category_revenue":6570.250244140625,"share_pct":0.0},{"period":"2024-02","brand_revenue":0.0,"category_revenue":18343.62548828125,"share_pct":0.0},{"period":"2024-03","brand_revenue":0.0,"category_revenue":31018.3251953125,"share_pct":0.0},{"period":"2024-04","brand_revenue":0.0,"category_revenue":31596.826171875,"share_pct":0.0},{"period":"2024-05","brand_revenue":0.0,"category_revenue":21558.80126953125,"share_pct":0.0},{"period":"2024-06","brand_revenue":0.0,"category_revenue":24545.30029296875,"share_pct":0.0},{"period":"2024-07","brand_revenue":0.0,"category_revenue":16913.00048828125,"share_pct":0.0},{"period":"2024-08","brand_revenue":0.0,"category_revenue":16608.499755859375,"share_pct":0.0},{"period":"2024-09","brand_revenue":0.0,"category_revenue":19893.62548828125,"share_pct":0.0},{"period":"2024-10","brand_revenue":0.0,"category_revenue":17213.175048828125,"share_pct":0.0},{"period":"2024-11","brand_revenue":0.0,"category_revenue":15249.375,"share_pct":0.0},{"period":"2024-12","brand_revenue":0.0,"category_revenue":9560.999755859375,"share_pct":0.0},{"period":"2025-01","brand_revenue":0.0,"category_revenue":10154.500122070312,"share_pct":0.0},{"period":"2025-02","brand_revenue":0.0,"category_revenue":14429.625244140625,"share_pct":0.0},{"period":"2025-03","brand_revenue":0.0,"category_revenue":16804.69970703125,"share_pct":0.0},{"period":"2025-04","brand_revenue":14148.75,"category_revenue":27190.70068359375,"share_pct":52.0},{"period":"2025-05","brand_revenue":16295.550537109375,"category_revenue":24856.12548828125,"share_pct":65.5999984741211},{"period":"2025-06","brand_revenue":23528.82568359375,"category_revenue":28754.82421875,"share_pct":81.80000305175781},{"period":"2025-07","brand_revenue":26619.29931640625,"category_revenue":26952.2998046875,"share_pct":98.80000305175781},{"period":"2025-08","brand_revenue":21568.67431640625,"category_revenue":33438.67431640625,"share_pct":64.5},{"period":"2025-09","brand_revenue":22666.201171875,"category_revenue":38734.65087890625,"share_pct":58.5},{"period":"2025-10","brand_revenue":8091.4752197265625,"category_revenue":22947.39990234375,"share_pct":35.29999923706055},{"period":"2025-11","brand_revenue":1111.25,"category_revenue":15945.4248046875,"share_pct":7.0},{"period":"2025-12","brand_revenue":6723.75,"category_revenue":9305.8251953125,"share_pct":72.30000305175781},{"period":"2026-01","brand_revenue":11928.125,"category_revenue":16761.624755859375,"share_pct":71.19999694824219}],"PRE ROLL":[{"period":"2024-01","brand_revenue":14389.1748046875,"category_revenue":508338.515625,"share_pct":2.799999952316284},{"period":"2024-02","brand_revenue":14901.724853515625,"category_revenue":489393.671875,"share_pct":3.0},{"period":"2024-03","brand_revenue":5306.500244140625,"category_revenue":520052.3828125,"share_pct":1.0},{"period":"2024-04","brand_revenue":9712.5,"category_revenue":491300.6640625,"share_pct":2.0},{"period":"2024-05","brand_revenue":7581.3250732421875,"category_revenue":542202.890625,"share_pct":1.399999976158142},{"period":"2024-06","brand_revenue":5403.499755859375,"category_revenue":507288.8671875,"share_pct":1.100000023841858},{"period":"2024-07","brand_revenue":3373.9248657226562,"category_revenue":524250.9765625,"share_pct":0.6000000238418579},{"period":"2024-08","brand_revenue":4960.4998779296875,"category_revenue":612518.7109375,"share_pct":0.800000011920929},{"period":"2024-09","brand_revenue":2685.0,"category_revenue":586543.0078125,"share_pct":0.5},{"period":"2024-10","brand_revenue":1358.5000610351562,"category_revenue":641449.1796875,"share_pct":0.20000000298023224},{"period":"2024-11","brand_revenue":780.0,"category_revenue":579866.71875,"share_pct":0.10000000149011612},{"period":"2024-12","brand_revenue":317.99999237060547,"category_revenue":582999.5703125,"share_pct":0.10000000149011612},{"period":"2025-01","brand_revenue":0.0,"category_revenue":544095.3125,"share_pct":0.0},{"period":"2025-02","brand_revenue":0.0,"category_revenue":500875.5859375,"share_pct":0.0},{"period":"2025-03","brand_revenue":0.0,"category_revenue":551422.0703125,"share_pct":0.0},{"period":"2025-04","brand_revenue":0.0,"category_revenue":568189.375,"share_pct":0.0},{"period":"2025-05","brand_revenue":0.0,"category_revenue":565516.875,"share_pct":0.0},{"period":"2025-06","brand_revenue":0.0,"category_revenue":560506.71875,"share_pct":0.0},{"period":"2025-07","brand_revenue":630.0,"category_revenue":600916.09375,"share_pct":0.10000000149011612},{"period":"2025-08","brand_revenue":731.9999694824219,"category_revenue":620247.5,"share_pct":0.10000000149011612},{"period":"2025-09","brand_revenue":20.999999046325684,"category_revenue":608971.09375,"share_pct":0.0},{"period":"2025-10","brand_revenue":0.0,"category_revenue":645293.1640625,"share_pct":0.0},{"period":"2025-11","brand_revenue":0.0,"category_revenue":581113.4765625,"share_pct":0.0},{"period":"2025-12","brand_revenue":0.0,"category_revenue":553088.5546875,"share_pct":0.0},{"period":"2026-01","brand_revenue":0.0,"category_revenue":523350.9375,"share_pct":0.0}],"ACCESSORY":[{"period":"2024-01","brand_revenue":270.0,"category_revenue":153543.9453125,"share_pct":0.20000000298023224},{"period":"2024-02","brand_revenue":270.0,"category_revenue":152399.47265625,"share_pct":0.20000000298023224},{"period":"2024-03","brand_revenue":400.0,"category_revenue":154678.876953125,"share_pct":0.30000001192092896},{"period":"2024-04","brand_revenue":240.0,"category_revenue":163353.65234375,"share_pct":0.10000000149011612},{"period":"2024-05","brand_revenue":770.0,"category_revenue":179676.4453125,"share_pct":0.4000000059604645},{"period":"2024-06","brand_revenue":197.5,"category_revenue":185008.828125,"share_pct":0.10000000149011612},{"period":"2024-07","brand_revenue":50.0,"category_revenue":186675.46875,"share_pct":0.0},{"period":"2024-08","brand_revenue":100.0,"category_revenue":180226.328125,"share_pct":0.10000000149011612},{"period":"2024-09","brand_revenue":100.0,"category_revenue":162386.298828125,"share_pct":0.10000000149011612},{"period":"2024-10","brand_revenue":310.0,"category_revenue":166088.73046875,"share_pct":0.20000000298023224},{"period":"2024-11","brand_revenue":660.0,"category_revenue":171706.09375,"share_pct":0.4000000059604645},{"period":"2024-12","brand_revenue":480.0,"category_revenue":176502.03125,"share_pct":0.30000001192092896},{"period":"2025-01","brand_revenue":170.0,"category_revenue":167261.34765625,"share_pct":0.10000000149011612},{"period":"2025-02","brand_revenue":440.0,"category_revenue":155260.927734375,"share_pct":0.30000001192092896},{"period":"2025-03","brand_revenue":593.75,"category_revenue":176420.390625,"share_pct":0.30000001192092896},{"period":"2025-04","brand_revenue":1943.4249877929688,"category_revenue":182694.82421875,"share_pct":1.100000023841858},{"period":"2025-05","brand_revenue":4065.625,"category_revenue":179904.4921875,"share_pct":2.299999952316284},{"period":"2025-06","brand_revenue":4215.0,"category_revenue":161148.75,"share_pct":2.5999999046325684},{"period":"2025-07","brand_revenue":4247.5250244140625,"category_revenue":165549.8046875,"share_pct":2.5999999046325684},{"period":"2025-08","brand_revenue":4213.75,"category_revenue":171752.05078125,"share_pct":2.5},{"period":"2025-09","brand_revenue":2909.375,"category_revenue":168198.9453125,"share_pct":1.7000000476837158},{"period":"2025-10","brand_revenue":0.0,"category_revenue":171844.55078125,"share_pct":0.0},{"period":"2025-11","brand_revenue":0.0,"category_revenue":172839.74609375,"share_pct":0.0},{"period":"2025-12","brand_revenue":0.0,"category_revenue":141954.873046875,"share_pct":0.0},{"period":"2026-01","brand_revenue":0.0,"category_revenue":81677.1484375,"share_pct":0.0}],"TESTER":[{"period":"2024-01","brand_revenue":0.0,"category_revenue":4033.75,"share_pct":0.0},{"period":"2024-04","brand_revenue":0.0,"category_revenue":85.0,"share_pct":0.0},{"period":"2024-05","brand_revenue":0.0,"category_revenue":145.24999618530273,"share_pct":0.0},{"period":"2024-09","brand_revenue":0.0,"category_revenue":462.5,"share_pct":0.0},{"period":"2024-11","brand_revenue":0.0,"category_revenue":61.25,"share_pct":0.0},{"period":"2025-03","brand_revenue":0.0,"category_revenue":49.000000953674316,"share_pct":0.0},{"period":"2025-05","brand_revenue":0.0,"category_revenue":25.0,"share_pct":0.0},{"period":"2025-06","brand_revenue":0.0,"category_revenue":156.75000190734863,"share_pct":0.0},{"period":"2025-07","brand_revenue":0.0,"category_revenue":399.24999237060547,"share_pct":0.0},{"period":"2025-08","brand_revenue":72.5,"category_revenue":248.50000381469727,"share_pct":29.200000762939453},{"period":"2025-09","brand_revenue":0.0,"category_revenue":2.549999952316284,"share_pct":0.0}],"PROMO":[{"period":"2024-01","brand_revenue":0.0,"category_revenue":237.5,"share_pct":0.0},{"period":"2025-09","brand_revenue":62.5,"category_revenue":591.25,"share_pct":10.600000381469727},{"period":"2025-10","brand_revenue":0.0,"category_revenue":61.25,"share_pct":0.0},{"period":"2025-11","brand_revenue":0.0,"category_revenue":87.5,"share_pct":0.0},{"period":"2025-12","brand_revenue":0.0,"category_revenue":726.25,"share_pct":0.0},{"period":"2026-01","brand_revenue":0.0,"category_revenue":236.25,"share_pct":0.0}]},"discount_depth":[{"tier":"0% (Full Price)","transactions":146902,"pct_of_transactions":30.1,"revenue":6211953.75,"avg_discount":0.0},{"tier":"1-10%","transactions":16318,"pct_of_transactions":3.3,"revenue":670140.625,"avg_discount":18.399999618530273},{"tier":"11-20%","transactions":8586,"pct_of_transactions":1.8,"revenue":331392.5390625,"avg_discount":36.0},{"tier":"21-30%","transactions":51918,"pct_of_transactions":10.6,"revenue":1060417.5,"avg_discount":59.0},{"tier":"31%+","transactions":132542,"pct_of_transactions":27.1,"revenue":3854189.6875,"avg_discount":85.0}],"velocity":{"units_per_day":767.2,"revenue_per_day":22325.576171875,"avg_units_per_txn":3.28,"days_of_data":762,"total_units":584612,"total_transactions":357066},"velocity_by_category":[{"category":"INFUSED PRE ROLL","brand_units_per_day":199.32,"category_avg_units_per_day":25.62,"velocity_index":778.0,"brand_rev_per_unit":12.86,"category_rev_per_unit":16.9,"brands_in_category":25},{"category":"INFUSED PACK","brand_units_per_day":172.28,"category_avg_units_per_day":26.26,"velocity_index":656.2,"brand_rev_per_unit":26.15,"category_rev_per_unit":27.52,"brands_in_category":12},{"category":"DISPOSABLE VAPE","brand_units_per_day":85.52,"category_avg_units_per_day":28.36,"velocity_index":301.5,"brand_rev_per_unit":29.43,"category_rev_per_unit":32.31,"brands_in_category":35},{"category":"BATTERY","brand_units_per_day":7.48,"category_avg_units_per_day":2.84,"velocity_index":263.2,"brand_rev_per_unit":25.93,"category_rev_per_unit":20.27,"brands_in_category":19},{"category":"INFUSED FLOWER","brand_units_per_day":6.54,"category_avg_units_per_day":2.6,"velocity_index":251.6,"brand_rev_per_unit":24.55,"category_rev_per_unit":26.05,"brands_in_category":8},{"category":"FLOWER","brand_units_per_day":110.84,"category_avg_units_per_day":55.54,"velocity_index":199.6,"brand_rev_per_unit":26.88,"category_rev_per_unit":22.97,"brands_in_category":64},{"category":"CARTRIDGE","brand_units_per_day":136.08,"category_avg_units_per_day":74.5,"velocity_index":182.6,"brand_rev_per_unit":31.46,"category_rev_per_unit":24.09,"brands_in_category":27},{"category":"CONCENTRATE","brand_units_per_day":16.54,"category_avg_units_per_day":15.38,"velocity_index":107.5,"brand_rev_per_unit":16.95,"category_rev_per_unit":19.88,"brands_in_category":27},{"category":"EDIBLE","brand_units_per_day":23.18,"category_avg_units_per_day":69.98,"velocity_index":33.1,"brand_rev_per_unit":11.83,"category_rev_per_unit":13.77,"brands_in_category":32},{"category":"PROMO","brand_units_per_day":0.02,"category_avg_units_per_day":0.04,"velocity_index":26.3,"brand_rev_per_unit":5.0,"category_rev_per_unit":13.61,"brands_in_category":3},{"category":"PRE ROLL","brand_units_per_day":8.18,"category_avg_units_per_day":42.38,"velocity_index":19.3,"brand_rev_per_unit":9.27,"category_rev_per_unit":7.54,"brands_in_category":46},{"category":"TESTER","brand_units_per_day":0.0,"category_avg_units_per_day":0.02,"velocity_index":9.7,"brand_rev_per_unit":29.0,"category_rev_per_unit":24.38,"brands_in_category":9},{"category":"ACCESSORY","brand_units_per_day":1.16,"category_avg_units_per_day":20.56,"velocity_index":5.7,"brand_rev_per_unit":24.06,"category_rev_per_unit":1.55,"brands_in_category":136},{"category":0.0,"brand_units_per_day":0.0,"category_avg_units_per_day":0,"velocity_index":0,"brand_rev_per_unit":0.0,"category_rev_per_unit":0.0,"brands_in_category":0}],"deals":[{"deal_name":"Industry - 30% Off","times_used":44398,"units":62640.0,"revenue":1561850.9551358223,"discounts":670685.2866363525,"cost":894364.4499999518,"profit":667486.5137062222,"pre_discount_revenue":2232536.25,"margin":42.7,"avg_discount":60.0},{"deal_name":"STiiiZY Weekend WarmUp - 30% Off STiiiZY Vapes / Flower /IPR","times_used":41286,"units":63995.0,"revenue":2028336.8330946066,"discounts":873861.9062610466,"cost":935038.2416666595,"profit":1093298.602500173,"pre_discount_revenue":2902198.75,"margin":53.9,"avg_discount":60.2},{"deal_name":"STiiiZY Weekend WarmUp - 40% Off STiiiZY Vapes / Flower /IPR","times_used":30716,"units":56053.0,"revenue":1350727.5348293781,"discounts":906043.7153100967,"cost":883131.474999981,"profit":467596.06316009536,"pre_discount_revenue":2256771.25,"margin":34.6,"avg_discount":80.2},{"deal_name":"Industry 30% Off","times_used":14160,"units":24333.333333333332,"revenue":736244.263343215,"discounts":318741.35751922923,"cost":355356.24166666216,"profit":380888.02596355474,"pre_discount_revenue":1054985.625,"margin":51.7,"avg_discount":60.4},{"deal_name":"STiiiZY Thursday - 30% Off All STiiiZY","times_used":8792,"units":15892.0,"revenue":408615.1486337185,"discounts":175547.34980762005,"cost":233100.27499999385,"profit":175514.8753155768,"pre_discount_revenue":584162.5,"margin":43.0,"avg_discount":60.2},{"deal_name":"STiiiZY Thursday - Infused","times_used":8036,"units":28168.0,"revenue":415221.20524406433,"discounts":408438.795542717,"cost":357862.5,"profit":57358.713926523924,"pre_discount_revenue":823660.0,"margin":13.8,"avg_discount":99.2},{"deal_name":"Lit4Less - 1/4 for $40","times_used":7534,"units":13071.333333333334,"revenue":326399.0875021617,"discounts":163775.91250141463,"cost":133417.08333333334,"profit":192982.00416624546,"pre_discount_revenue":490175.0,"margin":59.1,"avg_discount":66.8},{"deal_name":"STiiiZY 4th Of July / 710 weekend","times_used":7200,"units":11420.0,"revenue":291275.949382782,"discounts":194757.8006362915,"cost":164960.0,"profit":126315.94992041588,"pre_discount_revenue":486033.75,"margin":43.4,"avg_discount":80.2},{"deal_name":"4/20 2025 - Flower / Infused","times_used":4180,"units":8650.0,"revenue":167684.05000060797,"discounts":168378.45000505447,"cost":138752.5,"profit":28931.550000086427,"pre_discount_revenue":336062.5,"margin":17.3,"avg_discount":100.2},{"deal_name":"Senior - 10% Off","times_used":4038,"units":7007.666666666667,"revenue":243842.79223442078,"discounts":28016.375085413456,"cost":102349.62499999441,"profit":141493.16695312658,"pre_discount_revenue":271859.1666666667,"margin":58.0,"avg_discount":20.6},{"deal_name":"STiiiZY Thursday - 40% Off STiiiZY Vapes /IPR","times_used":3776,"units":7336.0,"revenue":169385.09951353073,"discounts":113502.40049600601,"cost":115072.5,"profit":54312.60013714433,"pre_discount_revenue":282887.5,"margin":32.1,"avg_discount":80.2},{"deal_name":"Veterans - 10% Off","times_used":3528,"units":5030.0,"revenue":169785.83800315857,"discounts":19158.537580370903,"cost":72842.6249999972,"profit":96943.21274831891,"pre_discount_revenue":188944.375,"margin":57.1,"avg_discount":20.2},{"deal_name":"Jackpot - Locals 30% Off","times_used":3034,"units":5718.0,"revenue":170490.94933271408,"discounts":73017.7998816967,"cost":88727.74999999441,"profit":81763.20012569427,"pre_discount_revenue":243508.75,"margin":48.0,"avg_discount":60.0},{"deal_name":"30% OFF STiiiZY Vapes/ Dispos/ Infused 40s","times_used":2818,"units":4473.0,"revenue":114983.97423028946,"discounts":49419.77480649948,"cost":68615.625,"profit":46368.35017323494,"pre_discount_revenue":164403.75,"margin":40.3,"avg_discount":60.2},{"deal_name":"50% Off IPR  / PR Packs","times_used":2478,"units":4846.0,"revenue":77413.82499963045,"discounts":77771.17499351501,"cost":65818.75,"profit":11595.074999928474,"pre_discount_revenue":155185.0,"margin":15.0,"avg_discount":100.2},{"deal_name":"50% Off - G2B","times_used":2428,"units":4653.0,"revenue":111028.96250367165,"discounts":111614.16249752045,"cost":71389.42499999888,"profit":39639.537497758865,"pre_discount_revenue":222643.125,"margin":35.7,"avg_discount":100.2},{"deal_name":"Stock & Save - 1/4 for $40","times_used":2402,"units":3956.0,"revenue":98882.5,"discounts":49217.5,"cost":39537.5,"profit":59345.0,"pre_discount_revenue":148100.0,"margin":60.0,"avg_discount":66.4},{"deal_name":"Senior / Veterans - 20% Off","times_used":2270,"units":4547.0,"revenue":127659.08811092377,"discounts":32270.912657380104,"cost":61720.14999999665,"profit":65938.93730223179,"pre_discount_revenue":159930.0,"margin":51.7,"avg_discount":40.4},{"deal_name":"4/20 50% Off!!!!","times_used":1962,"units":4062.0,"revenue":73536.25,"discounts":73536.25,"cost":59387.64999999665,"profit":14148.599996566772,"pre_discount_revenue":147072.5,"margin":19.2,"avg_discount":100.0},{"deal_name":"30% Off Special","times_used":1664,"units":1959.0,"revenue":68471.42483949661,"discounts":29453.574962615967,"cost":33864.375,"profit":34607.05003991723,"pre_discount_revenue":97925.0,"margin":50.5,"avg_discount":60.2},{"deal_name":"STiiiZY Thursday - Edibles","times_used":1390,"units":7890.0,"revenue":98675.82500219345,"discounts":58196.67500138283,"cost":64045.0,"profit":34630.824999809265,"pre_discount_revenue":156872.5,"margin":35.1,"avg_discount":74.2},{"deal_name":"Stock & Save - 1/4 for $50","times_used":1350,"units":2226.0,"revenue":69600.0,"discounts":13875.0,"cost":34140.0,"profit":35460.0,"pre_discount_revenue":83475.0,"margin":50.9,"avg_discount":33.2},{"deal_name":"40% OFF STiiiZY Vapes// Infused 40s PAcks","times_used":1140,"units":1953.0,"revenue":51913.799929618835,"discounts":34958.70006322861,"cost":29689.375,"profit":22224.42501714453,"pre_discount_revenue":86872.5,"margin":42.8,"avg_discount":80.4},{"deal_name":"STiiiZY BOGO - IPR / IPRS Packs","times_used":1024,"units":3039.0,"revenue":43378.91179919243,"discounts":43339.83823776245,"cost":37563.125,"profit":5815.787637531757,"pre_discount_revenue":86718.75,"margin":13.4,"avg_discount":100.0},{"deal_name":"STiiiZY Pods 3 for $50","times_used":902,"units":3028.0,"revenue":63180.44950008392,"discounts":60507.050528526306,"cost":47312.5,"profit":15867.949442863464,"pre_discount_revenue":123687.5,"margin":25.1,"avg_discount":97.8},{"deal_name":"Spark the Summer Sale","times_used":890,"units":1519.0,"revenue":35133.87492656708,"discounts":23392.375073432922,"cost":23961.875,"profit":11172.00002670288,"pre_discount_revenue":58526.25,"margin":31.8,"avg_discount":80.0},{"deal_name":"Lit4Less - 1g IPR - 3 for $50","times_used":888,"units":2311.0,"revenue":48103.73720765114,"discounts":1005.0125062465668,"cost":17750.0,"profit":30353.737059235573,"pre_discount_revenue":49108.75,"margin":63.1,"avg_discount":4.0},{"deal_name":"LVAC - 25% Off","times_used":854,"units":1047.0,"revenue":29682.662630081177,"discounts":9931.087517738342,"cost":15242.549999998882,"profit":14440.11248588562,"pre_discount_revenue":39613.75,"margin":48.6,"avg_discount":50.2},{"deal_name":"GW - 50% Off Vapes","times_used":804,"units":1474.0,"revenue":33443.89998674393,"discounts":33693.600006103516,"cost":25536.25,"profit":7907.650000182912,"pre_discount_revenue":67137.5,"margin":23.6,"avg_discount":100.4},{"deal_name":"Employee 30% - NOT FRIDAYS","times_used":704,"units":882.0,"revenue":21276.07487678528,"discounts":9331.424975395203,"cost":11542.5,"profit":9733.575030565262,"pre_discount_revenue":30607.5,"margin":45.7,"avg_discount":61.0},{"deal_name":"STiiiZY Thursday - Carts + Disposables","times_used":692,"units":2514.0,"revenue":83940.02519607544,"discounts":45784.97588157654,"cost":49895.524999988265,"profit":34044.49946343899,"pre_discount_revenue":129725.0,"margin":40.6,"avg_discount":70.6},{"deal_name":"Lit4Less - Disposables - 2 for $75 LR / HTE","times_used":640,"units":1027.0,"revenue":47967.37499475479,"discounts":16220.125002861023,"cost":19232.5,"profit":28734.875000417233,"pre_discount_revenue":64187.5,"margin":59.9,"avg_discount":50.6},{"deal_name":"GW - 50% Off Concentrates","times_used":496,"units":1024.0,"revenue":12745.250000953674,"discounts":12727.249999046326,"cost":11335.0,"profit":1410.2499997615814,"pre_discount_revenue":25472.5,"margin":11.1,"avg_discount":100.0},{"deal_name":"Employee - 40% OFF","times_used":468,"units":720.0,"revenue":16971.74996137619,"discounts":11314.50004696846,"cost":10482.5,"profit":6489.249986708164,"pre_discount_revenue":28286.25,"margin":38.2,"avg_discount":80.0},{"deal_name":"BOGO - STiiiZY Pods","times_used":412,"units":1182.0,"revenue":32776.07470989227,"discounts":32192.675275802612,"cost":24179.049999993294,"profit":8597.025103592314,"pre_discount_revenue":64968.75,"margin":26.2,"avg_discount":99.2},{"deal_name":"STiiiZY Tuesday - Infused","times_used":312,"units":1036.0,"revenue":13703.874864578247,"discounts":13351.125116348267,"cost":11812.5,"profit":1891.3750302791595,"pre_discount_revenue":27055.0,"margin":13.8,"avg_discount":98.6},{"deal_name":"STiiiZY IPR - 2 for $20 - 1g IPR","times_used":270,"units":646.0,"revenue":8112.374999523163,"discounts":5615.125000476837,"cost":4845.0,"profit":3267.374999523163,"pre_discount_revenue":13727.5,"margin":40.3,"avg_discount":81.8},{"deal_name":"40% Off Special","times_used":254,"units":294.0,"revenue":15108.749992847443,"discounts":10072.500007152557,"cost":9487.5,"profit":5621.249992847443,"pre_discount_revenue":25181.25,"margin":37.2,"avg_discount":80.0},{"deal_name":"BOGO - STiiiZY Vapes","times_used":242,"units":624.0,"revenue":15453.874506950378,"discounts":15364.875483512878,"cost":11577.5,"profit":3876.375095844269,"pre_discount_revenue":30818.75,"margin":25.1,"avg_discount":99.8},{"deal_name":"STiiiZY Thursday - Flower - 1/4 for $40","times_used":216,"units":532.0,"revenue":13258.324999809265,"discounts":6091.675000190735,"cost":5650.0,"profit":7608.324999809265,"pre_discount_revenue":19350.0,"margin":57.4,"avg_discount":63.0},{"deal_name":"STiiiZY Thursday - STiiiZY 0.5g Pods 3 for $50","times_used":204,"units":740.0,"revenue":15510.99986076355,"discounts":9926.500148773193,"cost":10283.97499999497,"profit":5227.024875283241,"pre_discount_revenue":25437.5,"margin":33.7,"avg_discount":78.0},{"deal_name":"STiiiZY 1/4 for $45","times_used":196,"units":440.0,"revenue":12375.0,"discounts":4125.0,"cost":4725.0,"profit":7650.0,"pre_discount_revenue":16500.0,"margin":61.8,"avg_discount":50.0},{"deal_name":"Store Credit - $25","times_used":188,"units":243.66666666666666,"revenue":6544.116678436598,"discounts":4610.883340239525,"cost":3600.416666666667,"profit":2943.6999995385604,"pre_discount_revenue":11155.0,"margin":45.0,"avg_discount":82.6},{"deal_name":"Store Credit - $15","times_used":180,"units":178.66666666666666,"revenue":4756.441665887833,"discounts":2804.600006341934,"cost":2399.5833333333335,"profit":2356.858333647251,"pre_discount_revenue":7561.041666666666,"margin":49.6,"avg_discount":74.2},{"deal_name":"STiiiZY Tuesday - Edibles","times_used":118,"units":806.0,"revenue":10075.0,"discounts":4760.0,"cost":6491.25,"profit":3583.75,"pre_discount_revenue":14835.0,"margin":35.6,"avg_discount":64.2},{"deal_name":"STiiiZY - 30% Off","times_used":112,"units":186.0,"revenue":4593.749966621399,"discounts":1968.7499916553497,"cost":2130.0,"profit":2463.7500083446503,"pre_discount_revenue":6562.5,"margin":53.6,"avg_discount":60.0},{"deal_name":"4/20 2025 - Vapes","times_used":82,"units":126.0,"revenue":2223.125,"discounts":2223.125,"cost":1865.0,"profit":358.125,"pre_discount_revenue":4446.25,"margin":16.1,"avg_discount":100.0},{"deal_name":"Store Credit - $50","times_used":62,"units":78.66666666666667,"revenue":2010.9708315134048,"discounts":2253.195835351944,"cost":1368.125,"profit":642.8458363811176,"pre_discount_revenue":4264.166666666667,"margin":32.0,"avg_discount":105.6},{"deal_name":"35% Off Special","times_used":54,"units":60.0,"revenue":3558.75,"discounts":1916.25,"cost":1747.5,"profit":1811.25,"pre_discount_revenue":5475.0,"margin":50.9,"avg_discount":70.0},{"deal_name":"Main St Happy Hour - 25% Off","times_used":52,"units":64.0,"revenue":1923.75,"discounts":641.25,"cost":896.25,"profit":1027.5,"pre_discount_revenue":2565.0,"margin":53.4,"avg_discount":50.0}],"top_products":[{"product":"BLUE DREAM INFUSED PRE ROLL 4 PK - STIIIZY","units":17010,"revenue":555693.4375,"cost":298182.5,"profit":257510.95703125,"transactions":14232,"margin":46.29999923706055},{"product":"STRAWBERRY COUGH INFUSED PRE ROLL 4 PK - STIIIZY","units":13506,"revenue":437749.4140625,"cost":233158.75,"profit":204590.64453125,"transactions":11536,"margin":46.70000076293945},{"product":"BISCOTTI INFUSED PRE ROLL 4 PK - STIIIZY","units":12204,"revenue":397310.8984375,"cost":219208.75,"profit":178102.1484375,"transactions":10156,"margin":44.79999923706055},{"product":"BLUE DREAM INFUSED PRE ROLL - STIIIZY","units":24528,"revenue":384592.65625,"cost":220280.0,"profit":164312.67578125,"transactions":18344,"margin":42.70000076293945},{"product":"PINEAPPLE EXPRESS INFUSED PRE ROLL 4 PK - STIIIZY","units":11290,"revenue":366160.703125,"cost":193050.0,"profit":173110.703125,"transactions":10040,"margin":47.29999923706055},{"product":"BLUE DREAM POD - STIIIZY","units":10166,"revenue":347022.5390625,"cost":169235.0,"profit":177787.55859375,"transactions":8606,"margin":51.20000076293945},{"product":"STRAWBERRY COUGH INFUSED PRE ROLL - STIIIZY","units":19308,"revenue":302944.765625,"cost":172196.25,"profit":130748.525390625,"transactions":14206,"margin":43.20000076293945},{"product":"PINEAPPLE EXPRESS INFUSED PRE ROLL - STIIIZY","units":18328,"revenue":290393.671875,"cost":162241.25,"profit":128152.421875,"transactions":14698,"margin":44.099998474121094},{"product":"KING LOUIS XIII POD - STIIIZY","units":5924,"revenue":287068.515625,"cost":138253.75,"profit":148814.775390625,"transactions":5210,"margin":51.79999923706055},{"product":"PURPLE PUNCH INFUSED PRE ROLL 4 PK - STIIIZY","units":8540,"revenue":280218.203125,"cost":146711.25,"profit":133506.953125,"transactions":7388,"margin":47.599998474121094},{"product":"OG KUSH POD - STIIIZY","units":5592,"revenue":266027.3046875,"cost":125381.25,"profit":140646.0546875,"transactions":4796,"margin":52.900001525878906},{"product":"PINK ACAI INFUSED BLUNT 4 PK - STIIIZY","units":8034,"revenue":257861.89453125,"cost":145418.75,"profit":112443.154296875,"transactions":7338,"margin":43.599998474121094},{"product":"ORANGE SUNSET POD - STIIIZY","units":5392,"revenue":243495.60546875,"cost":116638.75,"profit":126856.845703125,"transactions":4856,"margin":52.099998474121094},{"product":"BLUE BURST INFUSED BLUNT 4 PK - STIIIZY","units":7470,"revenue":240333.65234375,"cost":133460.0,"profit":106873.65234375,"transactions":6772,"margin":44.5},{"product":"STRAWNANA DISPOSABLE VAPE - STIIIZY","units":6492,"revenue":225812.65625,"cost":104078.75,"profit":121733.896484375,"transactions":5894,"margin":53.900001525878906},{"product":"KING LOUIS XIII INFUSED PRE ROLL - STIIIZY","units":14506,"revenue":224747.51953125,"cost":130115.0,"profit":94632.529296875,"transactions":11142,"margin":42.099998474121094},{"product":"BIRTHDAY CAKE POD - STIIIZY","units":6550,"revenue":222498.65234375,"cost":110142.5,"profit":112356.15234375,"transactions":5914,"margin":50.5},{"product":"SKYWALKER OG POD - STIIIZY","units":5628,"revenue":218558.75,"cost":107951.25,"profit":110607.5,"transactions":4822,"margin":50.599998474121094},{"product":"KING LOUIS XIII INFUSED PRE ROLL 4 PK - STIIIZY","units":6502,"revenue":208018.45703125,"cost":113242.5,"profit":94775.947265625,"transactions":5564,"margin":45.599998474121094},{"product":"STRAWNANA INFUSED PRE ROLL - STIIIZY","units":13376,"revenue":205663.046875,"cost":121435.0,"profit":84228.046875,"transactions":9982,"margin":41.0},{"product":"STRAWBERRY COUGH POD - STIIIZY","units":4174,"revenue":204748.359375,"cost":86590.0,"profit":118158.349609375,"transactions":3784,"margin":57.70000076293945},{"product":"APPLE FRITTER DISPOSABLE VAPE - STIIIZY","units":5770,"revenue":190952.2265625,"cost":87328.75,"profit":103623.4765625,"transactions":5336,"margin":54.29999923706055},{"product":"SKYWALKER OG INFUSED PRE ROLL 4 PK - STIIIZY","units":5368,"revenue":184748.515625,"cost":98056.25,"profit":86692.275390625,"transactions":4410,"margin":46.900001525878906},{"product":"PURPLE PUNCH INFUSED PRE ROLL - STIIIZY","units":11950,"revenue":181847.0703125,"cost":106370.0,"profit":75477.0751953125,"transactions":9658,"margin":41.5},{"product":"WATERMELON Z INFUSED BLUNT 4 PK - STIIIZY","units":5650,"revenue":181642.40234375,"cost":100781.25,"profit":80861.15234375,"transactions":5112,"margin":44.5}],"products_by_store":{"Elevation Springs":[{"product":"BLUE DREAM INFUSED PRE ROLL 4 PK - STIIIZY","units":4306,"revenue":141061.07421875,"cost":76302.5,"profit":64758.57421875,"transactions":3512,"margin":45.900001525878906},{"product":"STRAWBERRY COUGH INFUSED PRE ROLL 4 PK - STIIIZY","units":3604,"revenue":117049.697265625,"cost":62497.5,"profit":54552.2021484375,"transactions":3006,"margin":46.599998474121094},{"product":"BISCOTTI INFUSED PRE ROLL 4 PK - STIIIZY","units":3446,"revenue":112016.220703125,"cost":62933.75,"profit":49082.4755859375,"transactions":2824,"margin":43.79999923706055},{"product":"BLUE DREAM INFUSED PRE ROLL - STIIIZY","units":6886,"revenue":107628.076171875,"cost":61786.25,"profit":45841.826171875,"transactions":5066,"margin":42.599998474121094},{"product":"BLUE DREAM POD - STIIIZY","units":3062,"revenue":98454.74609375,"cost":50000.0,"profit":48454.7509765625,"transactions":2506,"margin":49.20000076293945},{"product":"KING LOUIS XIII INFUSED PRE ROLL 4 PK - STIIIZY","units":3026,"revenue":97745.3515625,"cost":53160.0,"profit":44585.3515625,"transactions":2504,"margin":45.599998474121094},{"product":"PINEAPPLE EXPRESS INFUSED PRE ROLL 4 PK - STIIIZY","units":2958,"revenue":95867.87109375,"cost":51018.75,"profit":44849.1259765625,"transactions":2570,"margin":46.79999923706055},{"product":"KING LOUIS XIII POD - STIIIZY","units":1886,"revenue":92436.171875,"cost":44570.0,"profit":47866.1767578125,"transactions":1654,"margin":51.79999923706055},{"product":"PURPLE PUNCH INFUSED PRE ROLL 4 PK - STIIIZY","units":2758,"revenue":90799.6484375,"cost":47032.5,"profit":43767.1484375,"transactions":2274,"margin":48.20000076293945},{"product":"STRAWBERRY COUGH INFUSED PRE ROLL - STIIIZY","units":5512,"revenue":86312.8515625,"cost":49286.25,"profit":37026.59912109375,"transactions":3726,"margin":42.900001525878906},{"product":"PINK ACAI INFUSED BLUNT 4 PK - STIIIZY","units":2364,"revenue":75718.251953125,"cost":42597.5,"profit":33120.74951171875,"transactions":2154,"margin":43.70000076293945},{"product":"STRAWNANA INFUSED PRE ROLL - STIIIZY","units":4570,"revenue":70939.19921875,"cost":41548.75,"profit":29390.44921875,"transactions":3482,"margin":41.400001525878906},{"product":"PINEAPPLE EXPRESS INFUSED PRE ROLL - STIIIZY","units":4174,"revenue":67308.671875,"cost":37387.5,"profit":29921.17431640625,"transactions":3316,"margin":44.5},{"product":"ORANGE SUNSET POD - STIIIZY","units":1500,"revenue":64831.42578125,"cost":32471.25,"profit":32360.17578125,"transactions":1328,"margin":49.900001525878906},{"product":"KING LOUIS XIII INFUSED PRE ROLL - STIIIZY","units":3978,"revenue":62452.5732421875,"cost":36055.0,"profit":26397.57568359375,"transactions":3238,"margin":42.29999923706055}],"Elevation Mesa":[{"product":"BLUE DREAM INFUSED PRE ROLL 4 PK - STIIIZY","units":3206,"revenue":101371.103515625,"cost":56311.25,"profit":45059.8486328125,"transactions":2678,"margin":44.5},{"product":"BLUE DREAM POD - STIIIZY","units":2830,"revenue":92774.326171875,"cost":45361.25,"profit":47413.076171875,"transactions":2410,"margin":51.099998474121094},{"product":"BLUE DREAM INFUSED PRE ROLL - STIIIZY","units":5448,"revenue":85126.97265625,"cost":48827.5,"profit":36299.47509765625,"transactions":4124,"margin":42.599998474121094},{"product":"BISCOTTI INFUSED PRE ROLL 4 PK - STIIIZY","units":2628,"revenue":83427.32421875,"cost":47562.5,"profit":35864.82421875,"transactions":2176,"margin":43.0},{"product":"KING LOUIS XIII POD - STIIIZY","units":1674,"revenue":80843.4765625,"cost":39051.25,"profit":41792.2265625,"transactions":1464,"margin":51.70000076293945},{"product":"STRAWBERRY COUGH INFUSED PRE ROLL 4 PK - STIIIZY","units":2518,"revenue":78138.57421875,"cost":43551.25,"profit":34587.32421875,"transactions":2162,"margin":44.29999923706055},{"product":"KING LOUIS XIII INFUSED PRE ROLL - STIIIZY","units":4858,"revenue":74050.2490234375,"cost":43550.0,"profit":30500.2490234375,"transactions":3532,"margin":41.20000076293945},{"product":"PINEAPPLE EXPRESS INFUSED PRE ROLL - STIIIZY","units":4854,"revenue":73538.798828125,"cost":41441.25,"profit":32097.55126953125,"transactions":3992,"margin":43.599998474121094},{"product":"STRAWBERRY COUGH INFUSED PRE ROLL - STIIIZY","units":4392,"revenue":67491.0986328125,"cost":39270.0,"profit":28221.10107421875,"transactions":3400,"margin":41.79999923706055},{"product":"PINEAPPLE EXPRESS INFUSED PRE ROLL 4 PK - STIIIZY","units":1972,"revenue":60206.8017578125,"cost":33688.75,"profit":26518.04931640625,"transactions":1764,"margin":44.0},{"product":"SKYWALKER OG POD - STIIIZY","units":1556,"revenue":58989.7509765625,"cost":29487.5,"profit":29502.2509765625,"transactions":1396,"margin":50.0},{"product":"PURPLE PUNCH INFUSED PRE ROLL 4 PK - STIIIZY","units":1806,"revenue":57005.8251953125,"cost":31705.0,"profit":25300.8251953125,"transactions":1544,"margin":44.400001525878906},{"product":"OG KUSH POD - STIIIZY","units":1238,"revenue":55421.474609375,"cost":28331.25,"profit":27090.224609375,"transactions":1082,"margin":48.900001525878906},{"product":"ORANGE SUNSET POD - STIIIZY","units":1228,"revenue":55028.5498046875,"cost":26941.25,"profit":28087.2998046875,"transactions":1104,"margin":51.0},{"product":"BIRTHDAY CAKE POD - STIIIZY","units":1614,"revenue":54920.048828125,"cost":27567.5,"profit":27352.548828125,"transactions":1436,"margin":49.79999923706055}],"Elevation Oasis":[{"product":"BLUE DREAM INFUSED PRE ROLL 4 PK - STIIIZY","units":1958,"revenue":63737.1484375,"cost":33935.0,"profit":29802.15087890625,"transactions":1568,"margin":46.79999923706055},{"product":"STRAWBERRY COUGH INFUSED PRE ROLL 4 PK - STIIIZY","units":1858,"revenue":62544.0478515625,"cost":31506.25,"profit":31037.80029296875,"transactions":1604,"margin":49.599998474121094},{"product":"PINEAPPLE EXPRESS INFUSED PRE ROLL 4 PK - STIIIZY","units":1834,"revenue":62109.5263671875,"cost":30910.0,"profit":31199.52392578125,"transactions":1564,"margin":50.20000076293945},{"product":"THIN MINTZ OUNCE - STIIIZY","units":400,"revenue":51433.125,"cost":25000.0,"profit":26433.125,"transactions":374,"margin":51.400001525878906},{"product":"SUNSET SHERBERT OUNCE - STIIIZY","units":400,"revenue":49385.0,"cost":25000.0,"profit":24385.0,"transactions":386,"margin":49.400001525878906},{"product":"BLUE BURST INFUSED BLUNT 4 PK - STIIIZY","units":1416,"revenue":46127.0263671875,"cost":24990.0,"profit":21137.02392578125,"transactions":1240,"margin":45.79999923706055},{"product":"OG KUSH POD - STIIIZY","units":918,"revenue":45552.001953125,"cost":20120.0,"profit":25431.99951171875,"transactions":640,"margin":55.79999923706055},{"product":"BISCOTTI INFUSED PRE ROLL 4 PK - STIIIZY","units":1400,"revenue":44425.9765625,"cost":24612.5,"profit":19813.475341796875,"transactions":1106,"margin":44.599998474121094},{"product":"PINEAPPLE EXPRESS INFUSED PRE ROLL - STIIIZY","units":2566,"revenue":42248.9501953125,"cost":22720.0,"profit":19528.9501953125,"transactions":1990,"margin":46.20000076293945},{"product":"BLACK CHERRY GELATO HALF OUNCE - STIIIZY","units":500,"revenue":40191.6748046875,"cost":18750.0,"profit":21441.6748046875,"transactions":448,"margin":53.29999923706055},{"product":"BLUE DREAM POD - STIIIZY","units":1128,"revenue":39712.724609375,"cost":18022.5,"profit":21690.224609375,"transactions":912,"margin":54.599998474121094},{"product":"LEMON CHERRY GELATO EIGHTH - STIIIZY","units":1328,"revenue":39701.25,"cost":15202.5,"profit":24498.75,"transactions":906,"margin":61.70000076293945},{"product":"SHERBBLES OUNCE - STIIIZY","units":300,"revenue":37855.77392578125,"cost":18750.0,"profit":19105.775146484375,"transactions":286,"margin":50.5},{"product":"STRAWBERRY COUGH INFUSED PRE ROLL - STIIIZY","units":2248,"revenue":36966.69921875,"cost":20100.0,"profit":16866.700439453125,"transactions":1630,"margin":45.599998474121094},{"product":"STRAWNANA DISPOSABLE VAPE - STIIIZY","units":986,"revenue":34253.00048828125,"cost":15372.5,"profit":18880.50048828125,"transactions":862,"margin":55.099998474121094}],"Elevation Downtown":[{"product":"BLUE DREAM INFUSED PRE ROLL 4 PK - STIIIZY","units":480,"revenue":14945.0,"cost":8131.25,"profit":6813.75,"transactions":452,"margin":45.599998474121094},{"product":"STRAWBERRY COUGH INFUSED PRE ROLL 4 PK - STIIIZY","units":382,"revenue":11562.950439453125,"cost":6487.5,"profit":5075.450134277344,"transactions":354,"margin":43.900001525878906},{"product":"PINEAPPLE EXPRESS INFUSED PRE ROLL 4 PK - STIIIZY","units":310,"revenue":9681.875,"cost":5223.75,"profit":4458.125,"transactions":304,"margin":46.0},{"product":"PINK ACAI INFUSED BLUNT 4 PK - STIIIZY","units":286,"revenue":8776.25,"cost":5193.75,"profit":3582.5,"transactions":272,"margin":40.79999923706055},{"product":"SOUR DIESEL INFUSED PRE ROLL 4 PK - STIIIZY","units":256,"revenue":8019.375,"cost":4147.5,"profit":3871.875,"transactions":248,"margin":48.29999923706055},{"product":"SOUR TANGIE DISPOSABLE VAPE - STIIIZY","units":246,"revenue":7446.25,"cost":4151.25,"profit":3295.0,"transactions":234,"margin":44.29999923706055},{"product":"BLUE BURST INFUSED BLUNT 4 PK - STIIIZY","units":240,"revenue":7229.375,"cost":4331.25,"profit":2898.125,"transactions":230,"margin":40.099998474121094},{"product":"STRAWBERRY COUGH INFUSED PRE ROLL - STIIIZY","units":468,"revenue":7021.9000244140625,"cost":4072.5,"profit":2949.4000244140625,"transactions":422,"margin":42.0},{"product":"GELATO INFUSED BLUNT 4 PK - STIIIZY","units":210,"revenue":6743.75,"cost":3825.0,"profit":2918.75,"transactions":206,"margin":43.29999923706055},{"product":"APPLE FRITTER DISPOSABLE VAPE - STIIIZY","units":210,"revenue":6580.0,"cost":3233.75,"profit":3346.25,"transactions":200,"margin":50.900001525878906},{"product":"WATERMELON Z INFUSED BLUNT 4 PK - STIIIZY","units":208,"revenue":6292.5,"cost":3791.25,"profit":2501.25,"transactions":198,"margin":39.70000076293945},{"product":"STRAWBERRY COUGH POD - STIIIZY","units":126,"revenue":5925.0,"cost":2126.25,"profit":3798.75,"transactions":110,"margin":64.0999984741211},{"product":"PURPLE PUNCH INFUSED PRE ROLL 4 PK - STIIIZY","units":172,"revenue":5534.375,"cost":2768.75,"profit":2765.625,"transactions":168,"margin":50.0},{"product":"SFV OG DISPOSABLE VAPE - STIIIZY","units":178,"revenue":5193.125,"cost":3003.75,"profit":2189.375,"transactions":166,"margin":42.20000076293945},{"product":"ORANGE SUNSET POD - STIIIZY","units":112,"revenue":5081.25,"cost":2296.25,"profit":2785.0,"transactions":108,"margin":54.79999923706055}],"Elevation Midtown":[{"product":"BLUE DREAM INFUSED PRE ROLL 4 PK - STIIIZY","units":1872,"revenue":61744.6728515625,"cost":32890.0,"profit":28854.67529296875,"transactions":1582,"margin":46.70000076293945},{"product":"BLUE DREAM POD - STIIIZY","units":1266,"revenue":48646.77734375,"cost":22360.0,"profit":26286.77490234375,"transactions":1126,"margin":54.0},{"product":"OG KUSH POD - STIIIZY","units":944,"revenue":47930.4248046875,"cost":21610.0,"profit":26320.4248046875,"transactions":846,"margin":54.900001525878906},{"product":"BISCOTTI INFUSED PRE ROLL 4 PK - STIIIZY","units":1438,"revenue":47671.474609375,"cost":25843.75,"profit":21827.724609375,"transactions":1166,"margin":45.79999923706055},{"product":"STRAWBERRY COUGH POD - STIIIZY","units":872,"revenue":44794.90234375,"cost":18526.25,"profit":26268.64990234375,"transactions":802,"margin":58.599998474121094},{"product":"ORANGE SUNSET POD - STIIIZY","units":930,"revenue":44291.826171875,"cost":19562.5,"profit":24729.326171875,"transactions":846,"margin":55.79999923706055},{"product":"SKYWALKER OG POD - STIIIZY","units":940,"revenue":40052.02392578125,"cost":18520.0,"profit":21532.02392578125,"transactions":796,"margin":53.79999923706055},{"product":"PINEAPPLE EXPRESS INFUSED PRE ROLL 4 PK - STIIIZY","units":1136,"revenue":37797.5,"cost":18981.25,"profit":18816.25,"transactions":1040,"margin":49.79999923706055},{"product":"STRAWBERRY COUGH INFUSED PRE ROLL 4 PK - STIIIZY","units":1116,"revenue":37740.92529296875,"cost":19232.5,"profit":18508.42529296875,"transactions":1004,"margin":49.0},{"product":"BLUE DREAM INFUSED PRE ROLL - STIIIZY","units":2066,"revenue":33677.67578125,"cost":18892.5,"profit":14785.174560546875,"transactions":1636,"margin":43.900001525878906},{"product":"STRAWBERRY COUGH INFUSED PRE ROLL - STIIIZY","units":1986,"revenue":33163.40087890625,"cost":17715.0,"profit":15448.399658203125,"transactions":1690,"margin":46.599998474121094},{"product":"KING LOUIS XIII POD - STIIIZY","units":656,"revenue":32065.90087890625,"cost":14716.25,"profit":17349.649658203125,"transactions":598,"margin":54.099998474121094},{"product":"PURPLE PUNCH INFUSED PRE ROLL 4 PK - STIIIZY","units":878,"revenue":30754.87548828125,"cost":15090.0,"profit":15664.87548828125,"transactions":796,"margin":50.900001525878906},{"product":"MAGIC MELON DISPOSABLE VAPE - STIIIZY","units":696,"revenue":29929.22607421875,"cost":12768.75,"profit":17160.474853515625,"transactions":600,"margin":57.29999923706055},{"product":"GRAND DADDY PURP POD - STIIIZY","units":504,"revenue":29536.12548828125,"cost":13241.25,"profit":16294.87548828125,"transactions":452,"margin":55.20000076293945}],"Elevation Boulevard":[{"product":"BLUE DREAM INFUSED PRE ROLL - STIIIZY","units":4784,"revenue":70834.5751953125,"cost":43328.75,"profit":27505.8251953125,"transactions":3358,"margin":38.79999923706055},{"product":"STRAWBERRY COUGH INFUSED PRE ROLL 4 PK - STIIIZY","units":2070,"revenue":63875.72265625,"cost":35726.25,"profit":28149.47509765625,"transactions":1618,"margin":44.099998474121094},{"product":"BLUE DREAM INFUSED PRE ROLL 4 PK - STIIIZY","units":2042,"revenue":63011.5234375,"cost":35245.0,"profit":27766.52587890625,"transactions":1654,"margin":44.099998474121094},{"product":"STRAWBERRY COUGH INFUSED PRE ROLL - STIIIZY","units":3314,"revenue":48795.2978515625,"cost":29752.5,"profit":19042.80029296875,"transactions":2192,"margin":39.0},{"product":"BISCOTTI INFUSED PRE ROLL 4 PK - STIIIZY","units":1452,"revenue":46023.75,"cost":25536.25,"profit":20487.5,"transactions":1236,"margin":44.5},{"product":"PINEAPPLE EXPRESS INFUSED PRE ROLL - STIIIZY","units":2944,"revenue":44338.7255859375,"cost":27026.25,"profit":17312.4755859375,"transactions":2230,"margin":39.0},{"product":"BLUE DREAM POD - STIIIZY","units":1050,"revenue":37315.2001953125,"cost":18505.0,"profit":18810.2001953125,"transactions":910,"margin":50.400001525878906},{"product":"PURPLE PUNCH INFUSED PRE ROLL - STIIIZY","units":2392,"revenue":35653.1494140625,"cost":21738.75,"profit":13914.400634765625,"transactions":1898,"margin":39.0},{"product":"PINEAPPLE EXPRESS INFUSED PRE ROLL 4 PK - STIIIZY","units":1166,"revenue":34296.4501953125,"cost":20290.0,"profit":14006.4501953125,"transactions":1016,"margin":40.79999923706055},{"product":"STRAWBERRY COUGH POD - STIIIZY","units":652,"revenue":31666.25,"cost":13827.5,"profit":17838.75,"transactions":606,"margin":56.29999923706055},{"product":"BLUE BURST INFUSED BLUNT 4 PK - STIIIZY","units":996,"revenue":30234.09912109375,"cost":17790.0,"profit":12444.100341796875,"transactions":874,"margin":41.20000076293945},{"product":"STRAWNANA INFUSED PRE ROLL - STIIIZY","units":2026,"revenue":28966.25,"cost":18877.5,"profit":10088.75,"transactions":1356,"margin":34.79999923706055},{"product":"SOUR DIESEL INFUSED PRE ROLL 4 PK - STIIIZY","units":914,"revenue":28822.57568359375,"cost":15000.0,"profit":13822.574462890625,"transactions":768,"margin":48.0},{"product":"KING LOUIS XIII INFUSED PRE ROLL - STIIIZY","units":1958,"revenue":28558.07373046875,"cost":17502.5,"profit":11055.574951171875,"transactions":1404,"margin":38.70000076293945},{"product":"THIN MINTZ EIGHTH - STIIIZY","units":1100,"revenue":28393.9501953125,"cost":12508.75,"profit":15885.2001953125,"transactions":998,"margin":55.900001525878906}],"Elevation Parkway":[{"product":"BLUE DREAM INFUSED PRE ROLL 4 PK - STIIIZY","units":3146,"revenue":109822.919921875,"cost":55367.5,"profit":54455.4248046875,"transactions":2786,"margin":49.599998474121094},{"product":"STRAWBERRY COUGH INFUSED PRE ROLL 4 PK - STIIIZY","units":1958,"revenue":66837.4755859375,"cost":34157.5,"profit":32679.9755859375,"transactions":1788,"margin":48.900001525878906},{"product":"PINEAPPLE EXPRESS INFUSED PRE ROLL 4 PK - STIIIZY","units":1914,"revenue":66200.673828125,"cost":32937.5,"profit":33263.173828125,"transactions":1782,"margin":50.20000076293945},{"product":"BISCOTTI INFUSED PRE ROLL 4 PK - STIIIZY","units":1750,"revenue":60902.3974609375,"cost":31370.0,"profit":29532.39990234375,"transactions":1566,"margin":48.5},{"product":"STRAWNANA DISPOSABLE VAPE - STIIIZY","units":1454,"revenue":50693.8232421875,"cost":23921.25,"profit":26772.57568359375,"transactions":1384,"margin":52.79999923706055},{"product":"BLUE DREAM INFUSED PRE ROLL - STIIIZY","units":3036,"revenue":50362.626953125,"cost":27315.0,"profit":23047.62451171875,"transactions":2328,"margin":45.79999923706055},{"product":"PINK ACAI INFUSED BLUNT 4 PK - STIIIZY","units":1256,"revenue":42770.673828125,"cost":23051.25,"profit":19719.425048828125,"transactions":1198,"margin":46.099998474121094},{"product":"PURPLE PUNCH INFUSED PRE ROLL 4 PK - STIIIZY","units":1204,"revenue":42279.0478515625,"cost":21198.75,"profit":21080.30029296875,"transactions":1130,"margin":49.900001525878906},{"product":"APPLE FRITTER DISPOSABLE VAPE - STIIIZY","units":1162,"revenue":39273.87451171875,"cost":17448.75,"profit":21825.12451171875,"transactions":1120,"margin":55.599998474121094},{"product":"BLUE BURST INFUSED BLUNT 4 PK - STIIIZY","units":1000,"revenue":34696.298828125,"cost":18410.0,"profit":16286.300048828125,"transactions":960,"margin":46.900001525878906},{"product":"STRAWBERRY COUGH POD - STIIIZY","units":690,"revenue":34191.2744140625,"cost":15422.5,"profit":18768.7744140625,"transactions":606,"margin":54.900001525878906},{"product":"PINEAPPLE EXPRESS INFUSED PRE ROLL - STIIIZY","units":1996,"revenue":33582.62451171875,"cost":17571.25,"profit":16011.37451171875,"transactions":1674,"margin":47.70000076293945},{"product":"KING LOUIS XIII INFUSED PRE ROLL 4 PK - STIIIZY","units":948,"revenue":32417.7001953125,"cost":16202.5,"profit":16215.2001953125,"transactions":886,"margin":50.0},{"product":"BIRTHDAY CAKE POD - STIIIZY","units":760,"revenue":30129.3994140625,"cost":15062.5,"profit":15066.8994140625,"transactions":698,"margin":50.0},{"product":"SOUR DIESEL INFUSED PRE ROLL 4 PK - STIIIZY","units":876,"revenue":29710.0,"cost":14790.0,"profit":14920.0,"transactions":848,"margin":50.20000076293945}]},"store_summary":[{"store_clean":"Elevation Springs","units":146578,"revenue":4138141.25,"cost":2101239.375,"profit":2036902.03125,"discounts":1398237.34375,"margin":49.20000076293945,"discount_rate":25.299999237060547},{"store_clean":"Elevation Mesa","units":131288,"revenue":3561661.5625,"cost":1828853.59375,"profit":1732807.96875,"discounts":1301063.515625,"margin":48.70000076293945,"discount_rate":26.799999237060547},{"store_clean":"Elevation Oasis","units":84488,"revenue":2812218.75,"cost":1330739.84375,"profit":1481478.90625,"discounts":855852.5,"margin":52.70000076293945,"discount_rate":23.299999237060547},{"store_clean":"Elevation Boulevard","units":79842,"revenue":2095701.40625,"cost":1095348.28125,"profit":1000353.125,"discounts":809976.09375,"margin":47.70000076293945,"discount_rate":27.899999618530273},{"store_clean":"Elevation Parkway","units":67188,"revenue":2094965.78125,"cost":1018261.953125,"profit":1076703.828125,"discounts":555175.5078125,"margin":51.400001525878906,"discount_rate":20.899999618530273},{"store_clean":"Elevation Midtown","units":67460,"revenue":2086465.0,"cost":989268.984375,"profit":1097196.015625,"discounts":552465.0390625,"margin":52.599998474121094,"discount_rate":20.899999618530273},{"store_clean":"Elevation Downtown","units":7768,"revenue":222931.26953125,"cost":114830.0,"profit":108101.279296875,"discounts":90461.220703125,"margin":48.5,"discount_rate":28.899999618530273}],"recommendations":[{"severity":"red","title":"PROMO: BELOW CATEGORY AVERAGE","detail":"Margin (0.0%) is 61 pts below PROMO average. Ranked #3 of 3. Strong case for cost negotiation.","action":"Request 31% cost reduction or evaluate alternative PROMO brands."},{"severity":"info","title":"VOLUME LEVERAGE","detail":"$6,804,834 revenue provides negotiating leverage.","action":"Use volume as leverage in next vendor meeting."}],"comparison":null}