{"brand":"Santa Cruz","date_range":"2024-01-01 00:00:00 to 2026-01-31 00:00:00","period_label":"All Time","summary":{"total_units":100,"total_revenue":2355.10009765625,"total_cost":866.2498474121094,"total_discounts":89.89999771118164,"total_profit":1488.85009765625,"overall_margin":63.20000076293945,"fp_margin":64.5,"disc_margin":52.099998474121094,"pct_full_price":89.5,"avg_discount_rate":3.700000047683716,"fp_revenue":2107.5,"disc_revenue":247.60000228881836,"unique_customers":100,"brand":"Santa Cruz","date_range":"2024-01-01 00:00:00 to 2026-01-31 00:00:00","months_count":24,"avg_monthly_cost":72.175,"cost_per_unit":17.325,"primary_category":"ACCESSORY","primary_cat_margin":61.099998474121094,"category_rank":0,"category_total":0,"margin_vs_category":2.0999999046325684,"velocity_rank":0},"category_breakdown":[{"category_clean":"ACCESSORY","units":90,"revenue":2171.374969482422,"cost":797.6249694824219,"profit":1373.75,"discounts":61.12500190734863,"margin":63.29999923706055,"category_avg_margin":61.099998474121094,"vs_category":2.2,"rank":0.0,"total_brands":0.0}],"trend":[{"period":"2024-07","revenue":473.72501373291016,"cost":184.7249984741211,"margin":61.0,"units":22,"transactions":22,"profit":289.00001525878906,"revenue_change_pct":null,"units_change_pct":null,"margin_change_pts":null},{"period":"2024-08","revenue":897.5,"cost":352.1249771118164,"margin":60.8,"units":30,"transactions":30,"profit":545.3750228881836,"revenue_change_pct":89.5,"units_change_pct":36.4,"margin_change_pts":-0.2},{"period":"2024-11","revenue":85.0,"cost":27.44999885559082,"margin":67.7,"units":4,"transactions":4,"profit":57.55000114440918,"revenue_change_pct":-90.5,"units_change_pct":-86.7,"margin_change_pts":6.9},{"period":"2024-12","revenue":212.5,"cost":68.62499713897705,"margin":67.7,"units":10,"transactions":10,"profit":143.87500762939453,"revenue_change_pct":150.0,"units_change_pct":150.0,"margin_change_pts":0.0},{"period":"2025-01","revenue":170.0,"cost":54.89999771118164,"margin":67.7,"units":8,"transactions":8,"profit":115.10000228881836,"revenue_change_pct":-20.0,"units_change_pct":-20.0,"margin_change_pts":0.0},{"period":"2025-02","revenue":85.0,"cost":27.44999885559082,"margin":67.7,"units":4,"transactions":4,"profit":57.55000114440918,"revenue_change_pct":-50.0,"units_change_pct":-50.0,"margin_change_pts":0.0},{"period":"2025-05","revenue":31.875,"cost":13.72499942779541,"margin":56.9,"units":2,"transactions":2,"profit":18.15000057220459,"revenue_change_pct":-62.5,"units_change_pct":-50.0,"margin_change_pts":-10.8},{"period":"2025-06","revenue":34.000000953674316,"cost":13.72499942779541,"margin":59.6,"units":2,"transactions":2,"profit":20.274999141693115,"revenue_change_pct":6.7,"units_change_pct":0,"margin_change_pts":2.7},{"period":"2025-08","revenue":85.0,"cost":27.44999885559082,"margin":67.7,"units":4,"transactions":4,"profit":57.55000114440918,"revenue_change_pct":150.0,"units_change_pct":100.0,"margin_change_pts":8.1},{"period":"2025-09","revenue":157.25000381469727,"cost":54.89999771118164,"margin":65.1,"units":8,"transactions":8,"profit":102.35000610351562,"revenue_change_pct":85.0,"units_change_pct":100.0,"margin_change_pts":-2.6},{"period":"2025-10","revenue":42.5,"cost":13.72499942779541,"margin":67.7,"units":2,"transactions":2,"profit":28.77500057220459,"revenue_change_pct":-73.0,"units_change_pct":-75.0,"margin_change_pts":2.6},{"period":"2025-12","revenue":80.74999809265137,"cost":27.44999885559082,"margin":66.0,"units":4,"transactions":4,"profit":53.29999923706055,"revenue_change_pct":90.0,"units_change_pct":100.0,"margin_change_pts":-1.7}],"share_of_category":[{"category":"ACCESSORY","brand_revenue":2171.374969482422,"category_revenue":4128754.0625,"revenue_share_pct":0.10000000149011612,"brand_units":90,"category_units":2130096,"units_share_pct":0.0},{"category":0.0,"brand_revenue":0.0,"category_revenue":0.0,"revenue_share_pct":0.0,"brand_units":0,"category_units":0,"units_share_pct":0.0}],"share_of_category_trend":{"ACCESSORY":[{"period":"2024-01","brand_revenue":0.0,"category_revenue":153543.9453125,"share_pct":0.0},{"period":"2024-02","brand_revenue":0.0,"category_revenue":152399.47265625,"share_pct":0.0},{"period":"2024-03","brand_revenue":0.0,"category_revenue":154678.876953125,"share_pct":0.0},{"period":"2024-04","brand_revenue":0.0,"category_revenue":163353.65234375,"share_pct":0.0},{"period":"2024-05","brand_revenue":0.0,"category_revenue":179676.4453125,"share_pct":0.0},{"period":"2024-06","brand_revenue":0.0,"category_revenue":185008.828125,"share_pct":0.0},{"period":"2024-07","brand_revenue":290.0,"category_revenue":186675.46875,"share_pct":0.20000000298023224},{"period":"2024-08","brand_revenue":897.5,"category_revenue":180226.328125,"share_pct":0.5},{"period":"2024-09","brand_revenue":0.0,"category_revenue":162386.298828125,"share_pct":0.0},{"period":"2024-10","brand_revenue":0.0,"category_revenue":166088.73046875,"share_pct":0.0},{"period":"2024-11","brand_revenue":85.0,"category_revenue":171706.09375,"share_pct":0.0},{"period":"2024-12","brand_revenue":212.5,"category_revenue":176502.03125,"share_pct":0.10000000149011612},{"period":"2025-01","brand_revenue":170.0,"category_revenue":167261.34765625,"share_pct":0.10000000149011612},{"period":"2025-02","brand_revenue":85.0,"category_revenue":155260.927734375,"share_pct":0.10000000149011612},{"period":"2025-03","brand_revenue":0.0,"category_revenue":176420.390625,"share_pct":0.0},{"period":"2025-04","brand_revenue":0.0,"category_revenue":182694.82421875,"share_pct":0.0},{"period":"2025-05","brand_revenue":31.875,"category_revenue":179904.4921875,"share_pct":0.0},{"period":"2025-06","brand_revenue":34.000000953674316,"category_revenue":161148.75,"share_pct":0.0},{"period":"2025-07","brand_revenue":0.0,"category_revenue":165549.8046875,"share_pct":0.0},{"period":"2025-08","brand_revenue":85.0,"category_revenue":171752.05078125,"share_pct":0.0},{"period":"2025-09","brand_revenue":157.25000381469727,"category_revenue":168198.9453125,"share_pct":0.10000000149011612},{"period":"2025-10","brand_revenue":42.5,"category_revenue":171844.55078125,"share_pct":0.0},{"period":"2025-11","brand_revenue":0.0,"category_revenue":172839.74609375,"share_pct":0.0},{"period":"2025-12","brand_revenue":80.74999809265137,"category_revenue":141954.873046875,"share_pct":0.10000000149011612},{"period":"2026-01","brand_revenue":0.0,"category_revenue":81677.1484375,"share_pct":0.0}]},"discount_depth":[{"tier":"0% (Full Price)","transactions":86,"pct_of_transactions":86.0,"revenue":2107.5,"avg_discount":0.0},{"tier":"1-10%","transactions":2,"pct_of_transactions":2.0,"revenue":38.25000047683716,"avg_discount":20.0},{"tier":"11-20%","transactions":6,"pct_of_transactions":6.0,"revenue":133.99999618530273,"avg_discount":40.0},{"tier":"21-30%","transactions":4,"pct_of_transactions":4.0,"revenue":61.624999046325684,"avg_discount":55.0},{"tier":"31%+","transactions":2,"pct_of_transactions":2.0,"revenue":13.72499942779541,"avg_discount":135.39999389648438}],"velocity":{"units_per_day":0.18,"revenue_per_day":4.424999952316284,"avg_units_per_txn":2.0,"days_of_data":531,"total_units":100,"total_transactions":100},"velocity_by_category":[{"category":"ACCESSORY","brand_units_per_day":0.12,"category_avg_units_per_day":20.56,"velocity_index":0.6,"brand_rev_per_unit":19.3,"category_rev_per_unit":1.55,"brands_in_category":136},{"category":0.0,"brand_units_per_day":0.0,"category_avg_units_per_day":0,"velocity_index":0,"brand_rev_per_unit":0.0,"category_rev_per_unit":0.0,"brands_in_category":0}],"deals":[{"deal_name":"Industry 30% Off","times_used":2,"units":2.0,"revenue":29.749999046325684,"discounts":12.749999761581421,"cost":13.72499942779541,"profit":16.024999618530273,"pre_discount_revenue":42.5,"margin":53.9,"avg_discount":60.0},{"deal_name":"Senior - 10% Off","times_used":2,"units":2.0,"revenue":38.25000047683716,"discounts":4.2500001192092896,"cost":13.72499942779541,"profit":24.525001049041748,"pre_discount_revenue":42.5,"margin":64.1,"avg_discount":20.0}],"top_products":[{"product":"SANTA CRUZ SHREDDER [MED]","units":58,"revenue":1196.3749694824219,"cost":398.0249786376953,"profit":798.3499908447266,"transactions":58,"margin":66.69999694824219},{"product":"SANTA CRUZ 4P GRINDER","units":32,"revenue":975.0,"cost":399.59999084472656,"profit":575.4000091552734,"transactions":32,"margin":59.0},{"product":"Santa Cruz Shredder (Med)","units":10,"revenue":183.72499465942383,"cost":68.62499713897705,"profit":115.10000228881836,"transactions":10,"margin":62.599998474121094}],"products_by_store":{"Elevation Midtown":[{"product":"SANTA CRUZ SHREDDER [MED]","units":58,"revenue":1196.3749694824219,"cost":398.0249786376953,"profit":798.3499908447266,"transactions":58,"margin":66.69999694824219},{"product":"SANTA CRUZ 4P GRINDER","units":32,"revenue":975.0,"cost":399.59999084472656,"profit":575.4000091552734,"transactions":32,"margin":59.0},{"product":"Santa Cruz Shredder (Med)","units":10,"revenue":183.72499465942383,"cost":68.62499713897705,"profit":115.10000228881836,"transactions":10,"margin":62.599998474121094}]},"store_summary":[{"store_clean":"Elevation Midtown","units":100,"revenue":2355.0999450683594,"cost":866.25,"profit":1488.85009765625,"discounts":89.89999771118164,"margin":63.20000076293945,"discount_rate":3.700000047683716}],"recommendations":[],"comparison":null}