{"brand":"Slugworth Glass","date_range":"2024-01-01 00:00:00 to 2026-01-31 00:00:00","period_label":"All Time","summary":{"total_units":24,"total_revenue":3379.2498779296875,"total_cost":1840.0,"total_discounts":783.2499694824219,"total_profit":1539.2500305175781,"overall_margin":45.599998474121094,"fp_margin":59.5,"disc_margin":-15.600000381469727,"pct_full_price":81.4000015258789,"avg_discount_rate":18.799999237060547,"fp_revenue":2750.0,"disc_revenue":629.2499923706055,"unique_customers":24,"brand":"Slugworth Glass","date_range":"2024-01-01 00:00:00 to 2026-01-31 00:00:00","months_count":10,"avg_monthly_cost":368.0,"cost_per_unit":153.325,"primary_category":"ACCESSORY","primary_cat_margin":61.099998474121094,"category_rank":25,"category_total":136,"margin_vs_category":-15.5,"velocity_rank":79},"category_breakdown":[{"category_clean":"ACCESSORY","units":24,"revenue":3379.2498779296875,"cost":1840.0,"profit":1539.2500305175781,"discounts":783.2499694824219,"margin":45.599998474121094,"category_avg_margin":61.099998474121094,"vs_category":-15.5,"rank":25.0,"total_brands":136.0}],"trend":[{"period":"2024-01","revenue":812.5,"cost":312.5,"margin":61.5,"units":2,"transactions":2,"profit":500.0,"revenue_change_pct":null,"units_change_pct":null,"margin_change_pts":null},{"period":"2025-04","revenue":1225.0,"cost":650.0,"margin":46.9,"units":4,"transactions":4,"profit":575.0,"revenue_change_pct":50.8,"units_change_pct":100.0,"margin_change_pts":-14.6},{"period":"2025-07","revenue":4.2500001192092896,"cost":237.5,"margin":-5488.2,"units":2,"transactions":2,"profit":-233.25000762939453,"revenue_change_pct":-99.7,"units_change_pct":-50.0,"margin_change_pts":-5535.2},{"period":"2025-12","revenue":281.25,"cost":160.0,"margin":43.1,"units":4,"transactions":4,"profit":121.25,"revenue_change_pct":6517.6,"units_change_pct":100.0,"margin_change_pts":5531.3},{"period":"2026-01","revenue":1056.25,"cost":480.0,"margin":54.6,"units":12,"transactions":12,"profit":576.25,"revenue_change_pct":275.6,"units_change_pct":200.0,"margin_change_pts":11.4}],"share_of_category":[{"category":"ACCESSORY","brand_revenue":3379.2498779296875,"category_revenue":4128754.0625,"revenue_share_pct":0.10000000149011612,"brand_units":24,"category_units":2130096,"units_share_pct":0.0}],"share_of_category_trend":{"ACCESSORY":[{"period":"2024-01","brand_revenue":812.5,"category_revenue":153543.9453125,"share_pct":0.5},{"period":"2024-02","brand_revenue":0.0,"category_revenue":152399.47265625,"share_pct":0.0},{"period":"2024-03","brand_revenue":0.0,"category_revenue":154678.876953125,"share_pct":0.0},{"period":"2024-04","brand_revenue":0.0,"category_revenue":163353.65234375,"share_pct":0.0},{"period":"2024-05","brand_revenue":0.0,"category_revenue":179676.4453125,"share_pct":0.0},{"period":"2024-06","brand_revenue":0.0,"category_revenue":185008.828125,"share_pct":0.0},{"period":"2024-07","brand_revenue":0.0,"category_revenue":186675.46875,"share_pct":0.0},{"period":"2024-08","brand_revenue":0.0,"category_revenue":180226.328125,"share_pct":0.0},{"period":"2024-09","brand_revenue":0.0,"category_revenue":162386.298828125,"share_pct":0.0},{"period":"2024-10","brand_revenue":0.0,"category_revenue":166088.73046875,"share_pct":0.0},{"period":"2024-11","brand_revenue":0.0,"category_revenue":171706.09375,"share_pct":0.0},{"period":"2024-12","brand_revenue":0.0,"category_revenue":176502.03125,"share_pct":0.0},{"period":"2025-01","brand_revenue":0.0,"category_revenue":167261.34765625,"share_pct":0.0},{"period":"2025-02","brand_revenue":0.0,"category_revenue":155260.927734375,"share_pct":0.0},{"period":"2025-03","brand_revenue":0.0,"category_revenue":176420.390625,"share_pct":0.0},{"period":"2025-04","brand_revenue":1225.0,"category_revenue":182694.82421875,"share_pct":0.699999988079071},{"period":"2025-05","brand_revenue":0.0,"category_revenue":179904.4921875,"share_pct":0.0},{"period":"2025-06","brand_revenue":0.0,"category_revenue":161148.75,"share_pct":0.0},{"period":"2025-07","brand_revenue":4.2500001192092896,"category_revenue":165549.8046875,"share_pct":0.0},{"period":"2025-08","brand_revenue":0.0,"category_revenue":171752.05078125,"share_pct":0.0},{"period":"2025-09","brand_revenue":0.0,"category_revenue":168198.9453125,"share_pct":0.0},{"period":"2025-10","brand_revenue":0.0,"category_revenue":171844.55078125,"share_pct":0.0},{"period":"2025-11","brand_revenue":0.0,"category_revenue":172839.74609375,"share_pct":0.0},{"period":"2025-12","brand_revenue":281.25,"category_revenue":141954.873046875,"share_pct":0.20000000298023224},{"period":"2026-01","brand_revenue":1056.25,"category_revenue":81677.1484375,"share_pct":1.2999999523162842}]},"discount_depth":[{"tier":"0% (Full Price)","transactions":14,"pct_of_transactions":58.3,"revenue":2750.0,"avg_discount":0.0},{"tier":"1-10%","transactions":2,"pct_of_transactions":8.3,"revenue":175.0,"avg_discount":13.399999618530273},{"tier":"11-20%","transactions":0,"pct_of_transactions":0.0,"revenue":0.0,"avg_discount":0},{"tier":"21-30%","transactions":0,"pct_of_transactions":0.0,"revenue":0.0,"avg_discount":0},{"tier":"31%+","transactions":6,"pct_of_transactions":25.0,"revenue":322.99999237060547,"avg_discount":132.60000610351562}],"velocity":{"units_per_day":0.04,"revenue_per_day":4.4999998807907104,"avg_units_per_txn":2.0,"days_of_data":750,"total_units":24,"total_transactions":24},"velocity_by_category":[{"category":"ACCESSORY","brand_units_per_day":0.04,"category_avg_units_per_day":20.56,"velocity_index":0.2,"brand_rev_per_unit":112.64,"category_rev_per_unit":1.55,"brands_in_category":136}],"deals":[{"deal_name":"Industry 30% Off","times_used":2,"units":2.0,"revenue":131.25,"discounts":56.25,"cost":80.0,"profit":51.25,"pre_discount_revenue":187.5,"margin":39.0,"avg_discount":60.0},{"deal_name":"Store Credit - $15","times_used":2,"units":2.0,"revenue":175.0,"discounts":12.5,"cost":80.0,"profit":95.0,"pre_discount_revenue":187.5,"margin":54.3,"avg_discount":13.4}],"top_products":[{"product":"$75 Slugworth Spoons","units":16,"revenue":1337.5,"cost":640.0,"profit":697.5,"transactions":16,"margin":52.099998474121094},{"product":"$400 Slugworth Incycler","units":2,"revenue":1000.0,"cost":400.0,"profit":600.0,"transactions":2,"margin":60.0},{"product":"$325 Slugworth Beaker(md)","units":2,"revenue":812.5,"cost":312.5,"profit":500.0,"transactions":2,"margin":61.5},{"product":"$325 Slugworth Slugger(lg)","units":2,"revenue":225.0,"cost":250.0,"profit":-25.0,"transactions":2,"margin":-11.100000381469727},{"product":"$250 Slugworth Slugger(sm)","units":2,"revenue":4.2500001192092896,"cost":237.5,"profit":-233.25000762939453,"transactions":2,"margin":-5488.2001953125}],"products_by_store":{"Elevation Midtown":[{"product":"$75 Slugworth Spoons","units":16,"revenue":1337.5,"cost":640.0,"profit":697.5,"transactions":16,"margin":52.099998474121094},{"product":"$400 Slugworth Incycler","units":2,"revenue":1000.0,"cost":400.0,"profit":600.0,"transactions":2,"margin":60.0},{"product":"$325 Slugworth Beaker(md)","units":2,"revenue":812.5,"cost":312.5,"profit":500.0,"transactions":2,"margin":61.5},{"product":"$325 Slugworth Slugger(lg)","units":2,"revenue":225.0,"cost":250.0,"profit":-25.0,"transactions":2,"margin":-11.100000381469727},{"product":"$250 Slugworth Slugger(sm)","units":2,"revenue":4.2500001192092896,"cost":237.5,"profit":-233.25000762939453,"transactions":2,"margin":-5488.2001953125}]},"store_summary":[{"store_clean":"Elevation Midtown","units":24,"revenue":3379.2498779296875,"cost":1840.0,"profit":1539.2500305175781,"discounts":783.2499694824219,"margin":45.599998474121094,"discount_rate":18.799999237060547}],"recommendations":[{"severity":"red","title":"ACCESSORY: BELOW CATEGORY AVERAGE","detail":"Margin (45.6%) is 16 pts below ACCESSORY average. Ranked #25 of 136. Strong case for cost negotiation.","action":"Request 8% cost reduction or evaluate alternative ACCESSORY brands."},{"severity":"yellow","title":"CATEGORY BENCHMARK GAP","detail":"Overall margin (45.6%) trails ACCESSORY average (61.1%) by 15.5 pts.","action":"Negotiate cost reduction or increase retail price."},{"severity":"red","title":"LOW DISCOUNTED MARGIN","detail":"Margin drops to -15.6% when discounted.","action":"Cap discount depth at 20% or negotiate lower wholesale cost."}],"comparison":null}