{"brand":"ROVE","date_range":"2024-01-01 00:00:00 to 2026-01-31 00:00:00","period_label":"All Time","summary":{"total_units":90710,"total_revenue":3330411.5625,"total_cost":1806951.25,"total_discounts":874623.4375,"total_profit":1523460.3125,"overall_margin":45.70000076293945,"fp_margin":57.099998474121094,"disc_margin":36.70000076293945,"pct_full_price":44.29999923706055,"avg_discount_rate":20.799999237060547,"fp_revenue":1475107.5,"disc_revenue":1855304.0625,"brand":"ROVE","date_range":"2024-01-01 00:00:00 to 2026-01-31 00:00:00","primary_category":"CARTRIDGE","store_coverage":"7/7","stores_present":["Elevation Springs","Elevation Mesa","Elevation Oasis","Elevation Downtown","Elevation Midtown","Elevation Boulevard","Elevation Parkway"],"stores_missing":[],"velocity_rank":6,"velocity_total":27},"distribution":[{"store":"Elevation Springs","carries_brand":true,"sku_count":114,"revenue":780040.0,"units":22172,"store_total_revenue":51138750.0,"brand_share_pct":1.5},{"store":"Elevation Mesa","carries_brand":true,"sku_count":106,"revenue":496995.1953125,"units":14538,"store_total_revenue":47532240.0,"brand_share_pct":1.0},{"store":"Elevation Oasis","carries_brand":true,"sku_count":122,"revenue":700409.21875,"units":18254,"store_total_revenue":56050145.0,"brand_share_pct":1.2000000476837158},{"store":"Elevation Downtown","carries_brand":true,"sku_count":26,"revenue":19676.6748046875,"units":398,"store_total_revenue":1945237.1875,"brand_share_pct":1.0},{"store":"Elevation Midtown","carries_brand":true,"sku_count":110,"revenue":526402.8515625,"units":13382,"store_total_revenue":30850185.0,"brand_share_pct":1.7000000476837158},{"store":"Elevation Boulevard","carries_brand":true,"sku_count":116,"revenue":332381.484375,"units":9776,"store_total_revenue":28757865.0,"brand_share_pct":1.2000000476837158},{"store":"Elevation Parkway","carries_brand":true,"sku_count":118,"revenue":474506.171875,"units":12190,"store_total_revenue":21987007.5,"brand_share_pct":2.200000047683716}],"share_of_category":[{"category":"CARTRIDGE","brand_revenue":1954665.625,"category_revenue":46155130.0,"revenue_share_pct":4.199999809265137,"brand_units":48218,"category_units":1532896,"units_share_pct":3.1},{"category":"INFUSED PACK","brand_revenue":1019871.40625,"category_revenue":8259010.0,"revenue_share_pct":12.300000190734863,"brand_units":26866,"category_units":240090,"units_share_pct":11.2},{"category":"INFUSED PRE ROLL","brand_revenue":333155.5078125,"category_revenue":10308101.25,"revenue_share_pct":3.200000047683716,"brand_units":15014,"category_units":488074,"units_share_pct":3.1},{"category":"INFUSED FLOWER","brand_revenue":14091.0498046875,"category_revenue":515348.203125,"revenue_share_pct":2.700000047683716,"brand_units":366,"category_units":15824,"units_share_pct":2.3},{"category":"BATTERY","brand_revenue":6301.6998291015625,"category_revenue":1041867.1875,"revenue_share_pct":0.6000000238418579,"brand_units":188,"category_units":41118,"units_share_pct":0.5},{"category":"PROMO","brand_revenue":1640.0,"category_revenue":1940.0,"revenue_share_pct":84.5,"brand_units":46,"category_units":114,"units_share_pct":40.4},{"category":"CONCENTRATE","brand_revenue":625.0,"category_revenue":7866357.5,"revenue_share_pct":0.0,"brand_units":10,"category_units":316632,"units_share_pct":0.0},{"category":"TESTER","brand_revenue":61.25,"category_revenue":5668.800048828125,"revenue_share_pct":1.100000023841858,"brand_units":2,"category_units":186,"units_share_pct":1.1}],"share_of_category_trend":{"CARTRIDGE":[{"period":"2024-01","brand_revenue":51806.3232421875,"category_revenue":2057675.625,"share_pct":2.5},{"period":"2024-02","brand_revenue":43274.6240234375,"category_revenue":2141777.8125,"share_pct":2.0},{"period":"2024-03","brand_revenue":65811.4990234375,"category_revenue":2288552.1875,"share_pct":2.9000000953674316},{"period":"2024-04","brand_revenue":58402.724609375,"category_revenue":2096820.46875,"share_pct":2.799999952316284},{"period":"2024-05","brand_revenue":59221.7236328125,"category_revenue":2138038.59375,"share_pct":2.799999952316284},{"period":"2024-06","brand_revenue":64328.3251953125,"category_revenue":2017623.90625,"share_pct":3.200000047683716},{"period":"2024-07","brand_revenue":69385.0,"category_revenue":2031918.28125,"share_pct":3.4000000953674316},{"period":"2024-08","brand_revenue":49827.7978515625,"category_revenue":2132382.65625,"share_pct":2.299999952316284},{"period":"2024-09","brand_revenue":50263.1005859375,"category_revenue":1955407.03125,"share_pct":2.5999999046325684},{"period":"2024-10","brand_revenue":49734.4482421875,"category_revenue":2083993.125,"share_pct":2.4000000953674316},{"period":"2024-11","brand_revenue":56992.59765625,"category_revenue":2038609.375,"share_pct":2.799999952316284},{"period":"2024-12","brand_revenue":97596.34765625,"category_revenue":2003932.03125,"share_pct":4.900000095367432},{"period":"2025-01","brand_revenue":66610.80078125,"category_revenue":1921719.21875,"share_pct":3.5},{"period":"2025-02","brand_revenue":60071.25,"category_revenue":1668647.5,"share_pct":3.5999999046325684},{"period":"2025-03","brand_revenue":50087.626953125,"category_revenue":1758711.25,"share_pct":2.799999952316284},{"period":"2025-04","brand_revenue":52409.423828125,"category_revenue":1735997.5,"share_pct":3.0},{"period":"2025-05","brand_revenue":57192.7734375,"category_revenue":1688800.46875,"share_pct":3.4000000953674316},{"period":"2025-06","brand_revenue":58800.0,"category_revenue":1594515.0,"share_pct":3.700000047683716},{"period":"2025-07","brand_revenue":73497.8759765625,"category_revenue":1595739.53125,"share_pct":4.599999904632568},{"period":"2025-08","brand_revenue":87069.62890625,"category_revenue":1677489.6875,"share_pct":5.199999809265137},{"period":"2025-09","brand_revenue":118426.77734375,"category_revenue":1539547.96875,"share_pct":7.699999809265137},{"period":"2025-10","brand_revenue":144857.1484375,"category_revenue":1548909.21875,"share_pct":9.399999618530273},{"period":"2025-11","brand_revenue":144908.30078125,"category_revenue":1545430.15625,"share_pct":9.399999618530273},{"period":"2025-12","brand_revenue":170980.78125,"category_revenue":1467828.28125,"share_pct":11.600000381469727},{"period":"2026-01","brand_revenue":153108.720703125,"category_revenue":1425064.0625,"share_pct":10.699999809265137}],"INFUSED PACK":[{"period":"2024-01","brand_revenue":50745.3759765625,"category_revenue":204601.875,"share_pct":24.799999237060547},{"period":"2024-02","brand_revenue":31010.1513671875,"category_revenue":221156.7578125,"share_pct":14.0},{"period":"2024-03","brand_revenue":36798.349609375,"category_revenue":257436.93359375,"share_pct":14.300000190734863},{"period":"2024-04","brand_revenue":38152.5244140625,"category_revenue":301537.3046875,"share_pct":12.699999809265137},{"period":"2024-05","brand_revenue":32320.0,"category_revenue":301873.0078125,"share_pct":10.699999809265137},{"period":"2024-06","brand_revenue":42693.8232421875,"category_revenue":300488.6328125,"share_pct":14.199999809265137},{"period":"2024-07","brand_revenue":45900.751953125,"category_revenue":303570.80078125,"share_pct":15.100000381469727},{"period":"2024-08","brand_revenue":29343.24951171875,"category_revenue":283995.625,"share_pct":10.300000190734863},{"period":"2024-09","brand_revenue":29433.02490234375,"category_revenue":331664.1796875,"share_pct":8.899999618530273},{"period":"2024-10","brand_revenue":37412.37548828125,"category_revenue":311486.1328125,"share_pct":12.0},{"period":"2024-11","brand_revenue":23906.6748046875,"category_revenue":306613.92578125,"share_pct":7.800000190734863},{"period":"2024-12","brand_revenue":51343.349609375,"category_revenue":298008.41796875,"share_pct":17.200000762939453},{"period":"2025-01","brand_revenue":28639.25048828125,"category_revenue":269244.765625,"share_pct":10.600000381469727},{"period":"2025-02","brand_revenue":46459.7265625,"category_revenue":309579.8046875,"share_pct":15.0},{"period":"2025-03","brand_revenue":37351.4990234375,"category_revenue":312908.80859375,"share_pct":11.899999618530273},{"period":"2025-04","brand_revenue":45570.2490234375,"category_revenue":389974.3359375,"share_pct":11.699999809265137},{"period":"2025-05","brand_revenue":24975.74951171875,"category_revenue":404824.9609375,"share_pct":6.199999809265137},{"period":"2025-06","brand_revenue":32790.224609375,"category_revenue":383193.4765625,"share_pct":8.600000381469727},{"period":"2025-07","brand_revenue":47536.42578125,"category_revenue":437456.640625,"share_pct":10.899999618530273},{"period":"2025-08","brand_revenue":52463.9990234375,"category_revenue":391817.578125,"share_pct":13.399999618530273},{"period":"2025-09","brand_revenue":40508.85009765625,"category_revenue":367221.40625,"share_pct":11.0},{"period":"2025-10","brand_revenue":44955.947265625,"category_revenue":423332.109375,"share_pct":10.600000381469727},{"period":"2025-11","brand_revenue":61448.9501953125,"category_revenue":395184.53125,"share_pct":15.5},{"period":"2025-12","brand_revenue":56363.349609375,"category_revenue":387500.234375,"share_pct":14.5},{"period":"2026-01","brand_revenue":51747.548828125,"category_revenue":364337.6171875,"share_pct":14.199999809265137}],"INFUSED PRE ROLL":[{"period":"2024-01","brand_revenue":0.0,"category_revenue":410907.8515625,"share_pct":0.0},{"period":"2024-02","brand_revenue":8599.750366210938,"category_revenue":458711.484375,"share_pct":1.899999976158142},{"period":"2024-03","brand_revenue":0.0,"category_revenue":427464.375,"share_pct":0.0},{"period":"2024-04","brand_revenue":0.0,"category_revenue":428699.9609375,"share_pct":0.0},{"period":"2024-05","brand_revenue":0.0,"category_revenue":501098.3203125,"share_pct":0.0},{"period":"2024-06","brand_revenue":0.0,"category_revenue":477320.78125,"share_pct":0.0},{"period":"2024-07","brand_revenue":0.0,"category_revenue":479382.109375,"share_pct":0.0},{"period":"2024-08","brand_revenue":0.0,"category_revenue":474359.1015625,"share_pct":0.0},{"period":"2024-09","brand_revenue":0.0,"category_revenue":424280.1171875,"share_pct":0.0},{"period":"2024-10","brand_revenue":0.0,"category_revenue":470840.6640625,"share_pct":0.0},{"period":"2024-11","brand_revenue":0.0,"category_revenue":424285.1171875,"share_pct":0.0},{"period":"2024-12","brand_revenue":0.0,"category_revenue":432093.1640625,"share_pct":0.0},{"period":"2025-01","brand_revenue":0.0,"category_revenue":358002.890625,"share_pct":0.0},{"period":"2025-02","brand_revenue":0.0,"category_revenue":325080.17578125,"share_pct":0.0},{"period":"2025-03","brand_revenue":0.0,"category_revenue":347380.078125,"share_pct":0.0},{"period":"2025-04","brand_revenue":15550.250244140625,"category_revenue":401341.40625,"share_pct":3.9000000953674316},{"period":"2025-05","brand_revenue":8044.375,"category_revenue":378076.09375,"share_pct":2.0999999046325684},{"period":"2025-06","brand_revenue":19048.575439453125,"category_revenue":354019.6484375,"share_pct":5.400000095367432},{"period":"2025-07","brand_revenue":40910.94970703125,"category_revenue":416008.203125,"share_pct":9.800000190734863},{"period":"2025-08","brand_revenue":45950.17578125,"category_revenue":425283.28125,"share_pct":10.800000190734863},{"period":"2025-09","brand_revenue":37239.27490234375,"category_revenue":378313.75,"share_pct":9.800000190734863},{"period":"2025-10","brand_revenue":45834.599609375,"category_revenue":389168.3203125,"share_pct":11.800000190734863},{"period":"2025-11","brand_revenue":39605.47607421875,"category_revenue":390541.3671875,"share_pct":10.100000381469727},{"period":"2025-12","brand_revenue":43192.7490234375,"category_revenue":392812.34375,"share_pct":11.0},{"period":"2026-01","brand_revenue":29179.326171875,"category_revenue":342630.7421875,"share_pct":8.5}],"INFUSED FLOWER":[{"period":"2024-01","brand_revenue":0.0,"category_revenue":6570.250244140625,"share_pct":0.0},{"period":"2024-02","brand_revenue":0.0,"category_revenue":18343.62548828125,"share_pct":0.0},{"period":"2024-03","brand_revenue":0.0,"category_revenue":31018.3251953125,"share_pct":0.0},{"period":"2024-04","brand_revenue":0.0,"category_revenue":31596.826171875,"share_pct":0.0},{"period":"2024-05","brand_revenue":0.0,"category_revenue":21558.80126953125,"share_pct":0.0},{"period":"2024-06","brand_revenue":0.0,"category_revenue":24545.30029296875,"share_pct":0.0},{"period":"2024-07","brand_revenue":0.0,"category_revenue":16913.00048828125,"share_pct":0.0},{"period":"2024-08","brand_revenue":0.0,"category_revenue":16608.499755859375,"share_pct":0.0},{"period":"2024-09","brand_revenue":0.0,"category_revenue":19893.62548828125,"share_pct":0.0},{"period":"2024-10","brand_revenue":0.0,"category_revenue":17213.175048828125,"share_pct":0.0},{"period":"2024-11","brand_revenue":0.0,"category_revenue":15249.375,"share_pct":0.0},{"period":"2024-12","brand_revenue":0.0,"category_revenue":9560.999755859375,"share_pct":0.0},{"period":"2025-01","brand_revenue":0.0,"category_revenue":10154.500122070312,"share_pct":0.0},{"period":"2025-02","brand_revenue":0.0,"category_revenue":14429.625244140625,"share_pct":0.0},{"period":"2025-03","brand_revenue":0.0,"category_revenue":16804.69970703125,"share_pct":0.0},{"period":"2025-04","brand_revenue":0.0,"category_revenue":27190.70068359375,"share_pct":0.0},{"period":"2025-05","brand_revenue":0.0,"category_revenue":24856.12548828125,"share_pct":0.0},{"period":"2025-06","brand_revenue":0.0,"category_revenue":28754.82421875,"share_pct":0.0},{"period":"2025-07","brand_revenue":0.0,"category_revenue":26952.2998046875,"share_pct":0.0},{"period":"2025-08","brand_revenue":0.0,"category_revenue":33438.67431640625,"share_pct":0.0},{"period":"2025-09","brand_revenue":8520.374755859375,"category_revenue":38734.65087890625,"share_pct":22.0},{"period":"2025-10","brand_revenue":4105.924987792969,"category_revenue":22947.39990234375,"share_pct":17.899999618530273},{"period":"2025-11","brand_revenue":0.0,"category_revenue":15945.4248046875,"share_pct":0.0},{"period":"2025-12","brand_revenue":0.0,"category_revenue":9305.8251953125,"share_pct":0.0},{"period":"2026-01","brand_revenue":1464.7500610351562,"category_revenue":16761.624755859375,"share_pct":8.699999809265137}],"BATTERY":[{"period":"2024-01","brand_revenue":0.0,"category_revenue":78523.75,"share_pct":0.0},{"period":"2024-02","brand_revenue":0.0,"category_revenue":79510.9765625,"share_pct":0.0},{"period":"2024-03","brand_revenue":0.0,"category_revenue":80066.9482421875,"share_pct":0.0},{"period":"2024-04","brand_revenue":0.0,"category_revenue":65688.7744140625,"share_pct":0.0},{"period":"2024-05","brand_revenue":0.0,"category_revenue":61493.57421875,"share_pct":0.0},{"period":"2024-06","brand_revenue":0.0,"category_revenue":67340.751953125,"share_pct":0.0},{"period":"2024-07","brand_revenue":0.0,"category_revenue":70591.1767578125,"share_pct":0.0},{"period":"2024-08","brand_revenue":0.0,"category_revenue":64657.8759765625,"share_pct":0.0},{"period":"2024-09","brand_revenue":0.0,"category_revenue":52538.3740234375,"share_pct":0.0},{"period":"2024-10","brand_revenue":0.0,"category_revenue":49278.92578125,"share_pct":0.0},{"period":"2024-11","brand_revenue":0.0,"category_revenue":39889.69970703125,"share_pct":0.0},{"period":"2024-12","brand_revenue":0.0,"category_revenue":38273.87451171875,"share_pct":0.0},{"period":"2025-01","brand_revenue":0.0,"category_revenue":24301.0498046875,"share_pct":0.0},{"period":"2025-02","brand_revenue":0.0,"category_revenue":15730.625,"share_pct":0.0},{"period":"2025-03","brand_revenue":0.0,"category_revenue":17904.124755859375,"share_pct":0.0},{"period":"2025-04","brand_revenue":0.0,"category_revenue":17018.02490234375,"share_pct":0.0},{"period":"2025-05","brand_revenue":0.0,"category_revenue":21588.3740234375,"share_pct":0.0},{"period":"2025-06","brand_revenue":0.0,"category_revenue":20285.274658203125,"share_pct":0.0},{"period":"2025-07","brand_revenue":0.0,"category_revenue":26462.7490234375,"share_pct":0.0},{"period":"2025-08","brand_revenue":0.0,"category_revenue":27441.025390625,"share_pct":0.0},{"period":"2025-09","brand_revenue":472.3249816894531,"category_revenue":24531.35009765625,"share_pct":1.899999976158142},{"period":"2025-10","brand_revenue":1675.0,"category_revenue":27787.275390625,"share_pct":6.0},{"period":"2025-11","brand_revenue":1013.75,"category_revenue":23690.8251953125,"share_pct":4.300000190734863},{"period":"2025-12","brand_revenue":1596.875,"category_revenue":24923.798828125,"share_pct":6.400000095367432},{"period":"2026-01","brand_revenue":1543.75,"category_revenue":22347.9248046875,"share_pct":6.900000095367432}],"PROMO":[{"period":"2024-01","brand_revenue":0.0,"category_revenue":237.5,"share_pct":0.0},{"period":"2025-09","brand_revenue":528.75,"category_revenue":591.25,"share_pct":89.4000015258789},{"period":"2025-10","brand_revenue":61.25,"category_revenue":61.25,"share_pct":100.0},{"period":"2025-11","brand_revenue":87.5,"category_revenue":87.5,"share_pct":100.0},{"period":"2025-12","brand_revenue":726.25,"category_revenue":726.25,"share_pct":100.0},{"period":"2026-01","brand_revenue":236.25,"category_revenue":236.25,"share_pct":100.0}],"CONCENTRATE":[{"period":"2024-01","brand_revenue":0.0,"category_revenue":351129.609375,"share_pct":0.0},{"period":"2024-02","brand_revenue":0.0,"category_revenue":371224.4921875,"share_pct":0.0},{"period":"2024-03","brand_revenue":0.0,"category_revenue":375964.296875,"share_pct":0.0},{"period":"2024-04","brand_revenue":0.0,"category_revenue":352745.859375,"share_pct":0.0},{"period":"2024-05","brand_revenue":0.0,"category_revenue":346027.5,"share_pct":0.0},{"period":"2024-06","brand_revenue":0.0,"category_revenue":310723.3984375,"share_pct":0.0},{"period":"2024-07","brand_revenue":0.0,"category_revenue":336220.078125,"share_pct":0.0},{"period":"2024-08","brand_revenue":0.0,"category_revenue":324004.04296875,"share_pct":0.0},{"period":"2024-09","brand_revenue":0.0,"category_revenue":326834.1796875,"share_pct":0.0},{"period":"2024-10","brand_revenue":0.0,"category_revenue":324500.859375,"share_pct":0.0},{"period":"2024-11","brand_revenue":0.0,"category_revenue":351240.0390625,"share_pct":0.0},{"period":"2024-12","brand_revenue":0.0,"category_revenue":324145.4296875,"share_pct":0.0},{"period":"2025-01","brand_revenue":0.0,"category_revenue":325749.19921875,"share_pct":0.0},{"period":"2025-02","brand_revenue":0.0,"category_revenue":300499.0234375,"share_pct":0.0},{"period":"2025-03","brand_revenue":0.0,"category_revenue":298171.5234375,"share_pct":0.0},{"period":"2025-04","brand_revenue":0.0,"category_revenue":343355.625,"share_pct":0.0},{"period":"2025-05","brand_revenue":0.0,"category_revenue":288836.62109375,"share_pct":0.0},{"period":"2025-06","brand_revenue":0.0,"category_revenue":280928.33984375,"share_pct":0.0},{"period":"2025-07","brand_revenue":0.0,"category_revenue":283604.1796875,"share_pct":0.0},{"period":"2025-08","brand_revenue":0.0,"category_revenue":274773.76953125,"share_pct":0.0},{"period":"2025-09","brand_revenue":0.0,"category_revenue":264599.19921875,"share_pct":0.0},{"period":"2025-10","brand_revenue":625.0,"category_revenue":277515.46875,"share_pct":0.20000000298023224},{"period":"2025-11","brand_revenue":0.0,"category_revenue":295773.3203125,"share_pct":0.0},{"period":"2025-12","brand_revenue":0.0,"category_revenue":267042.05078125,"share_pct":0.0},{"period":"2026-01","brand_revenue":0.0,"category_revenue":270749.70703125,"share_pct":0.0}],"TESTER":[{"period":"2024-01","brand_revenue":0.0,"category_revenue":4033.75,"share_pct":0.0},{"period":"2024-04","brand_revenue":0.0,"category_revenue":85.0,"share_pct":0.0},{"period":"2024-05","brand_revenue":0.0,"category_revenue":145.24999618530273,"share_pct":0.0},{"period":"2024-09","brand_revenue":0.0,"category_revenue":462.5,"share_pct":0.0},{"period":"2024-11","brand_revenue":61.25,"category_revenue":61.25,"share_pct":100.0},{"period":"2025-03","brand_revenue":0.0,"category_revenue":49.000000953674316,"share_pct":0.0},{"period":"2025-05","brand_revenue":0.0,"category_revenue":25.0,"share_pct":0.0},{"period":"2025-06","brand_revenue":0.0,"category_revenue":156.75000190734863,"share_pct":0.0},{"period":"2025-07","brand_revenue":0.0,"category_revenue":399.24999237060547,"share_pct":0.0},{"period":"2025-08","brand_revenue":0.0,"category_revenue":248.50000381469727,"share_pct":0.0},{"period":"2025-09","brand_revenue":0.0,"category_revenue":2.549999952316284,"share_pct":0.0}]},"velocity_by_category":[{"category":"INFUSED PACK","brand_units_per_day":35.26,"category_avg_units_per_day":26.26,"velocity_index":134.3,"brand_rev_per_unit":30.37,"category_rev_per_unit":27.52,"brands_in_category":12},{"category":"PROMO","brand_units_per_day":0.06,"category_avg_units_per_day":0.04,"velocity_index":121.1,"brand_rev_per_unit":28.52,"category_rev_per_unit":13.61,"brands_in_category":3},{"category":"CARTRIDGE","brand_units_per_day":63.28,"category_avg_units_per_day":74.5,"velocity_index":84.9,"brand_rev_per_unit":32.43,"category_rev_per_unit":24.09,"brands_in_category":27},{"category":"INFUSED PRE ROLL","brand_units_per_day":19.7,"category_avg_units_per_day":25.62,"velocity_index":76.9,"brand_rev_per_unit":17.75,"category_rev_per_unit":16.9,"brands_in_category":25},{"category":"INFUSED FLOWER","brand_units_per_day":0.48,"category_avg_units_per_day":2.6,"velocity_index":18.5,"brand_rev_per_unit":30.8,"category_rev_per_unit":26.05,"brands_in_category":8},{"category":"TESTER","brand_units_per_day":0.0,"category_avg_units_per_day":0.02,"velocity_index":9.7,"brand_rev_per_unit":24.5,"category_rev_per_unit":24.38,"brands_in_category":9},{"category":"BATTERY","brand_units_per_day":0.24,"category_avg_units_per_day":2.84,"velocity_index":8.7,"brand_rev_per_unit":26.82,"category_rev_per_unit":20.27,"brands_in_category":19},{"category":"CONCENTRATE","brand_units_per_day":0.02,"category_avg_units_per_day":15.38,"velocity_index":0.1,"brand_rev_per_unit":50.0,"category_rev_per_unit":19.88,"brands_in_category":27}],"store_gaps":[{"store":"Elevation Springs","category":"CONCENTRATE","category_revenue_at_store":1690016.09375,"opportunity":"Category not carried at this store"},{"store":"Elevation Mesa","category":"CONCENTRATE","category_revenue_at_store":1408659.375,"opportunity":"Category not carried at this store"},{"store":"Elevation Boulevard","category":"CONCENTRATE","category_revenue_at_store":996761.09375,"opportunity":"Category not carried at this store"},{"store":"Elevation Midtown","category":"CONCENTRATE","category_revenue_at_store":960109.0625,"opportunity":"Category not carried at this store"},{"store":"Elevation Parkway","category":"CONCENTRATE","category_revenue_at_store":449521.640625,"opportunity":"Category not carried at this store"},{"store":"Elevation Downtown","category":"CONCENTRATE","category_revenue_at_store":53170.9033203125,"opportunity":"Category not carried at this store"},{"store":"Elevation Parkway","category":"TESTER","category_revenue_at_store":3387.2500610351562,"opportunity":"Category not carried at this store"}],"product_mix":{"top":[{"product":"BLUEBERRY KUSH INFUSED ICE PACK 3 PK - ROVE","units":7408,"revenue":296002.79296875,"cost":156750.0,"profit":139252.802734375,"stores":7,"transactions":6770,"margin":47.0},{"product":"MAUI WAUI INFUSED ICE PACK 3 PK - ROVE","units":6488,"revenue":262174.1015625,"cost":136260.0,"profit":125914.1015625,"stores":7,"transactions":5948,"margin":48.0},{"product":"DREAM CART - ROVE","units":5692,"revenue":200263.8671875,"cost":110625.0,"profit":89638.876953125,"stores":6,"transactions":4596,"margin":44.79999923706055},{"product":"PURPLE TRAINWRECK INFUSED ICE PACK 3 PK - ROVE","units":4804,"revenue":187478.76953125,"cost":97105.0,"profit":90373.76953125,"stores":7,"transactions":4448,"margin":48.20000076293945},{"product":"APE CART - ROVE","units":4530,"revenue":149685.498046875,"cost":84937.5,"profit":64747.998046875,"stores":6,"transactions":3544,"margin":43.29999923706055},{"product":"ACAPULCO GOLD INFUSED ICE PACK 3 PK - ROVE","units":3358,"revenue":126696.123046875,"cost":67285.0,"profit":59411.123046875,"stores":7,"transactions":3008,"margin":46.900001525878906},{"product":"SOUR JACK CART - ROVE","units":3694,"revenue":120971.103515625,"cost":69262.5,"profit":51708.5986328125,"stores":6,"transactions":2850,"margin":42.70000076293945},{"product":"NORTHERN LIGHTS LR DIAMONDS RELOAD POD - ROVE","units":2240,"revenue":109762.529296875,"cost":60200.0,"profit":49562.5244140625,"stores":7,"transactions":2056,"margin":45.20000076293945},{"product":"PEACHES & CREAM INFUSED ICE PACK 3 PK - ROVE","units":2538,"revenue":107526.025390625,"cost":56245.0,"profit":51281.025390625,"stores":6,"transactions":2330,"margin":47.70000076293945},{"product":"WAUI CART - ROVE","units":2848,"revenue":101047.001953125,"cost":55870.0,"profit":45177.001953125,"stores":6,"transactions":2416,"margin":44.70000076293945},{"product":"KUSH CART - ROVE","units":2566,"revenue":94920.87890625,"cost":50852.5,"profit":44068.3740234375,"stores":6,"transactions":2176,"margin":46.400001525878906},{"product":"ORANGE CRUSH LR DIAMONDS RELOAD POD - ROVE","units":1850,"revenue":91128.603515625,"cost":49718.75,"profit":41409.8486328125,"stores":7,"transactions":1724,"margin":45.400001525878906},{"product":"CHERRY GELATO LR DIAMONDS RELOAD POD - ROVE","units":1826,"revenue":90526.748046875,"cost":49073.75,"profit":41452.998046875,"stores":7,"transactions":1742,"margin":45.79999923706055},{"product":"STRAWBERRY COUGH DIAMONDS RTU POD - ROVE","units":1316,"revenue":78818.3251953125,"cost":42770.0,"profit":36048.3251953125,"stores":7,"transactions":1258,"margin":45.70000076293945},{"product":"SKYWALKER OG DIAMONDS RTU POD - ROVE","units":1302,"revenue":77835.6982421875,"cost":42315.0,"profit":35520.70068359375,"stores":7,"transactions":1242,"margin":45.599998474121094},{"product":"PURPLE TRAINWRECK INFUSED ICE PACK PRE ROLL - ROVE","units":3506,"revenue":76837.626953125,"cost":43825.0,"profit":33012.62451171875,"stores":7,"transactions":2926,"margin":43.0},{"product":"TANGIE CART - ROVE","units":1930,"revenue":75260.4736328125,"cost":39987.5,"profit":35272.97607421875,"stores":6,"transactions":1676,"margin":46.900001525878906},{"product":"WATERMELON BURST INFUSED ICE PACK PRE ROLL - ROVE","units":3364,"revenue":74173.2275390625,"cost":42050.0,"profit":32123.22509765625,"stores":7,"transactions":2902,"margin":43.29999923706055},{"product":"APPLE FRITTER INFUSED ICE PACK PRE ROLL - ROVE","units":2866,"revenue":63212.5244140625,"cost":35825.0,"profit":27387.5244140625,"stores":6,"transactions":2438,"margin":43.29999923706055},{"product":"BELLINI CART - ROVE","units":1850,"revenue":61957.451171875,"cost":34687.5,"profit":27269.951171875,"stores":6,"transactions":1600,"margin":44.0}],"bottom":[{"product":"BLUE JOKERZ PREMIER LR CART - ROVE","units":44,"revenue":1452.2500610351562,"cost":935.0,"profit":517.2499847412109,"stores":1,"transactions":38,"margin":35.599998474121094},{"product":"GRAPENANA PREMIER LR CART - ROVE","units":34,"revenue":1254.0499877929688,"cost":765.0,"profit":489.04998779296875,"stores":2,"transactions":32,"margin":39.0},{"product":"LEMONHEAD OG PREMIER LR CART","units":30,"revenue":1202.0750427246094,"cost":675.0,"profit":527.0750045776367,"stores":1,"transactions":30,"margin":43.79999923706055},{"product":"WATERMELON BURST LR DIAMONDS RELOAD POD - ROVE","units":20,"revenue":1140.0,"cost":650.0,"profit":490.0,"stores":1,"transactions":18,"margin":43.0},{"product":"PURPLE OCTANE JEALOUSY INFUSED PR 2 PK 1G (NC) - ROVE","units":68,"revenue":1071.3749694824219,"cost":637.5,"profit":433.87500762939453,"stores":1,"transactions":54,"margin":40.5},{"product":"CHEM TRAILS PREMIER LR CART - ROVE","units":20,"revenue":805.0,"cost":425.0,"profit":380.0,"stores":1,"transactions":18,"margin":47.20000076293945},{"product":"MAUI WAUI INFUSED ICE PACK BLUNT - ROVE","units":16,"revenue":635.2500152587891,"cost":400.0,"profit":235.24999618530273,"stores":4,"transactions":16,"margin":37.0},{"product":"CHOCO MINTS CART - ROVE","units":8,"revenue":425.0,"cost":215.0,"profit":210.0,"stores":1,"transactions":8,"margin":49.400001525878906},{"product":"BLUE JOKERZ LR CART - ROVE","units":6,"revenue":270.0,"cost":127.5,"profit":142.5,"stores":1,"transactions":4,"margin":52.79999923706055},{"product":"APPLE FRITTER INFUSED ICE PACK PRE ROLL - ROVE - ROVE","units":10,"revenue":244.3000030517578,"cost":125.0,"profit":119.30000305175781,"stores":2,"transactions":10,"margin":48.79999923706055}],"expansion":[{"product":"DREAM CART - ROVE","current_stores":6,"total_stores":7,"missing_stores":["Elevation Downtown"],"revenue":200263.8671875},{"product":"APE CART - ROVE","current_stores":6,"total_stores":7,"missing_stores":["Elevation Downtown"],"revenue":149685.498046875},{"product":"SOUR JACK CART - ROVE","current_stores":6,"total_stores":7,"missing_stores":["Elevation Downtown"],"revenue":120971.103515625},{"product":"PEACHES & CREAM INFUSED ICE PACK 3 PK - ROVE","current_stores":6,"total_stores":7,"missing_stores":["Elevation Downtown"],"revenue":107526.025390625},{"product":"WAUI CART - ROVE","current_stores":6,"total_stores":7,"missing_stores":["Elevation Downtown"],"revenue":101047.001953125},{"product":"KUSH CART - ROVE","current_stores":6,"total_stores":7,"missing_stores":["Elevation Downtown"],"revenue":94920.87890625},{"product":"TANGIE CART - ROVE","current_stores":6,"total_stores":7,"missing_stores":["Elevation Downtown"],"revenue":75260.4736328125},{"product":"APPLE FRITTER INFUSED ICE PACK PRE ROLL - ROVE","current_stores":6,"total_stores":7,"missing_stores":["Elevation Downtown"],"revenue":63212.5244140625},{"product":"BELLINI CART - ROVE","current_stores":6,"total_stores":7,"missing_stores":["Elevation Downtown"],"revenue":61957.451171875},{"product":"GRAPE STOMPER OG INFUSED ICE PACK PRE ROLL - ROVE","current_stores":6,"total_stores":7,"missing_stores":["Elevation Downtown"],"revenue":61474.375}]},"pricing_consistency":[{"product":"WATERMELON BURST INFUSED ICE PACK 3 PK - ROVE","min_price":46.25,"max_price":77.88500366210937,"avg_price":61.95666707356771,"std_dev":6.3274666931506784,"store_count":6,"price_range":31.63500366210937,"range_pct":51.1},{"product":"MAUI WAUI INFUSED ICE PACK PRE ROLL - ROVE","min_price":28.462499618530273,"max_price":43.412498474121094,"avg_price":35.0623900262933,"std_dev":2.319020111540037,"store_count":12,"price_range":14.949998855590824,"range_pct":42.6},{"product":"BLUEBERRY KUSH INFUSED ICE PACK PRE ROLL - ROVE","min_price":31.049999237060547,"max_price":44.767855689639134,"avg_price":35.7017018959005,"std_dev":1.9117087838433466,"store_count":12,"price_range":13.71785645257859,"range_pct":38.4},{"product":"DIAMOND SERIES BATTERY - ROVE","min_price":54.70238095238095,"max_price":80.20833333333334,"avg_price":68.01798312939185,"std_dev":3.2384871249816123,"store_count":14,"price_range":25.50595238095239,"range_pct":37.5},{"product":"MAUI WAUI INFUSED ICE PACK BLUNT - ROVE","min_price":63.00000190734863,"max_price":91.875,"avg_price":78.09374888737996,"std_dev":5.026491895153608,"store_count":8,"price_range":28.874998092651367,"range_pct":37.0},{"product":"GELATO CART - ROVE","min_price":76.91696893601191,"max_price":106.25,"avg_price":85.95408723686194,"std_dev":4.480878306056418,"store_count":12,"price_range":29.333031063988095,"range_pct":34.1},{"product":"BLUEBERRY KUSH INFUSED ICE PACK BLUNT - ROVE","min_price":73.49999904632568,"max_price":99.75000381469727,"avg_price":86.62499980926513,"std_dev":3.9287409952652492,"store_count":10,"price_range":26.250004768371582,"range_pct":30.3},{"product":"TANGIE CART - ROVE","min_price":67.44805230034723,"max_price":90.45782532354798,"avg_price":78.53725053474629,"std_dev":3.2056335737309425,"store_count":12,"price_range":23.00977302320075,"range_pct":29.3},{"product":"PUNCH CART - ROVE","min_price":67.75,"max_price":91.28687286376953,"avg_price":81.57399669623493,"std_dev":3.8289445110490785,"store_count":12,"price_range":23.53687286376953,"range_pct":28.9},{"product":"WAUI CART - ROVE","min_price":58.795094209558826,"max_price":77.33360672828158,"avg_price":68.5802711993799,"std_dev":2.457075362676681,"store_count":12,"price_range":18.538512518722765,"range_pct":27.0},{"product":"SHERBET CART - ROVE","min_price":73.18627450980392,"max_price":94.42747814820544,"avg_price":84.84310761222316,"std_dev":4.019545219571793,"store_count":12,"price_range":21.241203638401522,"range_pct":25.0},{"product":"KUSH BREATH PREMIER LR CART - ROVE","min_price":66.25,"max_price":83.84615384615385,"avg_price":77.48205128205129,"std_dev":3.90238595907299,"store_count":6,"price_range":17.59615384615385,"range_pct":22.7},{"product":"BLUE HASH PLANT PREMIER LR CART - ROVE","min_price":71.375,"max_price":89.32000122070313,"avg_price":80.34750061035156,"std_dev":5.075612820624024,"store_count":4,"price_range":17.945001220703134,"range_pct":22.3},{"product":"CHERRY GELATO DIAMONDS RTU POD - ROVE","min_price":108.05555555555556,"max_price":134.42857142857144,"avg_price":120.44112862862862,"std_dev":3.7631569198135995,"store_count":12,"price_range":26.373015873015877,"range_pct":21.9},{"product":"GALAXY GAS PREMIER LR CART - ROVE","min_price":68.0,"max_price":83.80000000000001,"avg_price":73.4888888888889,"std_dev":3.574361377821117,"store_count":6,"price_range":15.80000000000001,"range_pct":21.5},{"product":"BUBBA FETT PREMIER LR CART - ROVE","min_price":71.10092728226273,"max_price":87.90863591974431,"avg_price":78.50433465395822,"std_dev":2.6090064826907464,"store_count":10,"price_range":16.80770863748159,"range_pct":21.4},{"product":"APPLE FRITTER INFUSED ICE PACK PRE ROLL - ROVE - ROVE","min_price":41.64999961853027,"max_price":50.662498474121094,"avg_price":46.156249046325684,"std_dev":2.5491196224897075,"store_count":4,"price_range":9.01249885559082,"range_pct":19.5},{"product":"SOUR JACK CART - ROVE","min_price":60.8775946434508,"max_price":73.31129308554817,"avg_price":65.7997294613121,"std_dev":1.628459324949714,"store_count":12,"price_range":12.433698442097372,"range_pct":18.9},{"product":"CHERRY GELATO LR DIAMONDS RELOAD POD - ROVE","min_price":88.98258093631628,"max_price":107.07458829619193,"avg_price":97.35144817791662,"std_dev":2.8210777302881125,"store_count":14,"price_range":18.092007359875648,"range_pct":18.6},{"product":"GHOST TRAIN HAZE PREMIER LR CART - ROVE","min_price":72.67806072624361,"max_price":87.97999877929686,"avg_price":82.80736929397307,"std_dev":2.2435037552582187,"store_count":12,"price_range":15.301938053053252,"range_pct":18.5},{"product":"NORTHERN LIGHTS LR DIAMONDS RELOAD POD - ROVE","min_price":90.52570093457945,"max_price":108.01818231139521,"avg_price":97.68778967968694,"std_dev":2.250018268099487,"store_count":14,"price_range":17.49248137681576,"range_pct":17.9},{"product":"KUSH CART - ROVE","min_price":69.15816326530611,"max_price":82.2590782122905,"avg_price":73.3412648519242,"std_dev":2.0023209482586464,"store_count":12,"price_range":13.100914946984386,"range_pct":17.9},{"product":"BLUE CRUSH PREMIER LR CART - ROVE","min_price":68.10362442680028,"max_price":81.09933268229167,"avg_price":73.1664527102059,"std_dev":1.8039609205232547,"store_count":12,"price_range":12.995708255491394,"range_pct":17.8},{"product":"FRUIT PUNCH DIAMONDS RTU POD - ROVE","min_price":115.5,"max_price":138.0,"avg_price":126.66666666666666,"std_dev":4.500370355130046,"store_count":6,"price_range":22.5,"range_pct":17.8},{"product":"WATERMELON BURST DIAMONDS RTU POD - ROVE","min_price":108.75,"max_price":129.03614457831327,"avg_price":116.35179262111636,"std_dev":2.961408431379289,"store_count":14,"price_range":20.28614457831326,"range_pct":17.4},{"product":"LEMON ICE CREAM PREMIER LR CART - ROVE","min_price":77.44444953070746,"max_price":91.91875457763672,"avg_price":83.40328906615463,"std_dev":2.176938127711997,"store_count":12,"price_range":14.474305046929254,"range_pct":17.4},{"product":"ORANGE CRUSH DIAMONDS RTU POD - ROVE","min_price":112.125,"max_price":132.75,"avg_price":119.42095558316099,"std_dev":3.2283985229673835,"store_count":12,"price_range":20.625,"range_pct":17.3},{"product":"BELLINI CART - ROVE","min_price":60.77742847044077,"max_price":72.07593790690103,"avg_price":66.36345180008749,"std_dev":1.8886191405132204,"store_count":12,"price_range":11.298509436460273,"range_pct":17.0},{"product":"SKYWALKER CART - ROVE","min_price":65.07307605630547,"max_price":76.85458374023438,"avg_price":71.18315650675355,"std_dev":2.0629804442816257,"store_count":12,"price_range":11.781507683928902,"range_pct":16.6},{"product":"STRAWBERRY COUGH LR DIAMONDS RELOAD POD - ROVE","min_price":90.53060726243622,"max_price":106.63846529447115,"avg_price":96.85858919793594,"std_dev":2.2430308695897816,"store_count":12,"price_range":16.10785803203493,"range_pct":16.6}],"promotional_effectiveness":{"lift":{"fp_units_per_day":43.38,"disc_units_per_day":78.14,"lift_pct":80.1,"fp_avg_revenue_per_unit":94.42500000000001,"disc_avg_revenue_per_unit":62.400000000000006},"by_deal":[{"deal_name":"Industry 30% Off","uses":3532,"revenue":336023.67529784644,"discounts":146054.2428716024,"units":9848.333333333334,"cost":206182.2916666667,"margin":38.6,"discount_depth":60.6},{"deal_name":"Industry - 30% Off","uses":2289,"revenue":178353.4222984314,"discounts":76679.49673175812,"units":5499.666666666667,"cost":111880.625,"margin":37.3,"discount_depth":60.2},{"deal_name":"ROVE 30% Off ROVE / FF","uses":1514,"revenue":155157.6123982668,"discounts":67212.38814353943,"units":4456.0,"cost":94567.5,"margin":39.1,"discount_depth":60.4},{"deal_name":"4/20 2025 - Vapes","uses":680,"revenue":45911.4999961853,"discounts":45999.7500038147,"units":2241.0,"cost":40297.5,"margin":12.2,"discount_depth":100.0},{"deal_name":"Lit4Less - 1g IPR - 3 for $50","uses":623,"revenue":57945.649497509,"discounts":22324.350521564484,"units":2792.0,"cost":34900.0,"margin":39.8,"discount_depth":55.6},{"deal_name":"Senior - 10% Off","uses":584,"revenue":74870.86263656616,"discounts":8494.137505888939,"units":1785.0,"cost":35548.75,"margin":52.5,"discount_depth":20.4},{"deal_name":"ROVE / Featured Farms - 30% Off","uses":477,"revenue":45442.04993799329,"discounts":19606.70024037361,"units":1361.0,"cost":27910.0,"margin":38.6,"discount_depth":60.2},{"deal_name":"Spark the Summer Sale","uses":461,"revenue":37658.32541465759,"discounts":25284.174978733063,"units":1404.0,"cost":27185.0,"margin":27.8,"discount_depth":80.4},{"deal_name":"Jackpot - Locals 30% Off","uses":391,"revenue":35770.00009536743,"discounts":15342.500191926956,"units":1062.0,"cost":21925.0,"margin":38.7,"discount_depth":60.0},{"deal_name":"ROVE - 40% Off","uses":376,"revenue":40414.67533111572,"discounts":27129.075014591217,"units":1327.0,"cost":28685.0,"margin":29.0,"discount_depth":80.4},{"deal_name":"Veterans - 10% Off","uses":364,"revenue":40813.3335240682,"discounts":4604.999992052714,"units":959.3333333333334,"cost":19532.5,"margin":52.1,"discount_depth":20.2},{"deal_name":"ROVE 2 for $42  0.5g Classic Carts","uses":347,"revenue":36568.52499485016,"discounts":24593.975009918213,"units":1398.0,"cost":26212.5,"margin":28.3,"discount_depth":80.4},{"deal_name":"ROVE - 30% Off","uses":347,"revenue":32597.749814987183,"discounts":14047.250225543976,"units":1012.0,"cost":19987.5,"margin":38.7,"discount_depth":60.2},{"deal_name":"Senior / Veterans - 20% Off","uses":336,"revenue":35033.61664772034,"discounts":8928.049988746643,"units":994.3333333333334,"cost":18919.791666666668,"margin":46.0,"discount_depth":40.6},{"deal_name":"30% Off Special","uses":313,"revenue":17688.00001144409,"discounts":7620.750004053116,"units":786.0,"cost":10359.375,"margin":41.4,"discount_depth":60.2},{"deal_name":"ROVE BOGO Classic Pods !","uses":288,"revenue":32384.298644065857,"discounts":32628.201475143433,"units":1486.0,"cost":27862.5,"margin":14.0,"discount_depth":100.4},{"deal_name":"ROVE Ice Packs 20% Off For June","uses":258,"revenue":23779.999446868896,"discounts":5944.999861717224,"units":580.0,"cost":13050.0,"margin":45.1,"discount_depth":40.0},{"deal_name":"GW - 50% Off Vapes","uses":255,"revenue":22060.0,"discounts":22060.0,"units":984.0,"cost":18930.0,"margin":14.2,"discount_depth":100.0},{"deal_name":"ROVE Premier Carts - 2 for $50","uses":255,"revenue":30536.499996185303,"discounts":18996.000003814697,"units":976.0,"cost":21577.5,"margin":29.3,"discount_depth":76.8},{"deal_name":"ROVE Ice Packs 20% Off","uses":246,"revenue":23881.749691963196,"discounts":6100.749922990799,"units":602.0,"cost":13170.0,"margin":44.9,"discount_depth":40.6}]},"growth_opportunities":[{"type":"sku_expansion","title":"Add 'APE CART - ROVE' to 1 more store(s)","detail":"Carried in 6 stores. Missing from: Elevation Downtown","priority":"medium"},{"type":"sku_expansion","title":"Add 'APPLE FRITTER INFUSED ICE PACK PRE ROLL - ROVE' to 1 more store(s)","detail":"Carried in 6 stores. Missing from: Elevation Downtown","priority":"medium"},{"type":"sku_expansion","title":"Add 'APPLE FRITTER INFUSED ICE PACK PRE ROLL - ROVE - ROVE' to 5 more store(s)","detail":"Carried in 2 stores. Missing from: Elevation Springs, Elevation Mesa, Elevation Oasis, Elevation Downtown, Elevation Midtown","priority":"medium"},{"type":"sku_expansion","title":"Add 'BELLINI CART - ROVE' to 1 more store(s)","detail":"Carried in 6 stores. Missing from: Elevation Downtown","priority":"medium"},{"type":"sku_expansion","title":"Add 'BLUE CRUSH PREMIER LR CART - ROVE' to 1 more store(s)","detail":"Carried in 6 stores. Missing from: Elevation Downtown","priority":"medium"},{"type":"velocity","title":"Improve velocity in INFUSED PRE ROLL","detail":"Velocity index 77 (below category average). 9.8 units/day vs 12.8 avg.","priority":"medium"},{"type":"velocity","title":"Improve velocity in INFUSED FLOWER","detail":"Velocity index 18 (below category average). 0.2 units/day vs 1.3 avg.","priority":"medium"},{"type":"velocity","title":"Improve velocity in TESTER","detail":"Velocity index 10 (below category average). 0.0 units/day vs 0.0 avg.","priority":"medium"},{"type":"velocity","title":"Improve velocity in BATTERY","detail":"Velocity index 9 (below category average). 0.1 units/day vs 1.4 avg.","priority":"medium"},{"type":"velocity","title":"Improve velocity in CONCENTRATE","detail":"Velocity index 0 (below category average). 0.0 units/day vs 7.7 avg.","priority":"medium"}],"trend":[{"period":"2024-01","revenue":102551.69921875,"cost":48827.5,"margin":52.4,"units":3652,"transactions":2718,"profit":53724.19921875,"revenue_change_pct":null,"units_change_pct":null,"margin_change_pts":null},{"period":"2024-02","revenue":82884.521484375,"cost":42376.25,"margin":48.9,"units":2138,"transactions":1574,"profit":40508.27392578125,"revenue_change_pct":-19.2,"units_change_pct":-41.5,"margin_change_pts":-3.5},{"period":"2024-03","revenue":102609.853515625,"cost":55672.5,"margin":45.7,"units":2732,"transactions":1916,"profit":46937.3486328125,"revenue_change_pct":23.8,"units_change_pct":27.8,"margin_change_pts":-3.1},{"period":"2024-04","revenue":96555.25390625,"cost":53010.0,"margin":45.1,"units":2542,"transactions":1790,"profit":43545.2490234375,"revenue_change_pct":-5.9,"units_change_pct":-7.0,"margin_change_pts":-0.6},{"period":"2024-05","revenue":91541.728515625,"cost":49987.5,"margin":45.4,"units":2418,"transactions":1636,"profit":41554.2236328125,"revenue_change_pct":-5.2,"units_change_pct":-4.9,"margin_change_pts":0.3},{"period":"2024-06","revenue":107022.1484375,"cost":60907.5,"margin":43.1,"units":2906,"transactions":1954,"profit":46114.6484375,"revenue_change_pct":16.9,"units_change_pct":20.2,"margin_change_pts":-2.3},{"period":"2024-07","revenue":115285.751953125,"cost":67350.0,"margin":41.6,"units":3248,"transactions":2180,"profit":47935.751953125,"revenue_change_pct":7.7,"units_change_pct":11.8,"margin_change_pts":-1.5},{"period":"2024-08","revenue":79171.0498046875,"cost":41895.0,"margin":47.1,"units":1988,"transactions":1410,"profit":37276.0498046875,"revenue_change_pct":-31.3,"units_change_pct":-38.8,"margin_change_pts":5.5},{"period":"2024-09","revenue":79696.123046875,"cost":41235.0,"margin":48.3,"units":1950,"transactions":1390,"profit":38461.12548828125,"revenue_change_pct":0.7,"units_change_pct":-1.9,"margin_change_pts":1.2},{"period":"2024-10","revenue":87146.826171875,"cost":47032.5,"margin":46.0,"units":2306,"transactions":1656,"profit":40114.326171875,"revenue_change_pct":9.3,"units_change_pct":18.3,"margin_change_pts":-2.2},{"period":"2024-11","revenue":80960.52734375,"cost":49200.0,"margin":39.2,"units":2516,"transactions":1664,"profit":31760.52490234375,"revenue_change_pct":-7.1,"units_change_pct":9.1,"margin_change_pts":-6.8},{"period":"2024-12","revenue":148939.697265625,"cost":78672.5,"margin":47.2,"units":4008,"transactions":2686,"profit":70267.2021484375,"revenue_change_pct":84.0,"units_change_pct":59.3,"margin_change_pts":7.9},{"period":"2025-01","revenue":95250.048828125,"cost":51907.5,"margin":45.5,"units":2604,"transactions":1830,"profit":43342.548828125,"revenue_change_pct":-36.0,"units_change_pct":-35.0,"margin_change_pts":-1.7},{"period":"2025-02","revenue":106530.9765625,"cost":55880.0,"margin":47.5,"units":2842,"transactions":2016,"profit":50650.9765625,"revenue_change_pct":11.8,"units_change_pct":9.1,"margin_change_pts":2.0},{"period":"2025-03","revenue":87439.12109375,"cost":45807.5,"margin":47.6,"units":2332,"transactions":1708,"profit":41631.6259765625,"revenue_change_pct":-17.9,"units_change_pct":-17.9,"margin_change_pts":0.1},{"period":"2025-04","revenue":113529.921875,"cost":76022.5,"margin":33.0,"units":4058,"transactions":2728,"profit":37507.42431640625,"revenue_change_pct":29.8,"units_change_pct":74.0,"margin_change_pts":-14.6},{"period":"2025-05","revenue":90212.900390625,"cost":47501.25,"margin":47.3,"units":2292,"transactions":1728,"profit":42711.650390625,"revenue_change_pct":-20.5,"units_change_pct":-43.5,"margin_change_pts":14.3},{"period":"2025-06","revenue":110638.798828125,"cost":63441.25,"margin":42.7,"units":3352,"transactions":2408,"profit":47197.548828125,"revenue_change_pct":22.6,"units_change_pct":46.2,"margin_change_pts":-4.7},{"period":"2025-07","revenue":161945.25390625,"cost":82286.25,"margin":49.2,"units":4428,"transactions":3080,"profit":79658.9990234375,"revenue_change_pct":46.4,"units_change_pct":32.1,"margin_change_pts":6.5},{"period":"2025-08","revenue":185483.80859375,"cost":96265.0,"margin":48.1,"units":5088,"transactions":3592,"profit":89218.798828125,"revenue_change_pct":14.5,"units_change_pct":14.9,"margin_change_pts":-1.1},{"period":"2025-09","revenue":205696.34765625,"cost":110683.75,"margin":46.2,"units":5492,"transactions":3944,"profit":95012.59765625,"revenue_change_pct":10.9,"units_change_pct":7.9,"margin_change_pts":-1.9},{"period":"2025-10","revenue":242114.8828125,"cost":131870.0,"margin":45.5,"units":6478,"transactions":4578,"profit":110244.873046875,"revenue_change_pct":17.7,"units_change_pct":18.0,"margin_change_pts":-0.7},{"period":"2025-11","revenue":247063.984375,"cost":136587.5,"margin":44.7,"units":6576,"transactions":4468,"profit":110476.474609375,"revenue_change_pct":2.0,"units_change_pct":1.5,"margin_change_pts":-0.8},{"period":"2025-12","revenue":272860.0,"cost":150007.5,"margin":45.0,"units":7134,"transactions":4780,"profit":122852.5,"revenue_change_pct":10.4,"units_change_pct":8.5,"margin_change_pts":0.3},{"period":"2026-01","revenue":237280.3515625,"cost":122525.0,"margin":48.4,"units":5630,"transactions":4008,"profit":114755.3515625,"revenue_change_pct":-13.0,"units_change_pct":-21.1,"margin_change_pts":3.3}]}