{"brand":"BODY AND MIND","date_range":"2024-01-01 00:00:00 to 2026-01-31 00:00:00","period_label":"All Time","summary":{"total_units":18,"total_revenue":133.00000190734863,"total_cost":67.5,"total_discounts":46.99999809265137,"total_profit":65.50000190734863,"overall_margin":49.20000076293945,"fp_margin":62.5,"disc_margin":46.900001525878906,"pct_full_price":15.0,"avg_discount_rate":26.100000381469727,"fp_revenue":20.0,"disc_revenue":113.00000190734863,"brand":"BODY AND MIND","date_range":"2024-01-01 00:00:00 to 2026-01-31 00:00:00","primary_category":"PRE ROLL","store_coverage":"1/7","stores_present":["Elevation Parkway"],"stores_missing":["Elevation Springs","Elevation Mesa","Elevation Oasis","Elevation Downtown","Elevation Midtown","Elevation Boulevard"],"velocity_rank":43,"velocity_total":46},"distribution":[{"store":"Elevation Springs","carries_brand":false,"sku_count":0,"revenue":0.0,"units":0,"store_total_revenue":51138750.0,"brand_share_pct":0},{"store":"Elevation Mesa","carries_brand":false,"sku_count":0,"revenue":0.0,"units":0,"store_total_revenue":47532240.0,"brand_share_pct":0},{"store":"Elevation Oasis","carries_brand":false,"sku_count":0,"revenue":0.0,"units":0,"store_total_revenue":56050145.0,"brand_share_pct":0},{"store":"Elevation Downtown","carries_brand":false,"sku_count":0,"revenue":0.0,"units":0,"store_total_revenue":1945237.1875,"brand_share_pct":0},{"store":"Elevation Midtown","carries_brand":false,"sku_count":0,"revenue":0.0,"units":0,"store_total_revenue":30850185.0,"brand_share_pct":0},{"store":"Elevation Boulevard","carries_brand":false,"sku_count":0,"revenue":0.0,"units":0,"store_total_revenue":28757865.0,"brand_share_pct":0},{"store":"Elevation Parkway","carries_brand":true,"sku_count":2,"revenue":133.00000190734863,"units":18,"store_total_revenue":21987007.5,"brand_share_pct":0.0}],"share_of_category":[{"category":"PRE ROLL","brand_revenue":133.00000190734863,"category_revenue":14009791.25,"revenue_share_pct":0.0,"brand_units":18,"category_units":1485736,"units_share_pct":0.0}],"share_of_category_trend":{"PRE ROLL":[{"period":"2024-01","brand_revenue":132.99999237060547,"category_revenue":508338.515625,"share_pct":0.0},{"period":"2024-02","brand_revenue":0.0,"category_revenue":489393.671875,"share_pct":0.0},{"period":"2024-03","brand_revenue":0.0,"category_revenue":520052.3828125,"share_pct":0.0},{"period":"2024-04","brand_revenue":0.0,"category_revenue":491300.6640625,"share_pct":0.0},{"period":"2024-05","brand_revenue":0.0,"category_revenue":542202.890625,"share_pct":0.0},{"period":"2024-06","brand_revenue":0.0,"category_revenue":507288.8671875,"share_pct":0.0},{"period":"2024-07","brand_revenue":0.0,"category_revenue":524250.9765625,"share_pct":0.0},{"period":"2024-08","brand_revenue":0.0,"category_revenue":612518.7109375,"share_pct":0.0},{"period":"2024-09","brand_revenue":0.0,"category_revenue":586543.0078125,"share_pct":0.0},{"period":"2024-10","brand_revenue":0.0,"category_revenue":641449.1796875,"share_pct":0.0},{"period":"2024-11","brand_revenue":0.0,"category_revenue":579866.71875,"share_pct":0.0},{"period":"2024-12","brand_revenue":0.0,"category_revenue":582999.5703125,"share_pct":0.0},{"period":"2025-01","brand_revenue":0.0,"category_revenue":544095.3125,"share_pct":0.0},{"period":"2025-02","brand_revenue":0.0,"category_revenue":500875.5859375,"share_pct":0.0},{"period":"2025-03","brand_revenue":0.0,"category_revenue":551422.0703125,"share_pct":0.0},{"period":"2025-04","brand_revenue":0.0,"category_revenue":568189.375,"share_pct":0.0},{"period":"2025-05","brand_revenue":0.0,"category_revenue":565516.875,"share_pct":0.0},{"period":"2025-06","brand_revenue":0.0,"category_revenue":560506.71875,"share_pct":0.0},{"period":"2025-07","brand_revenue":0.0,"category_revenue":600916.09375,"share_pct":0.0},{"period":"2025-08","brand_revenue":0.0,"category_revenue":620247.5,"share_pct":0.0},{"period":"2025-09","brand_revenue":0.0,"category_revenue":608971.09375,"share_pct":0.0},{"period":"2025-10","brand_revenue":0.0,"category_revenue":645293.1640625,"share_pct":0.0},{"period":"2025-11","brand_revenue":0.0,"category_revenue":581113.4765625,"share_pct":0.0},{"period":"2025-12","brand_revenue":0.0,"category_revenue":553088.5546875,"share_pct":0.0},{"period":"2026-01","brand_revenue":0.0,"category_revenue":523350.9375,"share_pct":0.0}]},"velocity_by_category":[{"category":"PRE ROLL","brand_units_per_day":0.02,"category_avg_units_per_day":42.38,"velocity_index":0.1,"brand_rev_per_unit":5.91,"category_rev_per_unit":7.54,"brands_in_category":46}],"store_gaps":[{"store":"Elevation Springs","category":"PRE ROLL","category_revenue_at_store":3507525.9375,"opportunity":"Brand not carried"},{"store":"Elevation Mesa","category":"PRE ROLL","category_revenue_at_store":3458612.5,"opportunity":"Brand not carried"},{"store":"Elevation Boulevard","category":"PRE ROLL","category_revenue_at_store":2504075.3125,"opportunity":"Brand not carried"},{"store":"Elevation Oasis","category":"PRE ROLL","category_revenue_at_store":1460871.25,"opportunity":"Brand not carried"},{"store":"Elevation Midtown","category":"PRE ROLL","category_revenue_at_store":1326764.21875,"opportunity":"Brand not carried"},{"store":"Elevation Downtown","category":"PRE ROLL","category_revenue_at_store":196139.1015625,"opportunity":"Brand not carried"}],"product_mix":{"top":[{"product":"HOLLYWOOD REUNION PRE ROLL 1G - BAM","units":18,"revenue":132.99999237060547,"cost":67.5,"profit":65.49999713897705,"stores":1,"transactions":16,"margin":49.20000076293945}],"bottom":[],"expansion":[]},"pricing_consistency":[],"promotional_effectiveness":{"lift":{"fp_units_per_day":2.0,"disc_units_per_day":2.66,"lift_pct":33.3,"fp_avg_revenue_per_unit":20.0,"disc_avg_revenue_per_unit":14.125},"by_deal":[{"deal_name":"Industry - 30% Off","uses":4,"revenue":55.999999046325684,"discounts":24.000000953674316,"units":8.0,"cost":30.0,"margin":46.4,"discount_depth":60.0}]},"growth_opportunities":[{"type":"distribution","title":"Expand to Elevation Springs","detail":"Store has $1,403,010 in PRE ROLL \u2014 categories where BODY AND MIND competes.","priority":"high"},{"type":"distribution","title":"Expand to Elevation Mesa","detail":"Store has $1,383,445 in PRE ROLL \u2014 categories where BODY AND MIND competes.","priority":"high"},{"type":"distribution","title":"Expand to Elevation Oasis","detail":"Store has $584,348 in PRE ROLL \u2014 categories where BODY AND MIND competes.","priority":"high"},{"type":"distribution","title":"Expand to Elevation Downtown","detail":"Store has $78,456 in PRE ROLL \u2014 categories where BODY AND MIND competes.","priority":"high"},{"type":"distribution","title":"Expand to Elevation Midtown","detail":"Store has $530,706 in PRE ROLL \u2014 categories where BODY AND MIND competes.","priority":"high"},{"type":"distribution","title":"Expand to Elevation Boulevard","detail":"Store has $1,001,630 in PRE ROLL \u2014 categories where BODY AND MIND competes.","priority":"high"},{"type":"velocity","title":"Improve velocity in PRE ROLL","detail":"Velocity index 0 (below category average). 0.0 units/day vs 21.2 avg.","priority":"medium"}],"trend":[{"period":"2024-01","revenue":132.99999237060547,"cost":67.5,"margin":49.2,"units":18,"transactions":16,"profit":65.49999713897705,"revenue_change_pct":null,"units_change_pct":null,"margin_change_pts":null}]}