{"brand":"CRUSH","date_range":"2024-01-01 00:00:00 to 2026-01-31 00:00:00","period_label":"All Time","summary":{"total_units":38,"total_revenue":2486.875,"total_cost":1405.7000732421875,"total_discounts":788.125,"total_profit":1081.1749267578125,"overall_margin":43.5,"fp_margin":61.79999923706055,"disc_margin":35.900001525878906,"pct_full_price":29.200000762939453,"avg_discount_rate":24.100000381469727,"fp_revenue":725.0,"disc_revenue":1761.875,"unique_customers":38,"brand":"CRUSH","date_range":"2024-01-01 00:00:00 to 2026-01-31 00:00:00","months_count":18,"avg_monthly_cost":156.2,"cost_per_unit":73.975,"primary_category":"ACCESSORY","primary_cat_margin":61.099998474121094,"category_rank":49,"category_total":136,"margin_vs_category":-17.600000381469727,"velocity_rank":82},"category_breakdown":[{"category_clean":"ACCESSORY","units":22,"revenue":1213.75,"cost":576.8999862670898,"profit":636.8500137329102,"discounts":261.25,"margin":52.5,"category_avg_margin":61.099998474121094,"vs_category":-8.6,"rank":49.0,"total_brands":136.0},{"category_clean":"GLASS","units":4,"revenue":435.0,"cost":300.0,"profit":135.0,"discounts":165.0,"margin":31.0,"category_avg_margin":48.599998474121094,"vs_category":-17.6,"rank":3.0,"total_brands":5.0},{"category_clean":"FLAT","units":8,"revenue":310.0,"cost":153.80000114440918,"profit":156.19999885559082,"discounts":90.0,"margin":50.400001525878906,"category_avg_margin":50.400001525878906,"vs_category":0.0,"rank":1.0,"total_brands":1.0}],"trend":[{"period":"2025-02","revenue":100.0,"cost":38.450000286102295,"margin":61.5,"units":2,"transactions":2,"profit":61.550002098083496,"revenue_change_pct":null,"units_change_pct":null,"margin_change_pts":null},{"period":"2025-03","revenue":920.625,"cost":567.2500228881836,"margin":38.4,"units":14,"transactions":14,"profit":353.37501525878906,"revenue_change_pct":820.6,"units_change_pct":600.0,"margin_change_pts":-23.2},{"period":"2025-04","revenue":200.0,"cost":87.5,"margin":56.2,"units":4,"transactions":4,"profit":112.5,"revenue_change_pct":-78.3,"units_change_pct":-71.4,"margin_change_pts":17.9},{"period":"2025-05","revenue":87.5,"cost":50.0,"margin":42.9,"units":2,"transactions":2,"profit":37.5,"revenue_change_pct":-56.2,"units_change_pct":-50.0,"margin_change_pts":-13.4},{"period":"2025-07","revenue":187.5,"cost":87.5,"margin":53.3,"units":4,"transactions":4,"profit":100.0,"revenue_change_pct":114.3,"units_change_pct":100.0,"margin_change_pts":10.5},{"period":"2025-08","revenue":237.5,"cost":125.0,"margin":47.4,"units":4,"transactions":4,"profit":112.5,"revenue_change_pct":26.7,"units_change_pct":0,"margin_change_pts":-6.0},{"period":"2025-10","revenue":210.0,"cost":150.0,"margin":28.6,"units":2,"transactions":2,"profit":60.0,"revenue_change_pct":-11.6,"units_change_pct":-50.0,"margin_change_pts":-18.8},{"period":"2025-11","revenue":356.25,"cost":225.0,"margin":36.8,"units":4,"transactions":4,"profit":131.25,"revenue_change_pct":69.6,"units_change_pct":100.0,"margin_change_pts":8.3},{"period":"2025-12","revenue":187.5,"cost":75.0,"margin":60.0,"units":2,"transactions":2,"profit":112.5,"revenue_change_pct":-47.4,"units_change_pct":-50.0,"margin_change_pts":23.2}],"share_of_category":[{"category":"ACCESSORY","brand_revenue":1213.75,"category_revenue":4128754.0625,"revenue_share_pct":0.0,"brand_units":22,"category_units":2130096,"units_share_pct":0.0},{"category":"GLASS","brand_revenue":435.0,"category_revenue":2291.25,"revenue_share_pct":19.0,"brand_units":4,"category_units":28,"units_share_pct":14.3},{"category":"FLAT","brand_revenue":310.0,"category_revenue":310.0,"revenue_share_pct":100.0,"brand_units":8,"category_units":8,"units_share_pct":100.0},{"category":0.0,"brand_revenue":0.0,"category_revenue":0.0,"revenue_share_pct":0.0,"brand_units":0,"category_units":0,"units_share_pct":0.0}],"share_of_category_trend":{"ACCESSORY":[{"period":"2024-01","brand_revenue":0.0,"category_revenue":153543.9453125,"share_pct":0.0},{"period":"2024-02","brand_revenue":0.0,"category_revenue":152399.47265625,"share_pct":0.0},{"period":"2024-03","brand_revenue":0.0,"category_revenue":154678.876953125,"share_pct":0.0},{"period":"2024-04","brand_revenue":0.0,"category_revenue":163353.65234375,"share_pct":0.0},{"period":"2024-05","brand_revenue":0.0,"category_revenue":179676.4453125,"share_pct":0.0},{"period":"2024-06","brand_revenue":0.0,"category_revenue":185008.828125,"share_pct":0.0},{"period":"2024-07","brand_revenue":0.0,"category_revenue":186675.46875,"share_pct":0.0},{"period":"2024-08","brand_revenue":0.0,"category_revenue":180226.328125,"share_pct":0.0},{"period":"2024-09","brand_revenue":0.0,"category_revenue":162386.298828125,"share_pct":0.0},{"period":"2024-10","brand_revenue":0.0,"category_revenue":166088.73046875,"share_pct":0.0},{"period":"2024-11","brand_revenue":0.0,"category_revenue":171706.09375,"share_pct":0.0},{"period":"2024-12","brand_revenue":0.0,"category_revenue":176502.03125,"share_pct":0.0},{"period":"2025-01","brand_revenue":0.0,"category_revenue":167261.34765625,"share_pct":0.0},{"period":"2025-02","brand_revenue":0.0,"category_revenue":155260.927734375,"share_pct":0.0},{"period":"2025-03","brand_revenue":182.5,"category_revenue":176420.390625,"share_pct":0.10000000149011612},{"period":"2025-04","brand_revenue":200.0,"category_revenue":182694.82421875,"share_pct":0.10000000149011612},{"period":"2025-05","brand_revenue":87.5,"category_revenue":179904.4921875,"share_pct":0.0},{"period":"2025-06","brand_revenue":0.0,"category_revenue":161148.75,"share_pct":0.0},{"period":"2025-07","brand_revenue":187.5,"category_revenue":165549.8046875,"share_pct":0.10000000149011612},{"period":"2025-08","brand_revenue":237.5,"category_revenue":171752.05078125,"share_pct":0.10000000149011612},{"period":"2025-09","brand_revenue":0.0,"category_revenue":168198.9453125,"share_pct":0.0},{"period":"2025-10","brand_revenue":0.0,"category_revenue":171844.55078125,"share_pct":0.0},{"period":"2025-11","brand_revenue":131.25,"category_revenue":172839.74609375,"share_pct":0.10000000149011612},{"period":"2025-12","brand_revenue":187.5,"category_revenue":141954.873046875,"share_pct":0.10000000149011612},{"period":"2026-01","brand_revenue":0.0,"category_revenue":81677.1484375,"share_pct":0.0}],"GLASS":[{"period":"2025-07","brand_revenue":0.0,"category_revenue":1062.5,"share_pct":0.0},{"period":"2025-08","brand_revenue":0.0,"category_revenue":336.25,"share_pct":0.0},{"period":"2025-09","brand_revenue":0.0,"category_revenue":457.5,"share_pct":0.0},{"period":"2025-10","brand_revenue":210.0,"category_revenue":210.0,"share_pct":100.0},{"period":"2025-11","brand_revenue":225.0,"category_revenue":225.0,"share_pct":100.0}],"FLAT":[{"period":"2025-02","brand_revenue":100.0,"category_revenue":100.0,"share_pct":100.0},{"period":"2025-03","brand_revenue":210.0,"category_revenue":210.0,"share_pct":100.0}]},"discount_depth":[{"tier":"0% (Full Price)","transactions":12,"pct_of_transactions":31.6,"revenue":725.0,"avg_discount":0.0},{"tier":"1-10%","transactions":0,"pct_of_transactions":0.0,"revenue":0.0,"avg_discount":0},{"tier":"11-20%","transactions":2,"pct_of_transactions":5.3,"revenue":100.0,"avg_discount":40.0},{"tier":"21-30%","transactions":4,"pct_of_transactions":10.5,"revenue":628.125,"avg_discount":50.0},{"tier":"31%+","transactions":4,"pct_of_transactions":10.5,"revenue":237.5,"avg_discount":92.4000015258789}],"velocity":{"units_per_day":0.12,"revenue_per_day":8.424999713897705,"avg_units_per_txn":2.0,"days_of_data":295,"total_units":38,"total_transactions":38},"velocity_by_category":[{"category":"FLAT","brand_units_per_day":0.02,"category_avg_units_per_day":0.02,"velocity_index":100.0,"brand_rev_per_unit":31.0,"category_rev_per_unit":31.0,"brands_in_category":1},{"category":"GLASS","brand_units_per_day":0.0,"category_avg_units_per_day":0.0,"velocity_index":71.4,"brand_rev_per_unit":87.0,"category_rev_per_unit":65.46,"brands_in_category":5},{"category":"ACCESSORY","brand_units_per_day":0.02,"category_avg_units_per_day":20.56,"velocity_index":0.1,"brand_rev_per_unit":44.14,"category_rev_per_unit":1.55,"brands_in_category":136},{"category":0.0,"brand_units_per_day":0.0,"category_avg_units_per_day":0,"velocity_index":0,"brand_rev_per_unit":0.0,"category_rev_per_unit":0.0,"brands_in_category":0}],"deals":[{"deal_name":"Jackpot - Locals 30% Off","times_used":4,"units":4.0,"revenue":218.75,"discounts":93.75,"cost":125.0,"profit":93.75,"pre_discount_revenue":312.5,"margin":42.9,"avg_discount":60.0},{"deal_name":"Industry 30% Off","times_used":2,"units":2.0,"revenue":87.5,"discounts":37.5,"cost":50.0,"profit":37.5,"pre_discount_revenue":125.0,"margin":42.9,"avg_discount":60.0},{"deal_name":"Senior / Veterans - 20% Off","times_used":2,"units":2.0,"revenue":100.0,"discounts":25.0,"cost":50.0,"profit":50.0,"pre_discount_revenue":125.0,"margin":50.0,"avg_discount":40.0}],"top_products":[{"product":"GLASS PIPE - CRUSH","units":30,"revenue":1523.75,"cost":730.6999969482422,"profit":793.0500030517578,"transactions":30,"margin":52.0},{"product":"MONSTER FACE PIPES","units":4,"revenue":435.0,"cost":300.0,"profit":135.0,"transactions":4,"margin":31.0},{"product":"NUGG LIFE LARGE GLYCERIN BONG - CRUSH","units":2,"revenue":403.125,"cost":250.0,"profit":153.125,"transactions":2,"margin":38.0},{"product":"NUGG LIFE GLYCERIN BONG - CRUSH","units":2,"revenue":125.0,"cost":125.0,"profit":0.0,"transactions":2,"margin":0.0}],"products_by_store":{"Elevation Oasis":[{"product":"GLASS PIPE - CRUSH","units":30,"revenue":1523.75,"cost":730.6999969482422,"profit":793.0500030517578,"transactions":30,"margin":52.0},{"product":"MONSTER FACE PIPES","units":4,"revenue":435.0,"cost":300.0,"profit":135.0,"transactions":4,"margin":31.0},{"product":"NUGG LIFE LARGE GLYCERIN BONG - CRUSH","units":2,"revenue":403.125,"cost":250.0,"profit":153.125,"transactions":2,"margin":38.0},{"product":"NUGG LIFE GLYCERIN BONG - CRUSH","units":2,"revenue":125.0,"cost":125.0,"profit":0.0,"transactions":2,"margin":0.0}]},"store_summary":[{"store_clean":"Elevation Oasis","units":38,"revenue":2486.875,"cost":1405.7000732421875,"profit":1081.1750030517578,"discounts":788.125,"margin":43.5,"discount_rate":24.100000381469727}],"recommendations":[{"severity":"red","title":"GLASS: BELOW CATEGORY AVERAGE","detail":"Margin (31.0%) is 18 pts below GLASS average. Ranked #3 of 5. Strong case for cost negotiation.","action":"Request 9% cost reduction or evaluate alternative GLASS brands."},{"severity":"yellow","title":"CATEGORY BENCHMARK GAP","detail":"Overall margin (43.5%) trails ACCESSORY average (61.1%) by 17.6 pts.","action":"Negotiate cost reduction or increase retail price."}],"comparison":null}