{"brand":"LOCALS ONLY","date_range":"2024-01-01 00:00:00 to 2026-01-31 00:00:00","period_label":"All Time","summary":{"total_units":50768,"total_revenue":1805157.1875,"total_cost":940728.75,"total_discounts":602903.4765625,"total_profit":864428.359375,"overall_margin":47.900001525878906,"fp_margin":60.5,"disc_margin":41.5,"pct_full_price":33.79999923706055,"avg_discount_rate":25.0,"fp_revenue":609875.0,"disc_revenue":1195282.1875,"brand":"LOCALS ONLY","date_range":"2024-01-01 00:00:00 to 2026-01-31 00:00:00","primary_category":"CARTRIDGE","store_coverage":"6/7","stores_present":["Elevation Springs","Elevation Mesa","Elevation Oasis","Elevation Midtown","Elevation Boulevard","Elevation Parkway"],"stores_missing":["Elevation Downtown"],"velocity_rank":11,"velocity_total":27},"distribution":[{"store":"Elevation Springs","carries_brand":true,"sku_count":240,"revenue":521077.4609375,"units":14792,"store_total_revenue":51138750.0,"brand_share_pct":1.0},{"store":"Elevation Mesa","carries_brand":true,"sku_count":214,"revenue":374659.2578125,"units":10804,"store_total_revenue":47532240.0,"brand_share_pct":0.800000011920929},{"store":"Elevation Oasis","carries_brand":true,"sku_count":196,"revenue":270276.40625,"units":7282,"store_total_revenue":56050145.0,"brand_share_pct":0.5},{"store":"Elevation Downtown","carries_brand":false,"sku_count":0,"revenue":0.0,"units":0,"store_total_revenue":1945237.1875,"brand_share_pct":0},{"store":"Elevation Midtown","carries_brand":true,"sku_count":186,"revenue":259046.6015625,"units":6902,"store_total_revenue":30850185.0,"brand_share_pct":0.800000011920929},{"store":"Elevation Boulevard","carries_brand":true,"sku_count":190,"revenue":189090.78125,"units":5662,"store_total_revenue":28757865.0,"brand_share_pct":0.699999988079071},{"store":"Elevation Parkway","carries_brand":true,"sku_count":170,"revenue":191006.69921875,"units":5326,"store_total_revenue":21987007.5,"brand_share_pct":0.8999999761581421}],"share_of_category":[{"category":"CARTRIDGE","brand_revenue":1266563.4375,"category_revenue":46155130.0,"revenue_share_pct":2.700000047683716,"brand_units":33540,"category_units":1532896,"units_share_pct":2.2},{"category":"CONCENTRATE","brand_revenue":517973.515625,"category_revenue":7866357.5,"revenue_share_pct":6.599999904632568,"brand_units":16536,"category_units":316632,"units_share_pct":5.2},{"category":"FLOWER","brand_revenue":20620.2490234375,"category_revenue":77755450.0,"revenue_share_pct":0.0,"brand_units":692,"category_units":2708446,"units_share_pct":0.0}],"share_of_category_trend":{"CARTRIDGE":[{"period":"2024-01","brand_revenue":17057.449951171875,"category_revenue":2057675.625,"share_pct":0.800000011920929},{"period":"2024-02","brand_revenue":53117.40234375,"category_revenue":2141777.8125,"share_pct":2.5},{"period":"2024-03","brand_revenue":32990.12451171875,"category_revenue":2288552.1875,"share_pct":1.399999976158142},{"period":"2024-04","brand_revenue":46168.75,"category_revenue":2096820.46875,"share_pct":2.200000047683716},{"period":"2024-05","brand_revenue":31566.875,"category_revenue":2138038.59375,"share_pct":1.5},{"period":"2024-06","brand_revenue":8550.0,"category_revenue":2017623.90625,"share_pct":0.4000000059604645},{"period":"2024-07","brand_revenue":0.0,"category_revenue":2031918.28125,"share_pct":0.0},{"period":"2024-08","brand_revenue":39823.125,"category_revenue":2132382.65625,"share_pct":1.899999976158142},{"period":"2024-09","brand_revenue":46589.501953125,"category_revenue":1955407.03125,"share_pct":2.4000000953674316},{"period":"2024-10","brand_revenue":101315.498046875,"category_revenue":2083993.125,"share_pct":4.900000095367432},{"period":"2024-11","brand_revenue":132637.275390625,"category_revenue":2038609.375,"share_pct":6.5},{"period":"2024-12","brand_revenue":47303.251953125,"category_revenue":2003932.03125,"share_pct":2.4000000953674316},{"period":"2025-01","brand_revenue":55179.501953125,"category_revenue":1921719.21875,"share_pct":2.9000000953674316},{"period":"2025-02","brand_revenue":81445.498046875,"category_revenue":1668647.5,"share_pct":4.900000095367432},{"period":"2025-03","brand_revenue":69897.4755859375,"category_revenue":1758711.25,"share_pct":4.0},{"period":"2025-04","brand_revenue":82934.951171875,"category_revenue":1735997.5,"share_pct":4.800000190734863},{"period":"2025-05","brand_revenue":63386.0009765625,"category_revenue":1688800.46875,"share_pct":3.799999952316284},{"period":"2025-06","brand_revenue":50983.9013671875,"category_revenue":1594515.0,"share_pct":3.200000047683716},{"period":"2025-07","brand_revenue":12536.500244140625,"category_revenue":1595739.53125,"share_pct":0.800000011920929},{"period":"2025-08","brand_revenue":66215.751953125,"category_revenue":1677489.6875,"share_pct":3.9000000953674316},{"period":"2025-09","brand_revenue":68813.3251953125,"category_revenue":1539547.96875,"share_pct":4.5},{"period":"2025-10","brand_revenue":39432.099609375,"category_revenue":1548909.21875,"share_pct":2.5},{"period":"2025-11","brand_revenue":55035.6005859375,"category_revenue":1545430.15625,"share_pct":3.5999999046325684},{"period":"2025-12","brand_revenue":36788.7744140625,"category_revenue":1467828.28125,"share_pct":2.5},{"period":"2026-01","brand_revenue":26794.7998046875,"category_revenue":1425064.0625,"share_pct":1.899999976158142}],"CONCENTRATE":[{"period":"2024-01","brand_revenue":13693.924560546875,"category_revenue":351129.609375,"share_pct":3.9000000953674316},{"period":"2024-02","brand_revenue":31833.62548828125,"category_revenue":371224.4921875,"share_pct":8.600000381469727},{"period":"2024-03","brand_revenue":27567.7490234375,"category_revenue":375964.296875,"share_pct":7.300000190734863},{"period":"2024-04","brand_revenue":28945.625,"category_revenue":352745.859375,"share_pct":8.199999809265137},{"period":"2024-05","brand_revenue":33921.6748046875,"category_revenue":346027.5,"share_pct":9.800000190734863},{"period":"2024-06","brand_revenue":8687.5,"category_revenue":310723.3984375,"share_pct":2.799999952316284},{"period":"2024-07","brand_revenue":0.0,"category_revenue":336220.078125,"share_pct":0.0},{"period":"2024-08","brand_revenue":17405.999755859375,"category_revenue":324004.04296875,"share_pct":5.400000095367432},{"period":"2024-09","brand_revenue":16969.124755859375,"category_revenue":326834.1796875,"share_pct":5.199999809265137},{"period":"2024-10","brand_revenue":40532.1240234375,"category_revenue":324500.859375,"share_pct":12.5},{"period":"2024-11","brand_revenue":36177.0751953125,"category_revenue":351240.0390625,"share_pct":10.300000190734863},{"period":"2024-12","brand_revenue":38457.5,"category_revenue":324145.4296875,"share_pct":11.899999618530273},{"period":"2025-01","brand_revenue":25978.125,"category_revenue":325749.19921875,"share_pct":8.0},{"period":"2025-02","brand_revenue":28858.349609375,"category_revenue":300499.0234375,"share_pct":9.600000381469727},{"period":"2025-03","brand_revenue":15183.375244140625,"category_revenue":298171.5234375,"share_pct":5.099999904632568},{"period":"2025-04","brand_revenue":28951.875,"category_revenue":343355.625,"share_pct":8.399999618530273},{"period":"2025-05","brand_revenue":17658.1494140625,"category_revenue":288836.62109375,"share_pct":6.099999904632568},{"period":"2025-06","brand_revenue":23622.84912109375,"category_revenue":280928.33984375,"share_pct":8.399999618530273},{"period":"2025-07","brand_revenue":6436.875,"category_revenue":283604.1796875,"share_pct":2.299999952316284},{"period":"2025-08","brand_revenue":14658.125,"category_revenue":274773.76953125,"share_pct":5.300000190734863},{"period":"2025-09","brand_revenue":11859.1748046875,"category_revenue":264599.19921875,"share_pct":4.5},{"period":"2025-10","brand_revenue":9831.875,"category_revenue":277515.46875,"share_pct":3.5},{"period":"2025-11","brand_revenue":17383.675537109375,"category_revenue":295773.3203125,"share_pct":5.900000095367432},{"period":"2025-12","brand_revenue":13270.0,"category_revenue":267042.05078125,"share_pct":5.0},{"period":"2026-01","brand_revenue":10089.124755859375,"category_revenue":270749.70703125,"share_pct":3.700000047683716}],"FLOWER":[{"period":"2024-01","brand_revenue":0.0,"category_revenue":3552357.8125,"share_pct":0.0},{"period":"2024-02","brand_revenue":0.0,"category_revenue":3535245.625,"share_pct":0.0},{"period":"2024-03","brand_revenue":0.0,"category_revenue":3693805.625,"share_pct":0.0},{"period":"2024-04","brand_revenue":0.0,"category_revenue":3541899.6875,"share_pct":0.0},{"period":"2024-05","brand_revenue":0.0,"category_revenue":3537479.375,"share_pct":0.0},{"period":"2024-06","brand_revenue":0.0,"category_revenue":3403269.6875,"share_pct":0.0},{"period":"2024-07","brand_revenue":0.0,"category_revenue":3457705.9375,"share_pct":0.0},{"period":"2024-08","brand_revenue":0.0,"category_revenue":3453819.375,"share_pct":0.0},{"period":"2024-09","brand_revenue":0.0,"category_revenue":3316441.5625,"share_pct":0.0},{"period":"2024-10","brand_revenue":0.0,"category_revenue":3585775.0,"share_pct":0.0},{"period":"2024-11","brand_revenue":0.0,"category_revenue":3454855.3125,"share_pct":0.0},{"period":"2024-12","brand_revenue":0.0,"category_revenue":3226567.8125,"share_pct":0.0},{"period":"2025-01","brand_revenue":0.0,"category_revenue":2984938.125,"share_pct":0.0},{"period":"2025-02","brand_revenue":0.0,"category_revenue":2816220.0,"share_pct":0.0},{"period":"2025-03","brand_revenue":1802.5,"category_revenue":2911379.6875,"share_pct":0.10000000149011612},{"period":"2025-04","brand_revenue":12387.5,"category_revenue":3118895.3125,"share_pct":0.4000000059604645},{"period":"2025-05","brand_revenue":4963.999938964844,"category_revenue":2887345.0,"share_pct":0.20000000298023224},{"period":"2025-06","brand_revenue":862.5,"category_revenue":2773698.125,"share_pct":0.0},{"period":"2025-07","brand_revenue":148.75,"category_revenue":2782763.125,"share_pct":0.0},{"period":"2025-08","brand_revenue":87.5,"category_revenue":2733122.8125,"share_pct":0.0},{"period":"2025-09","brand_revenue":367.5,"category_revenue":2603501.5625,"share_pct":0.0},{"period":"2025-10","brand_revenue":0.0,"category_revenue":2663705.0,"share_pct":0.0},{"period":"2025-11","brand_revenue":0.0,"category_revenue":2700189.0625,"share_pct":0.0},{"period":"2025-12","brand_revenue":0.0,"category_revenue":2515209.53125,"share_pct":0.0},{"period":"2026-01","brand_revenue":0.0,"category_revenue":2505261.875,"share_pct":0.0}]},"velocity_by_category":[{"category":"CONCENTRATE","brand_units_per_day":21.7,"category_avg_units_per_day":15.38,"velocity_index":141.0,"brand_rev_per_unit":25.06,"category_rev_per_unit":19.88,"brands_in_category":27},{"category":"CARTRIDGE","brand_units_per_day":44.02,"category_avg_units_per_day":74.5,"velocity_index":59.1,"brand_rev_per_unit":30.21,"category_rev_per_unit":24.09,"brands_in_category":27},{"category":"FLOWER","brand_units_per_day":0.9,"category_avg_units_per_day":55.54,"velocity_index":1.6,"brand_rev_per_unit":23.84,"category_rev_per_unit":22.97,"brands_in_category":64}],"store_gaps":[{"store":"Elevation Boulevard","category":"FLOWER","category_revenue_at_store":10598290.0,"opportunity":"Category not carried at this store"},{"store":"Elevation Parkway","category":"FLOWER","category_revenue_at_store":4297298.125,"opportunity":"Category not carried at this store"},{"store":"Elevation Downtown","category":"FLOWER","category_revenue_at_store":324929.8828125,"opportunity":"Brand not carried"},{"store":"Elevation Downtown","category":"CARTRIDGE","category_revenue_at_store":190494.43359375,"opportunity":"Brand not carried"},{"store":"Elevation Downtown","category":"CONCENTRATE","category_revenue_at_store":53170.9033203125,"opportunity":"Brand not carried"}],"product_mix":{"top":[{"product":"FACE ON FIRE LIQUID DIAMONDS CART - LOCALS ONLY","units":1532,"revenue":58911.748046875,"cost":38300.0,"profit":20611.75048828125,"stores":6,"transactions":1380,"margin":35.0},{"product":"GHOST FACE LIQUID DIAMONDS CART - LOCALS ONLY","units":1090,"revenue":44245.8740234375,"cost":27250.0,"profit":16995.875244140625,"stores":6,"transactions":976,"margin":38.400001525878906},{"product":"ISLAND TINGZ LIQUID DIAMONDS CART - LOCALS ONLY","units":1092,"revenue":40443.3251953125,"cost":17745.0,"profit":22698.3251953125,"stores":6,"transactions":998,"margin":56.099998474121094},{"product":"PINEAPPLE FANTA LIQUID DIAMONDS CART - LOCALS ONLY","units":916,"revenue":39003.57421875,"cost":18612.5,"profit":20391.075439453125,"stores":6,"transactions":844,"margin":52.29999923706055},{"product":"MUFFINS LIQUID DIAMONDS CART - LOCALS ONLY","units":1292,"revenue":38099.1748046875,"cost":24225.0,"profit":13874.1748046875,"stores":6,"transactions":1162,"margin":36.400001525878906},{"product":"STANK FACE LIQUID DIAMONDS CART - LOCALS ONLY","units":1186,"revenue":36557.2998046875,"cost":22237.5,"profit":14319.7998046875,"stores":6,"transactions":1080,"margin":39.20000076293945},{"product":"SUPER BOOF LIQUID DIAMONDS CART - LOCALS ONLY","units":988,"revenue":36537.62451171875,"cost":18900.0,"profit":17637.62451171875,"stores":6,"transactions":902,"margin":48.29999923706055},{"product":"PINEAPPLE MIMOSA LIQUID DIAMONDS CART - LOCALS ONLY","units":994,"revenue":36479.1748046875,"cost":16152.5,"profit":20326.6748046875,"stores":6,"transactions":920,"margin":55.70000076293945},{"product":"KUSH MINTS LIQUID DIAMOND CART - LOCALS ONLY","units":742,"revenue":32015.625,"cost":15292.5,"profit":16723.125,"stores":6,"transactions":704,"margin":52.20000076293945},{"product":"JACK LIMON LIQUID DIAMONDS CART - LOCALS ONLY","units":838,"revenue":31280.0,"cost":13617.5,"profit":17662.5,"stores":6,"transactions":760,"margin":56.5},{"product":"GUAVA ICE WET DIAMONDS - LOCALS ONLY","units":1080,"revenue":30584.09912109375,"cost":15525.0,"profit":15059.100341796875,"stores":6,"transactions":984,"margin":49.20000076293945},{"product":"RS-11 WET DIAMONDS - LOCALS ONLY","units":892,"revenue":28300.52490234375,"cost":14495.0,"profit":13805.52490234375,"stores":6,"transactions":784,"margin":48.79999923706055},{"product":"NC KUSH WET DIAMONDS - LOCALS ONLY","units":848,"revenue":27234.3505859375,"cost":16960.0,"profit":10274.349365234375,"stores":6,"transactions":780,"margin":37.70000076293945},{"product":"ZOO KEEPER LIQUID DIAMONDS CART - LOCALS ONLY","units":698,"revenue":26766.25,"cost":13087.5,"profit":13678.75,"stores":6,"transactions":644,"margin":51.099998474121094},{"product":"DANTES INFERNO #8 LIQUID DIAMOND CART - LOCALS ONLY","units":562,"revenue":26204.375,"cost":12645.0,"profit":13559.375,"stores":6,"transactions":524,"margin":51.70000076293945},{"product":"COCONUT MILK LIQUID DIAMONDS CART - LOCALS ONLY","units":662,"revenue":25856.25,"cost":10757.5,"profit":15098.75,"stores":6,"transactions":604,"margin":58.400001525878906},{"product":"PURPLE GMO LIQUID DIAMOND CART - LOCALS ONLY","units":698,"revenue":25706.25,"cost":13087.5,"profit":12618.75,"stores":6,"transactions":640,"margin":49.099998474121094},{"product":"GAS MINTZ LIQUID DIAMONDS CART - LOCALS ONLY","units":650,"revenue":25032.5,"cost":12187.5,"profit":12845.0,"stores":6,"transactions":612,"margin":51.29999923706055},{"product":"RING OF FIRE WET DIAMONDS - LOCALS ONLY","units":812,"revenue":24972.77587890625,"cost":16240.0,"profit":8732.774658203125,"stores":6,"transactions":754,"margin":35.0},{"product":"MODIFIED BANANA LIQUID DIAMONDS CART - LOCALS ONLY","units":590,"revenue":23641.57470703125,"cost":14750.0,"profit":8891.57470703125,"stores":6,"transactions":558,"margin":37.599998474121094}],"bottom":[{"product":"FIRE & ICE LIQUID DIAMONDS CART - LOCALS ONLY","units":50,"revenue":1767.5,"cost":937.5,"profit":830.0,"stores":1,"transactions":50,"margin":47.0},{"product":"JENNYS BANANA BADDER - LOCALS ONLY","units":50,"revenue":1728.125,"cost":1000.0,"profit":728.125,"stores":1,"transactions":50,"margin":42.099998474121094},{"product":"BAHAMA MAMA LIQUID DIAMONDS CART - LOCALS ONLY","units":44,"revenue":1555.0,"cost":715.0,"profit":840.0,"stores":1,"transactions":42,"margin":54.0},{"product":"TRIPPY TARTS LIQUID DIAMONDS CART - LOCALS ONLY","units":38,"revenue":1449.9749755859375,"cost":617.5,"profit":832.4749755859375,"stores":4,"transactions":36,"margin":57.400001525878906},{"product":"RUNTZ LIQUID DIAMONDS CART - LOCALS ONLY","units":46,"revenue":1396.925048828125,"cost":718.75,"profit":678.1749725341797,"stores":1,"transactions":44,"margin":48.5},{"product":"CHEMDAWG MILLIONAIRE WET DIAMONDS - LOCALS ONLY","units":50,"revenue":1293.75,"cost":625.0,"profit":668.75,"stores":1,"transactions":42,"margin":51.70000076293945},{"product":"PINEAPPLE PAPAYA WET DIAMONDS - LOCALS ONLY","units":50,"revenue":1023.75,"cost":812.5,"profit":211.25,"stores":1,"transactions":48,"margin":20.600000381469727},{"product":"BLOCKBERRY BUBBA WET DIAMONDS - LOCALS ONLY","units":26,"revenue":730.625,"cost":471.25,"profit":259.375,"stores":1,"transactions":26,"margin":35.5},{"product":"PURPLE GUAVA WET DIAMONDS - LOCALS ONLY","units":22,"revenue":658.3999633789062,"cost":275.0,"profit":383.4000015258789,"stores":3,"transactions":22,"margin":58.20000076293945},{"product":"LA CAKE MIX WET DIAMONDS - LOCALS ONLY","units":16,"revenue":551.25,"cost":290.0,"profit":261.25,"stores":1,"transactions":16,"margin":47.400001525878906}],"expansion":[{"product":"DIVORCE CAKE LIQUID DIAMONDS CART - LOCALS ONLY","current_stores":5,"total_stores":6,"missing_stores":["Elevation Oasis"],"revenue":22333.75},{"product":"PIXIE STIX WET DIAMONDS - LOCALS ONLY","current_stores":4,"total_stores":6,"missing_stores":["Elevation Boulevard","Elevation Parkway"],"revenue":17048.125},{"product":"ROZAY LIQUID DIAMONDS CART - LOCALS ONLY","current_stores":5,"total_stores":6,"missing_stores":["Elevation Midtown"],"revenue":16671.99951171875},{"product":"WIZARD POTION LIQUID DIAMONDS CART - LOCALS ONLY","current_stores":5,"total_stores":6,"missing_stores":["Elevation Parkway"],"revenue":16331.25},{"product":"PIXIE STICKS LIQUID DIAMOND CART - LOCALS ONLY","current_stores":4,"total_stores":6,"missing_stores":["Elevation Boulevard","Elevation Parkway"],"revenue":16238.75},{"product":"ROZAY MINTS LIQUID DIAMOND CART - LOCALS ONLY","current_stores":4,"total_stores":6,"missing_stores":["Elevation Oasis","Elevation Parkway"],"revenue":16091.875},{"product":"GMO X MIMOSA LIQUID DIAMOND CART - LOCALS ONLY","current_stores":3,"total_stores":6,"missing_stores":["Elevation Oasis","Elevation Boulevard","Elevation Parkway"],"revenue":16030.625},{"product":"HOLY SLOPES LIQUID DIAMONDS CART - LOCALS ONLY","current_stores":4,"total_stores":6,"missing_stores":["Elevation Mesa","Elevation Boulevard"],"revenue":15682.9248046875},{"product":"PRIVATE RESERVE WET DIAMONDS - LOCALS ONLY","current_stores":5,"total_stores":6,"missing_stores":["Elevation Oasis"],"revenue":15411.6748046875},{"product":"SHERBERT EXPRESS LIQUID DIAMONDS CART - LOCALS ONLY","current_stores":3,"total_stores":6,"missing_stores":["Elevation Springs","Elevation Oasis","Elevation Parkway"],"revenue":13451.25}]},"pricing_consistency":[{"product":"FIG BAR LIQUID DIAMOND CART - LOCALS ONLY","min_price":59.1,"max_price":106.875,"avg_price":83.36139846743295,"std_dev":9.558510816580968,"store_count":6,"price_range":47.775,"range_pct":57.3},{"product":"BLOCKBERRY SLUSHY LIQUID DIAMONDS CART - LOCALS ONLY","min_price":67.24264705882354,"max_price":107.67857142857142,"avg_price":82.79280462184873,"std_dev":7.783094807830608,"store_count":8,"price_range":40.435924369747895,"range_pct":48.8},{"product":"GARLIC FROSTY LIQUID DIAMONDS CART - LOCALS ONLY","min_price":65.1875,"max_price":101.7,"avg_price":80.03,"std_dev":6.016966220613175,"store_count":10,"price_range":36.5125,"range_pct":45.6},{"product":"PRIVATE RESERVE LIQUID DIAMOND CART - LOCALS ONLY","min_price":57.08299560546875,"max_price":86.4,"avg_price":67.12048823038737,"std_dev":5.250595644770826,"store_count":8,"price_range":29.317004394531256,"range_pct":43.7},{"product":"FACE ON FIRE WET DIAMONDS - LOCALS ONLY","min_price":43.75,"max_price":67.45,"avg_price":54.74473025760135,"std_dev":3.826562833924939,"store_count":10,"price_range":23.700000000000003,"range_pct":43.3},{"product":"GARLIC DAIQUIRI LIQUID DIAMONDS CART - LOCALS ONLY","min_price":64.31914633892953,"max_price":98.68000488281251,"avg_price":80.01503497506492,"std_dev":4.7380567860213665,"store_count":12,"price_range":34.36085854388298,"range_pct":42.9},{"product":"ROZAY LIQUID DIAMONDS CART - LOCALS ONLY","min_price":66.4749984741211,"max_price":99.14999999999999,"avg_price":76.08597487212919,"std_dev":5.247895814523257,"store_count":10,"price_range":32.6750015258789,"range_pct":42.9},{"product":"STANK FACE LIQUID DIAMONDS CART - LOCALS ONLY","min_price":43.75,"max_price":69.5,"avg_price":60.03549821798985,"std_dev":3.674091213496889,"store_count":12,"price_range":25.75,"range_pct":42.9},{"product":"NOISE COMPLAINT LIQUID DIAMONDS CART - LOCALS ONLY","min_price":48.75999755859375,"max_price":73.71933847103479,"avg_price":58.65233522811026,"std_dev":4.419122192775584,"store_count":8,"price_range":24.95934091244104,"range_pct":42.6},{"product":"COSMIC COOKIES LIQUID DIAMONDS CART - LOCALS ONLY","min_price":67.89375305175781,"max_price":100.0,"avg_price":80.55677258837355,"std_dev":5.082705926006066,"store_count":10,"price_range":32.10624694824219,"range_pct":39.9},{"product":"COCONUT GHOST LIQUID DIAMONDS CART - LOCALS ONLY","min_price":70.0,"max_price":100.0,"avg_price":81.75366300366301,"std_dev":5.749974841952771,"store_count":12,"price_range":30.0,"range_pct":36.7},{"product":"ONION RING LIQUID DIAMONDS CART - LOCALS ONLY","min_price":76.83333079020183,"max_price":109.64583079020181,"avg_price":89.32638804117838,"std_dev":7.1004706495896865,"store_count":6,"price_range":32.81249999999999,"range_pct":36.7},{"product":"MUFFINS LIQUID DIAMONDS CART - LOCALS ONLY","min_price":45.0,"max_price":64.94863013698631,"avg_price":56.06162216777399,"std_dev":2.8939872606486174,"store_count":12,"price_range":19.948630136986303,"range_pct":35.6},{"product":"SPORT MODE WET DIAMONDS - LOCALS ONLY","min_price":47.775,"max_price":67.55,"avg_price":56.31428571428572,"std_dev":3.5455121100412255,"store_count":10,"price_range":19.775,"range_pct":35.1},{"product":"GORILLA CRUNCH LIQUID DIAMOND CART - LOCALS ONLY","min_price":65.4,"max_price":91.44000244140625,"avg_price":75.13500061035157,"std_dev":4.536376113826319,"store_count":8,"price_range":26.040002441406244,"range_pct":34.7},{"product":"ORANGE BARZ WET BADDER - LOCALS ONLY","min_price":30.93750238418579,"max_price":43.50000063578288,"avg_price":37.75270972107396,"std_dev":1.8813753126007398,"store_count":10,"price_range":12.56249825159709,"range_pct":33.3},{"product":"GARLIC LE CREME LIQUID DIAMONDS CART - LOCALS ONLY","min_price":42.400000000000006,"max_price":59.13043478260869,"avg_price":51.675559745637386,"std_dev":2.8000891909057954,"store_count":10,"price_range":16.73043478260869,"range_pct":32.4},{"product":"KUSH MINTS LIQUID DIAMOND CART - LOCALS ONLY","min_price":73.53260869565217,"max_price":100.47554347826087,"avg_price":84.3485603527108,"std_dev":4.190652305097056,"store_count":12,"price_range":26.942934782608702,"range_pct":31.9},{"product":"GUAVA ICE WET DIAMONDS - LOCALS ONLY","min_price":47.725,"max_price":63.93461569761619,"avg_price":55.62802389256244,"std_dev":2.577313816551836,"store_count":12,"price_range":16.209615697616186,"range_pct":29.1},{"product":"GAS MINTZ LIQUID DIAMONDS CART - LOCALS ONLY","min_price":67.25,"max_price":90.0,"avg_price":79.32374722166094,"std_dev":2.9833416144704876,"store_count":12,"price_range":22.750000000000004,"range_pct":28.7},{"product":"GARLIC COCKTAIL WET DIAMONDS - LOCALS ONLY","min_price":54.7625,"max_price":72.66667048136394,"avg_price":62.35986256069608,"std_dev":2.5053362277425677,"store_count":12,"price_range":17.904170481363934,"range_pct":28.7},{"product":"MODIFIED BANANA LIQUID DIAMONDS CART - LOCALS ONLY","min_price":73.87878880356297,"max_price":96.60000610351562,"avg_price":80.87657174073033,"std_dev":3.321715525651567,"store_count":12,"price_range":22.721217299952663,"range_pct":28.1},{"product":"FACTORY RESET WET DIAMONDS - LOCALS ONLY","min_price":63.025000000000006,"max_price":82.34375,"avg_price":68.81672698767007,"std_dev":3.0972606920467394,"store_count":10,"price_range":19.318749999999998,"range_pct":28.1},{"product":"MR NASTY WET BADDER - LOCALS ONLY","min_price":49.31818181818181,"max_price":64.7,"avg_price":56.388152804642175,"std_dev":3.1062974753438484,"store_count":6,"price_range":15.381818181818181,"range_pct":27.3},{"product":"GUSHERB WET DIAMONDS - LOCALS ONLY","min_price":51.0,"max_price":67.2704081632653,"avg_price":60.685654392162476,"std_dev":2.2231821911490193,"store_count":12,"price_range":16.27040816326531,"range_pct":26.8},{"product":"ANIMAL MINTZ X PERMANENT MARKER WET DIAMONDS - LOCALS ONLY","min_price":49.75,"max_price":66.25,"avg_price":61.81736111111111,"std_dev":2.497331168059809,"store_count":12,"price_range":16.500000000000004,"range_pct":26.7},{"product":"WHITE SHERB LIQUID DIAMONDS CART - LOCALS ONLY","min_price":48.5,"max_price":62.38520408163265,"avg_price":52.30031179138322,"std_dev":2.114281231846633,"store_count":12,"price_range":13.885204081632656,"range_pct":26.5},{"product":"SHERBET SWIRL LIQUID DIAMONDS CART - LOCALS ONLY","min_price":57.9,"max_price":76.15,"avg_price":69.42834084084085,"std_dev":2.670375196061744,"store_count":12,"price_range":18.25,"range_pct":26.3},{"product":"SECRET SAUCE LIQUID DIAMONDS CART - LOCALS ONLY","min_price":76.0,"max_price":98.14000244140624,"avg_price":85.00834472967654,"std_dev":3.333828964088339,"store_count":10,"price_range":22.140002441406246,"range_pct":26.0},{"product":"O.J. LIQUID DIAMOND CART - LOCALS ONLY","min_price":55.108695652173914,"max_price":71.10000000000001,"avg_price":63.024426328502415,"std_dev":3.1987401525857986,"store_count":6,"price_range":15.991304347826087,"range_pct":25.4}],"promotional_effectiveness":{"lift":{"fp_units_per_day":19.54,"disc_units_per_day":55.44,"lift_pct":183.6,"fp_avg_revenue_per_unit":94.125,"disc_avg_revenue_per_unit":63.224999999999994},"by_deal":[{"deal_name":"Industry - 30% Off","uses":3617,"revenue":304855.92574596405,"discounts":130777.20059275627,"units":9263.0,"cost":179206.25,"margin":41.2,"discount_depth":60.0},{"deal_name":"Industry 30% Off","uses":1509,"revenue":134470.83771944046,"discounts":57780.41255950928,"units":3964.0,"cost":67168.75,"margin":50.0,"discount_depth":60.2},{"deal_name":"Locals Only Vapes 2 for $55","uses":762,"revenue":114185.05000114441,"discounts":53499.94999885559,"units":3324.0,"cost":54015.0,"margin":52.7,"discount_depth":63.8},{"deal_name":"420 2025 - 60% Off","uses":744,"revenue":55139.749735593796,"discounts":82892.750415802,"units":2800.0,"cost":54967.5,"margin":0.3,"discount_depth":120.2},{"deal_name":"Locals Only Vapes 2 for $60","uses":591,"revenue":97850.0,"discounts":32587.5,"units":2606.0,"cost":54337.5,"margin":44.5,"discount_depth":50.0},{"deal_name":"GW - 50% Off Vapes","uses":491,"revenue":39262.52499997616,"discounts":39507.47501373291,"units":1690.0,"cost":32962.5,"margin":16.0,"discount_depth":100.4},{"deal_name":"Locals Only Concentrate 2g for $45","uses":375,"revenue":48394.375,"discounts":28576.875,"units":1727.0,"cost":30433.75,"margin":37.1,"discount_depth":74.2},{"deal_name":"Locals Only Carts - 30% Off","uses":289,"revenue":30610.50027370453,"discounts":13154.500074386597,"units":838.0,"cost":18362.5,"margin":40.0,"discount_depth":60.2},{"deal_name":"Locals Only Concentrate 2g for $40","uses":284,"revenue":31201.25,"discounts":18973.75,"units":1250.0,"cost":15655.0,"margin":49.8,"discount_depth":75.6},{"deal_name":"GW - 50% Off Concentrates","uses":218,"revenue":16530.0,"discounts":16605.0,"units":748.0,"cost":13662.5,"margin":17.3,"discount_depth":100.2},{"deal_name":"Senior - 10% Off","uses":181,"revenue":20951.33758544922,"discounts":2484.912493824959,"units":493.0,"cost":9283.75,"margin":55.7,"discount_depth":21.2},{"deal_name":"Veterans - 10% Off","uses":168,"revenue":18015.750093460083,"discounts":2001.7499941587448,"units":418.0,"cost":7830.0,"margin":56.5,"discount_depth":20.0},{"deal_name":"Employee 30% - NOT FRIDAYS","uses":168,"revenue":12101.974983215332,"discounts":5313.025035858154,"units":388.0,"cost":6890.0,"margin":43.1,"discount_depth":61.0},{"deal_name":"Jackpot - Locals 30% Off","uses":146,"revenue":16364.825015068054,"discounts":7030.175014734268,"units":476.0,"cost":9021.25,"margin":44.9,"discount_depth":60.0},{"deal_name":"LVAC - 25% Off","uses":140,"revenue":11973.75,"discounts":3991.25,"units":344.0,"cost":6207.5,"margin":48.2,"discount_depth":50.0},{"deal_name":"4/20 40% Off!!!!","uses":133,"revenue":11598.75,"discounts":7751.25,"units":398.0,"cost":7885.0,"margin":32.0,"discount_depth":80.2},{"deal_name":"Employee - 40% OFF","uses":118,"revenue":7930.9000515937805,"discounts":5491.6000056266785,"units":298.0,"cost":5342.5,"margin":32.6,"discount_depth":81.8},{"deal_name":"Locals Only Concentrates - 30% Off","uses":63,"revenue":5407.499995231628,"discounts":2317.5000047683716,"units":178.0,"cost":2930.0,"margin":45.8,"discount_depth":60.0},{"deal_name":"Locals Only Flower - 1/4 for 60","uses":61,"revenue":9600.0,"discounts":1600.0,"units":256.0,"cost":4800.0,"margin":50.0,"discount_depth":28.6},{"deal_name":"Senior / Veterans - 20% Off","uses":60,"revenue":6366.499996185303,"discounts":1600.9999990463257,"units":176.0,"cost":3190.0,"margin":49.9,"discount_depth":40.2}]},"growth_opportunities":[{"type":"distribution","title":"Expand to Elevation Downtown","detail":"Store has $227,438 in CARTRIDGE, CONCENTRATE, FLOWER \u2014 categories where LOCALS ONLY competes.","priority":"high"},{"type":"sku_expansion","title":"Add 'BERRY GELATO WET DIAMONDS - LOCALS ONLY' to 1 more store(s)","detail":"Carried in 5 stores. Missing from: Elevation Boulevard","priority":"medium"},{"type":"sku_expansion","title":"Add 'BISCOTTI CAKE WET DIAMONDS - LOCALS ONLY' to 1 more store(s)","detail":"Carried in 5 stores. Missing from: Elevation Parkway","priority":"medium"},{"type":"sku_expansion","title":"Add 'BLACK CHERRY GAS WET DIAMONDS - LOCALS ONLY' to 3 more store(s)","detail":"Carried in 3 stores. Missing from: Elevation Oasis, Elevation Boulevard, Elevation Parkway","priority":"medium"},{"type":"sku_expansion","title":"Add 'BLOCKBERRY BUBBA LIQUID DIAMOND CART - LOCALS ONLY' to 2 more store(s)","detail":"Carried in 4 stores. Missing from: Elevation Midtown, Elevation Parkway","priority":"medium"},{"type":"sku_expansion","title":"Add 'BLOCKBERRY SLUSHY LIQUID DIAMOND CART - LOCALS ONLY' to 1 more store(s)","detail":"Carried in 5 stores. Missing from: Elevation Midtown","priority":"medium"},{"type":"velocity","title":"Improve velocity in CARTRIDGE","detail":"Velocity index 59 (below category average). 22.0 units/day vs 37.2 avg.","priority":"medium"},{"type":"velocity","title":"Improve velocity in FLOWER","detail":"Velocity index 2 (below category average). 0.5 units/day vs 27.8 avg.","priority":"medium"}],"trend":[{"period":"2024-01","revenue":30751.37451171875,"cost":15131.25,"margin":50.8,"units":890,"transactions":648,"profit":15620.12451171875,"revenue_change_pct":null,"units_change_pct":null,"margin_change_pts":null},{"period":"2024-02","revenue":84951.025390625,"cost":40881.25,"margin":51.9,"units":2328,"transactions":1810,"profit":44069.775390625,"revenue_change_pct":176.3,"units_change_pct":161.6,"margin_change_pts":1.1},{"period":"2024-03","revenue":60557.8759765625,"cost":29683.75,"margin":51.0,"units":1530,"transactions":1256,"profit":30874.1259765625,"revenue_change_pct":-28.7,"units_change_pct":-34.3,"margin_change_pts":-0.9},{"period":"2024-04","revenue":75114.375,"cost":38423.75,"margin":48.8,"units":1906,"transactions":1492,"profit":36690.625,"revenue_change_pct":24.0,"units_change_pct":24.6,"margin_change_pts":-2.1},{"period":"2024-05","revenue":65488.5498046875,"cost":31241.25,"margin":52.3,"units":1578,"transactions":1342,"profit":34247.2998046875,"revenue_change_pct":-12.8,"units_change_pct":-17.2,"margin_change_pts":3.4},{"period":"2024-06","revenue":17237.5,"cost":7877.5,"margin":54.3,"units":396,"transactions":334,"profit":9360.0,"revenue_change_pct":-73.7,"units_change_pct":-74.9,"margin_change_pts":2.0},{"period":"2024-08","revenue":57229.1259765625,"cost":29737.5,"margin":48.0,"units":1662,"transactions":1314,"profit":27491.6259765625,"revenue_change_pct":232.0,"units_change_pct":319.7,"margin_change_pts":-6.3},{"period":"2024-09","revenue":63558.623046875,"cost":31820.0,"margin":49.9,"units":1768,"transactions":1408,"profit":31738.62548828125,"revenue_change_pct":11.1,"units_change_pct":6.4,"margin_change_pts":1.9},{"period":"2024-10","revenue":141847.626953125,"cost":78132.5,"margin":44.9,"units":3940,"transactions":2642,"profit":63715.126953125,"revenue_change_pct":123.2,"units_change_pct":122.9,"margin_change_pts":-5.0},{"period":"2024-11","revenue":168814.35546875,"cost":108797.5,"margin":35.6,"units":5496,"transactions":3462,"profit":60016.8505859375,"revenue_change_pct":19.0,"units_change_pct":39.5,"margin_change_pts":-9.4},{"period":"2024-12","revenue":85760.751953125,"cost":46002.5,"margin":46.4,"units":2452,"transactions":1674,"profit":39758.24951171875,"revenue_change_pct":-49.2,"units_change_pct":-55.4,"margin_change_pts":10.8},{"period":"2025-01","revenue":81157.626953125,"cost":41212.5,"margin":49.2,"units":2078,"transactions":1488,"profit":39945.12451171875,"revenue_change_pct":-5.4,"units_change_pct":-15.3,"margin_change_pts":2.9},{"period":"2025-02","revenue":110303.84765625,"cost":55255.0,"margin":49.9,"units":2844,"transactions":1924,"profit":55048.84765625,"revenue_change_pct":35.9,"units_change_pct":36.9,"margin_change_pts":0.7},{"period":"2025-03","revenue":86883.349609375,"cost":44852.5,"margin":48.4,"units":2120,"transactions":1612,"profit":42030.849609375,"revenue_change_pct":-21.2,"units_change_pct":-25.5,"margin_change_pts":-1.5},{"period":"2025-04","revenue":124274.326171875,"cost":89550.0,"margin":27.9,"units":4550,"transactions":2756,"profit":34724.32373046875,"revenue_change_pct":43.0,"units_change_pct":114.6,"margin_change_pts":-20.4},{"period":"2025-05","revenue":86008.154296875,"cost":44967.5,"margin":47.7,"units":2246,"transactions":1654,"profit":41040.6494140625,"revenue_change_pct":-30.8,"units_change_pct":-50.6,"margin_change_pts":19.8},{"period":"2025-06","revenue":75469.248046875,"cost":39647.5,"margin":47.5,"units":2056,"transactions":1256,"profit":35821.75048828125,"revenue_change_pct":-12.3,"units_change_pct":-8.5,"margin_change_pts":-0.3},{"period":"2025-07","revenue":19122.125244140625,"cost":7602.5,"margin":60.2,"units":486,"transactions":374,"profit":11519.625244140625,"revenue_change_pct":-74.7,"units_change_pct":-76.4,"margin_change_pts":12.8},{"period":"2025-08","revenue":80961.376953125,"cost":33562.5,"margin":58.5,"units":2162,"transactions":1402,"profit":47398.876953125,"revenue_change_pct":323.4,"units_change_pct":344.9,"margin_change_pts":-1.7},{"period":"2025-09","revenue":81040.0,"cost":35717.5,"margin":55.9,"units":2290,"transactions":1388,"profit":45322.5,"revenue_change_pct":0.1,"units_change_pct":5.9,"margin_change_pts":-2.6},{"period":"2025-10","revenue":49263.974609375,"cost":21267.5,"margin":56.8,"units":1390,"transactions":882,"profit":27996.474609375,"revenue_change_pct":-39.2,"units_change_pct":-39.3,"margin_change_pts":0.9},{"period":"2025-11","revenue":72419.27734375,"cost":32560.0,"margin":55.0,"units":2150,"transactions":1264,"profit":39859.27490234375,"revenue_change_pct":47.0,"units_change_pct":54.7,"margin_change_pts":-1.8},{"period":"2025-12","revenue":50058.7744140625,"cost":20950.0,"margin":58.1,"units":1394,"transactions":994,"profit":29108.7744140625,"revenue_change_pct":-30.9,"units_change_pct":-35.2,"margin_change_pts":3.1},{"period":"2026-01","revenue":36883.92578125,"cost":15855.0,"margin":57.0,"units":1056,"transactions":752,"profit":21028.92578125,"revenue_change_pct":-26.3,"units_change_pct":-24.2,"margin_change_pts":-1.1}]}