{"brand":"LOCALS ONLY","date_range":"2024-01-01 00:00:00 to 2026-01-31 00:00:00","period_label":"All Time","summary":{"total_units":50768,"total_revenue":1805157.1875,"total_cost":940728.75,"total_discounts":602903.4765625,"total_profit":864428.359375,"overall_margin":47.900001525878906,"fp_margin":60.5,"disc_margin":41.5,"pct_full_price":33.79999923706055,"avg_discount_rate":25.0,"fp_revenue":609875.0,"disc_revenue":1195282.1875,"unique_customers":17606,"brand":"LOCALS ONLY","date_range":"2024-01-01 00:00:00 to 2026-01-31 00:00:00","months_count":48,"avg_monthly_cost":39197.025,"cost_per_unit":37.05,"primary_category":"CARTRIDGE","primary_cat_margin":50.400001525878906,"category_rank":8,"category_total":27,"margin_vs_category":-2.5,"velocity_rank":11},"category_breakdown":[{"category_clean":"CARTRIDGE","units":33540,"revenue":1266563.4375,"cost":656887.5,"profit":609675.9375,"discounts":414292.1875,"margin":48.099998474121094,"category_avg_margin":50.400001525878906,"vs_category":-2.3,"rank":8.0,"total_brands":27.0},{"category_clean":"CONCENTRATE","units":16536,"revenue":517973.515625,"cost":270866.25,"profit":247107.24609375,"discounts":179069.00390625,"margin":47.70000076293945,"category_avg_margin":45.900001525878906,"vs_category":1.8,"rank":3.0,"total_brands":27.0},{"category_clean":"FLOWER","units":692,"revenue":20620.2490234375,"cost":12975.0,"profit":7645.250244140625,"discounts":9542.249755859375,"margin":37.099998474121094,"category_avg_margin":54.099998474121094,"vs_category":-17.0,"rank":55.0,"total_brands":64.0}],"trend":[{"period":"2024-01","revenue":30751.37451171875,"cost":15131.25,"margin":50.8,"units":890,"transactions":648,"profit":15620.12451171875,"revenue_change_pct":null,"units_change_pct":null,"margin_change_pts":null},{"period":"2024-02","revenue":84951.025390625,"cost":40881.25,"margin":51.9,"units":2328,"transactions":1810,"profit":44069.775390625,"revenue_change_pct":176.3,"units_change_pct":161.6,"margin_change_pts":1.1},{"period":"2024-03","revenue":60557.8759765625,"cost":29683.75,"margin":51.0,"units":1530,"transactions":1256,"profit":30874.1259765625,"revenue_change_pct":-28.7,"units_change_pct":-34.3,"margin_change_pts":-0.9},{"period":"2024-04","revenue":75114.375,"cost":38423.75,"margin":48.8,"units":1906,"transactions":1492,"profit":36690.625,"revenue_change_pct":24.0,"units_change_pct":24.6,"margin_change_pts":-2.1},{"period":"2024-05","revenue":65488.5498046875,"cost":31241.25,"margin":52.3,"units":1578,"transactions":1342,"profit":34247.2998046875,"revenue_change_pct":-12.8,"units_change_pct":-17.2,"margin_change_pts":3.4},{"period":"2024-06","revenue":17237.5,"cost":7877.5,"margin":54.3,"units":396,"transactions":334,"profit":9360.0,"revenue_change_pct":-73.7,"units_change_pct":-74.9,"margin_change_pts":2.0},{"period":"2024-08","revenue":57229.1259765625,"cost":29737.5,"margin":48.0,"units":1662,"transactions":1314,"profit":27491.6259765625,"revenue_change_pct":232.0,"units_change_pct":319.7,"margin_change_pts":-6.3},{"period":"2024-09","revenue":63558.623046875,"cost":31820.0,"margin":49.9,"units":1768,"transactions":1408,"profit":31738.62548828125,"revenue_change_pct":11.1,"units_change_pct":6.4,"margin_change_pts":1.9},{"period":"2024-10","revenue":141847.626953125,"cost":78132.5,"margin":44.9,"units":3940,"transactions":2642,"profit":63715.126953125,"revenue_change_pct":123.2,"units_change_pct":122.9,"margin_change_pts":-5.0},{"period":"2024-11","revenue":168814.35546875,"cost":108797.5,"margin":35.6,"units":5496,"transactions":3462,"profit":60016.8505859375,"revenue_change_pct":19.0,"units_change_pct":39.5,"margin_change_pts":-9.4},{"period":"2024-12","revenue":85760.751953125,"cost":46002.5,"margin":46.4,"units":2452,"transactions":1674,"profit":39758.24951171875,"revenue_change_pct":-49.2,"units_change_pct":-55.4,"margin_change_pts":10.8},{"period":"2025-01","revenue":81157.626953125,"cost":41212.5,"margin":49.2,"units":2078,"transactions":1488,"profit":39945.12451171875,"revenue_change_pct":-5.4,"units_change_pct":-15.3,"margin_change_pts":2.9},{"period":"2025-02","revenue":110303.84765625,"cost":55255.0,"margin":49.9,"units":2844,"transactions":1924,"profit":55048.84765625,"revenue_change_pct":35.9,"units_change_pct":36.9,"margin_change_pts":0.7},{"period":"2025-03","revenue":86883.349609375,"cost":44852.5,"margin":48.4,"units":2120,"transactions":1612,"profit":42030.849609375,"revenue_change_pct":-21.2,"units_change_pct":-25.5,"margin_change_pts":-1.5},{"period":"2025-04","revenue":124274.326171875,"cost":89550.0,"margin":27.9,"units":4550,"transactions":2756,"profit":34724.32373046875,"revenue_change_pct":43.0,"units_change_pct":114.6,"margin_change_pts":-20.4},{"period":"2025-05","revenue":86008.154296875,"cost":44967.5,"margin":47.7,"units":2246,"transactions":1654,"profit":41040.6494140625,"revenue_change_pct":-30.8,"units_change_pct":-50.6,"margin_change_pts":19.8},{"period":"2025-06","revenue":75469.248046875,"cost":39647.5,"margin":47.5,"units":2056,"transactions":1256,"profit":35821.75048828125,"revenue_change_pct":-12.3,"units_change_pct":-8.5,"margin_change_pts":-0.3},{"period":"2025-07","revenue":19122.125244140625,"cost":7602.5,"margin":60.2,"units":486,"transactions":374,"profit":11519.625244140625,"revenue_change_pct":-74.7,"units_change_pct":-76.4,"margin_change_pts":12.8},{"period":"2025-08","revenue":80961.376953125,"cost":33562.5,"margin":58.5,"units":2162,"transactions":1402,"profit":47398.876953125,"revenue_change_pct":323.4,"units_change_pct":344.9,"margin_change_pts":-1.7},{"period":"2025-09","revenue":81040.0,"cost":35717.5,"margin":55.9,"units":2290,"transactions":1388,"profit":45322.5,"revenue_change_pct":0.1,"units_change_pct":5.9,"margin_change_pts":-2.6},{"period":"2025-10","revenue":49263.974609375,"cost":21267.5,"margin":56.8,"units":1390,"transactions":882,"profit":27996.474609375,"revenue_change_pct":-39.2,"units_change_pct":-39.3,"margin_change_pts":0.9},{"period":"2025-11","revenue":72419.27734375,"cost":32560.0,"margin":55.0,"units":2150,"transactions":1264,"profit":39859.27490234375,"revenue_change_pct":47.0,"units_change_pct":54.7,"margin_change_pts":-1.8},{"period":"2025-12","revenue":50058.7744140625,"cost":20950.0,"margin":58.1,"units":1394,"transactions":994,"profit":29108.7744140625,"revenue_change_pct":-30.9,"units_change_pct":-35.2,"margin_change_pts":3.1},{"period":"2026-01","revenue":36883.92578125,"cost":15855.0,"margin":57.0,"units":1056,"transactions":752,"profit":21028.92578125,"revenue_change_pct":-26.3,"units_change_pct":-24.2,"margin_change_pts":-1.1}],"share_of_category":[{"category":"CARTRIDGE","brand_revenue":1266563.4375,"category_revenue":46155130.0,"revenue_share_pct":2.700000047683716,"brand_units":33540,"category_units":1532896,"units_share_pct":2.2},{"category":"CONCENTRATE","brand_revenue":517973.515625,"category_revenue":7866357.5,"revenue_share_pct":6.599999904632568,"brand_units":16536,"category_units":316632,"units_share_pct":5.2},{"category":"FLOWER","brand_revenue":20620.2490234375,"category_revenue":77755450.0,"revenue_share_pct":0.0,"brand_units":692,"category_units":2708446,"units_share_pct":0.0}],"share_of_category_trend":{"CARTRIDGE":[{"period":"2024-01","brand_revenue":17057.449951171875,"category_revenue":2057675.625,"share_pct":0.800000011920929},{"period":"2024-02","brand_revenue":53117.40234375,"category_revenue":2141777.8125,"share_pct":2.5},{"period":"2024-03","brand_revenue":32990.12451171875,"category_revenue":2288552.1875,"share_pct":1.399999976158142},{"period":"2024-04","brand_revenue":46168.75,"category_revenue":2096820.46875,"share_pct":2.200000047683716},{"period":"2024-05","brand_revenue":31566.875,"category_revenue":2138038.59375,"share_pct":1.5},{"period":"2024-06","brand_revenue":8550.0,"category_revenue":2017623.90625,"share_pct":0.4000000059604645},{"period":"2024-07","brand_revenue":0.0,"category_revenue":2031918.28125,"share_pct":0.0},{"period":"2024-08","brand_revenue":39823.125,"category_revenue":2132382.65625,"share_pct":1.899999976158142},{"period":"2024-09","brand_revenue":46589.501953125,"category_revenue":1955407.03125,"share_pct":2.4000000953674316},{"period":"2024-10","brand_revenue":101315.498046875,"category_revenue":2083993.125,"share_pct":4.900000095367432},{"period":"2024-11","brand_revenue":132637.275390625,"category_revenue":2038609.375,"share_pct":6.5},{"period":"2024-12","brand_revenue":47303.251953125,"category_revenue":2003932.03125,"share_pct":2.4000000953674316},{"period":"2025-01","brand_revenue":55179.501953125,"category_revenue":1921719.21875,"share_pct":2.9000000953674316},{"period":"2025-02","brand_revenue":81445.498046875,"category_revenue":1668647.5,"share_pct":4.900000095367432},{"period":"2025-03","brand_revenue":69897.4755859375,"category_revenue":1758711.25,"share_pct":4.0},{"period":"2025-04","brand_revenue":82934.951171875,"category_revenue":1735997.5,"share_pct":4.800000190734863},{"period":"2025-05","brand_revenue":63386.0009765625,"category_revenue":1688800.46875,"share_pct":3.799999952316284},{"period":"2025-06","brand_revenue":50983.9013671875,"category_revenue":1594515.0,"share_pct":3.200000047683716},{"period":"2025-07","brand_revenue":12536.500244140625,"category_revenue":1595739.53125,"share_pct":0.800000011920929},{"period":"2025-08","brand_revenue":66215.751953125,"category_revenue":1677489.6875,"share_pct":3.9000000953674316},{"period":"2025-09","brand_revenue":68813.3251953125,"category_revenue":1539547.96875,"share_pct":4.5},{"period":"2025-10","brand_revenue":39432.099609375,"category_revenue":1548909.21875,"share_pct":2.5},{"period":"2025-11","brand_revenue":55035.6005859375,"category_revenue":1545430.15625,"share_pct":3.5999999046325684},{"period":"2025-12","brand_revenue":36788.7744140625,"category_revenue":1467828.28125,"share_pct":2.5},{"period":"2026-01","brand_revenue":26794.7998046875,"category_revenue":1425064.0625,"share_pct":1.899999976158142}],"CONCENTRATE":[{"period":"2024-01","brand_revenue":13693.924560546875,"category_revenue":351129.609375,"share_pct":3.9000000953674316},{"period":"2024-02","brand_revenue":31833.62548828125,"category_revenue":371224.4921875,"share_pct":8.600000381469727},{"period":"2024-03","brand_revenue":27567.7490234375,"category_revenue":375964.296875,"share_pct":7.300000190734863},{"period":"2024-04","brand_revenue":28945.625,"category_revenue":352745.859375,"share_pct":8.199999809265137},{"period":"2024-05","brand_revenue":33921.6748046875,"category_revenue":346027.5,"share_pct":9.800000190734863},{"period":"2024-06","brand_revenue":8687.5,"category_revenue":310723.3984375,"share_pct":2.799999952316284},{"period":"2024-07","brand_revenue":0.0,"category_revenue":336220.078125,"share_pct":0.0},{"period":"2024-08","brand_revenue":17405.999755859375,"category_revenue":324004.04296875,"share_pct":5.400000095367432},{"period":"2024-09","brand_revenue":16969.124755859375,"category_revenue":326834.1796875,"share_pct":5.199999809265137},{"period":"2024-10","brand_revenue":40532.1240234375,"category_revenue":324500.859375,"share_pct":12.5},{"period":"2024-11","brand_revenue":36177.0751953125,"category_revenue":351240.0390625,"share_pct":10.300000190734863},{"period":"2024-12","brand_revenue":38457.5,"category_revenue":324145.4296875,"share_pct":11.899999618530273},{"period":"2025-01","brand_revenue":25978.125,"category_revenue":325749.19921875,"share_pct":8.0},{"period":"2025-02","brand_revenue":28858.349609375,"category_revenue":300499.0234375,"share_pct":9.600000381469727},{"period":"2025-03","brand_revenue":15183.375244140625,"category_revenue":298171.5234375,"share_pct":5.099999904632568},{"period":"2025-04","brand_revenue":28951.875,"category_revenue":343355.625,"share_pct":8.399999618530273},{"period":"2025-05","brand_revenue":17658.1494140625,"category_revenue":288836.62109375,"share_pct":6.099999904632568},{"period":"2025-06","brand_revenue":23622.84912109375,"category_revenue":280928.33984375,"share_pct":8.399999618530273},{"period":"2025-07","brand_revenue":6436.875,"category_revenue":283604.1796875,"share_pct":2.299999952316284},{"period":"2025-08","brand_revenue":14658.125,"category_revenue":274773.76953125,"share_pct":5.300000190734863},{"period":"2025-09","brand_revenue":11859.1748046875,"category_revenue":264599.19921875,"share_pct":4.5},{"period":"2025-10","brand_revenue":9831.875,"category_revenue":277515.46875,"share_pct":3.5},{"period":"2025-11","brand_revenue":17383.675537109375,"category_revenue":295773.3203125,"share_pct":5.900000095367432},{"period":"2025-12","brand_revenue":13270.0,"category_revenue":267042.05078125,"share_pct":5.0},{"period":"2026-01","brand_revenue":10089.124755859375,"category_revenue":270749.70703125,"share_pct":3.700000047683716}],"FLOWER":[{"period":"2024-01","brand_revenue":0.0,"category_revenue":3552357.8125,"share_pct":0.0},{"period":"2024-02","brand_revenue":0.0,"category_revenue":3535245.625,"share_pct":0.0},{"period":"2024-03","brand_revenue":0.0,"category_revenue":3693805.625,"share_pct":0.0},{"period":"2024-04","brand_revenue":0.0,"category_revenue":3541899.6875,"share_pct":0.0},{"period":"2024-05","brand_revenue":0.0,"category_revenue":3537479.375,"share_pct":0.0},{"period":"2024-06","brand_revenue":0.0,"category_revenue":3403269.6875,"share_pct":0.0},{"period":"2024-07","brand_revenue":0.0,"category_revenue":3457705.9375,"share_pct":0.0},{"period":"2024-08","brand_revenue":0.0,"category_revenue":3453819.375,"share_pct":0.0},{"period":"2024-09","brand_revenue":0.0,"category_revenue":3316441.5625,"share_pct":0.0},{"period":"2024-10","brand_revenue":0.0,"category_revenue":3585775.0,"share_pct":0.0},{"period":"2024-11","brand_revenue":0.0,"category_revenue":3454855.3125,"share_pct":0.0},{"period":"2024-12","brand_revenue":0.0,"category_revenue":3226567.8125,"share_pct":0.0},{"period":"2025-01","brand_revenue":0.0,"category_revenue":2984938.125,"share_pct":0.0},{"period":"2025-02","brand_revenue":0.0,"category_revenue":2816220.0,"share_pct":0.0},{"period":"2025-03","brand_revenue":1802.5,"category_revenue":2911379.6875,"share_pct":0.10000000149011612},{"period":"2025-04","brand_revenue":12387.5,"category_revenue":3118895.3125,"share_pct":0.4000000059604645},{"period":"2025-05","brand_revenue":4963.999938964844,"category_revenue":2887345.0,"share_pct":0.20000000298023224},{"period":"2025-06","brand_revenue":862.5,"category_revenue":2773698.125,"share_pct":0.0},{"period":"2025-07","brand_revenue":148.75,"category_revenue":2782763.125,"share_pct":0.0},{"period":"2025-08","brand_revenue":87.5,"category_revenue":2733122.8125,"share_pct":0.0},{"period":"2025-09","brand_revenue":367.5,"category_revenue":2603501.5625,"share_pct":0.0},{"period":"2025-10","brand_revenue":0.0,"category_revenue":2663705.0,"share_pct":0.0},{"period":"2025-11","brand_revenue":0.0,"category_revenue":2700189.0625,"share_pct":0.0},{"period":"2025-12","brand_revenue":0.0,"category_revenue":2515209.53125,"share_pct":0.0},{"period":"2026-01","brand_revenue":0.0,"category_revenue":2505261.875,"share_pct":0.0}]},"discount_depth":[{"tier":"0% (Full Price)","transactions":12190,"pct_of_transactions":26.3,"revenue":609875.0,"avg_discount":0.0},{"tier":"1-10%","transactions":1316,"pct_of_transactions":2.8,"revenue":62932.275390625,"avg_discount":19.799999237060547},{"tier":"11-20%","transactions":1416,"pct_of_transactions":3.1,"revenue":62484.1796875,"avg_discount":31.399999618530273},{"tier":"21-30%","transactions":1618,"pct_of_transactions":3.5,"revenue":67891.650390625,"avg_discount":50.79999923706055},{"tier":"31%+","transactions":12800,"pct_of_transactions":27.6,"revenue":394730.234375,"avg_discount":86.4000015258789}],"velocity":{"units_per_day":68.52,"revenue_per_day":2436.1000061035156,"avg_units_per_txn":2.9,"days_of_data":741,"total_units":50768,"total_transactions":35128},"velocity_by_category":[{"category":"CONCENTRATE","brand_units_per_day":21.7,"category_avg_units_per_day":15.38,"velocity_index":141.0,"brand_rev_per_unit":25.06,"category_rev_per_unit":19.88,"brands_in_category":27},{"category":"CARTRIDGE","brand_units_per_day":44.02,"category_avg_units_per_day":74.5,"velocity_index":59.1,"brand_rev_per_unit":30.21,"category_rev_per_unit":24.09,"brands_in_category":27},{"category":"FLOWER","brand_units_per_day":0.9,"category_avg_units_per_day":55.54,"velocity_index":1.6,"brand_rev_per_unit":23.84,"category_rev_per_unit":22.97,"brands_in_category":64}],"deals":[{"deal_name":"Industry - 30% Off","times_used":7234,"units":9263.0,"revenue":304855.92574596405,"discounts":130777.20059275627,"cost":179206.25,"profit":125649.67451334,"pre_discount_revenue":435633.125,"margin":41.2,"avg_discount":60.0},{"deal_name":"Industry 30% Off","times_used":3018,"units":3964.0,"revenue":134470.83771944046,"discounts":57780.41255950928,"cost":67168.75,"profit":67302.08760380745,"pre_discount_revenue":192251.25,"margin":50.0,"avg_discount":60.2},{"deal_name":"Locals Only Vapes 2 for $55","times_used":1524,"units":3324.0,"revenue":114185.05000114441,"discounts":53499.94999885559,"cost":54015.0,"profit":60170.05000114441,"pre_discount_revenue":167685.0,"margin":52.7,"avg_discount":63.8},{"deal_name":"420 2025 - 60% Off","times_used":1488,"units":2800.0,"revenue":55139.749735593796,"discounts":82892.750415802,"cost":54967.5,"profit":172.24999696016312,"pre_discount_revenue":138032.5,"margin":0.3,"avg_discount":120.2},{"deal_name":"Locals Only Vapes 2 for $60","times_used":1182,"units":2606.0,"revenue":97850.0,"discounts":32587.5,"cost":54337.5,"profit":43512.5,"pre_discount_revenue":130437.5,"margin":44.5,"avg_discount":50.0},{"deal_name":"GW - 50% Off Vapes","times_used":982,"units":1690.0,"revenue":39262.52499997616,"discounts":39507.47501373291,"cost":32962.5,"profit":6300.025000572205,"pre_discount_revenue":78770.0,"margin":16.0,"avg_discount":100.4},{"deal_name":"Locals Only Concentrate 2g for $45","times_used":750,"units":1727.0,"revenue":48394.375,"discounts":28576.875,"cost":30433.75,"profit":17960.624999403954,"pre_discount_revenue":76971.25,"margin":37.1,"avg_discount":74.2},{"deal_name":"Locals Only Carts - 30% Off","times_used":578,"units":838.0,"revenue":30610.50027370453,"discounts":13154.500074386597,"cost":18362.5,"profit":12247.999931573868,"pre_discount_revenue":43765.0,"margin":40.0,"avg_discount":60.2},{"deal_name":"Locals Only Concentrate 2g for $40","times_used":568,"units":1250.0,"revenue":31201.25,"discounts":18973.75,"cost":15655.0,"profit":15546.25,"pre_discount_revenue":50175.0,"margin":49.8,"avg_discount":75.6},{"deal_name":"GW - 50% Off Concentrates","times_used":436,"units":748.0,"revenue":16530.0,"discounts":16605.0,"cost":13662.5,"profit":2867.5,"pre_discount_revenue":33135.0,"margin":17.3,"avg_discount":100.2},{"deal_name":"Senior - 10% Off","times_used":362,"units":493.0,"revenue":20951.33758544922,"discounts":2484.912493824959,"cost":9283.75,"profit":11667.587453126907,"pre_discount_revenue":23436.25,"margin":55.7,"avg_discount":21.2},{"deal_name":"Veterans - 10% Off","times_used":336,"units":418.0,"revenue":18015.750093460083,"discounts":2001.7499941587448,"cost":7830.0,"profit":10185.749950408936,"pre_discount_revenue":20017.5,"margin":56.5,"avg_discount":20.0},{"deal_name":"Employee 30% - NOT FRIDAYS","times_used":336,"units":388.0,"revenue":12101.974983215332,"discounts":5313.025035858154,"cost":6890.0,"profit":5211.974966228008,"pre_discount_revenue":17415.0,"margin":43.1,"avg_discount":61.0},{"deal_name":"Jackpot - Locals 30% Off","times_used":292,"units":476.0,"revenue":16364.825015068054,"discounts":7030.175014734268,"cost":9021.25,"profit":7343.574985265732,"pre_discount_revenue":23395.0,"margin":44.9,"avg_discount":60.0},{"deal_name":"LVAC - 25% Off","times_used":280,"units":344.0,"revenue":11973.75,"discounts":3991.25,"cost":6207.5,"profit":5766.25,"pre_discount_revenue":15965.0,"margin":48.2,"avg_discount":50.0},{"deal_name":"4/20 40% Off!!!!","times_used":266,"units":398.0,"revenue":11598.75,"discounts":7751.25,"cost":7885.0,"profit":3713.75,"pre_discount_revenue":19350.0,"margin":32.0,"avg_discount":80.2},{"deal_name":"Employee - 40% OFF","times_used":236,"units":298.0,"revenue":7930.9000515937805,"discounts":5491.6000056266785,"cost":5342.5,"profit":2588.3999887108803,"pre_discount_revenue":13422.5,"margin":32.6,"avg_discount":81.8},{"deal_name":"Locals Only Concentrates - 30% Off","times_used":126,"units":178.0,"revenue":5407.499995231628,"discounts":2317.5000047683716,"cost":2930.0,"profit":2477.4999952316284,"pre_discount_revenue":7725.0,"margin":45.8,"avg_discount":60.0},{"deal_name":"Locals Only Flower - 1/4 for 60","times_used":122,"units":256.0,"revenue":9600.0,"discounts":1600.0,"cost":4800.0,"profit":4800.0,"pre_discount_revenue":11200.0,"margin":50.0,"avg_discount":28.6},{"deal_name":"Senior / Veterans - 20% Off","times_used":120,"units":176.0,"revenue":6366.499996185303,"discounts":1600.9999990463257,"cost":3190.0,"profit":3176.4999961853027,"pre_discount_revenue":7967.5,"margin":49.9,"avg_discount":40.2},{"deal_name":"Locals Only Vapes 2 for $50","times_used":108,"units":234.0,"revenue":7292.074999809265,"discounts":4407.925000190735,"cost":4387.5,"profit":2904.5750004053116,"pre_discount_revenue":11700.0,"margin":39.8,"avg_discount":75.4},{"deal_name":"40% Off G2B - GW","times_used":84,"units":143.0,"revenue":3977.8125,"discounts":2659.6875,"cost":2158.75,"profit":1819.0625,"pre_discount_revenue":6637.5,"margin":45.7,"avg_discount":80.2},{"deal_name":"40% Off G2B - Black Friday","times_used":74,"units":102.0,"revenue":2886.6624999046326,"discounts":1938.3375000953674,"cost":1560.0,"profit":1326.6624999046326,"pre_discount_revenue":4825.0,"margin":46.0,"avg_discount":80.4},{"deal_name":"Locals Only Collab Vapes 2 for $65","times_used":74,"units":158.0,"revenue":6486.25,"discounts":2553.75,"cost":3912.5,"profit":2573.75,"pre_discount_revenue":9040.0,"margin":39.7,"avg_discount":56.4},{"deal_name":"30% Off Special","times_used":54,"units":58.0,"revenue":1637.5,"discounts":712.5,"cost":857.5,"profit":780.0,"pre_discount_revenue":2350.0,"margin":47.6,"avg_discount":60.6},{"deal_name":"Locals Only Collab Concentrates 2g for $55","times_used":34,"units":66.0,"revenue":2268.75,"discounts":763.75,"cost":1320.0,"profit":948.75,"pre_discount_revenue":3032.5,"margin":41.8,"avg_discount":50.4},{"deal_name":"Store Credit - $15","times_used":30,"units":25.0,"revenue":637.2500014305115,"discounts":506.50000035762787,"cost":372.5,"profit":264.7500014305115,"pre_discount_revenue":1143.75,"margin":41.5,"avg_discount":88.6},{"deal_name":"Store Credit - $25","times_used":6,"units":7.0,"revenue":210.0125002861023,"discounts":139.9874997138977,"cost":113.75,"profit":96.2625002861023,"pre_discount_revenue":350.0,"margin":45.8,"avg_discount":80.0},{"deal_name":"Store Credit - $75","times_used":6,"units":4.0,"revenue":63.787500858306885,"discounts":104.96249794960022,"cost":53.75,"profit":10.037499964237213,"pre_discount_revenue":168.75,"margin":15.7,"avg_discount":124.4},{"deal_name":"Store Credit - $50","times_used":4,"units":3.0,"revenue":108.73750448226929,"discounts":41.262500286102295,"cost":48.75,"profit":59.98749986290932,"pre_discount_revenue":150.0,"margin":55.2,"avg_discount":55.0},{"deal_name":"Locals Only Vapes 2 for $72","times_used":4,"units":8.0,"revenue":360.0,"discounts":100.0,"cost":200.0,"profit":160.0,"pre_discount_revenue":460.0,"margin":44.4,"avg_discount":43.4},{"deal_name":"Reno - Early Bird - Senior / Veterans - 20%","times_used":2,"units":8.0,"revenue":240.0,"discounts":60.0,"cost":100.0,"profit":140.0,"pre_discount_revenue":300.0,"margin":58.3,"avg_discount":40.0},{"deal_name":"Medical - 10%","times_used":2,"units":2.0,"revenue":103.50000381469727,"discounts":11.499999761581421,"cost":50.0,"profit":53.499999046325684,"pre_discount_revenue":115.0,"margin":51.7,"avg_discount":20.0},{"deal_name":"Store Credit - $100","times_used":2,"units":1.0,"revenue":14.162499904632568,"discounts":35.83750009536743,"cost":16.25,"profit":-2.0874999463558197,"pre_discount_revenue":50.0,"margin":-14.7,"avg_discount":143.4}],"top_products":[{"product":"FACE ON FIRE LIQUID DIAMONDS CART - LOCALS ONLY","units":1532,"revenue":58911.748046875,"cost":38300.0,"profit":20611.75048828125,"transactions":1380,"margin":35.0},{"product":"GHOST FACE LIQUID DIAMONDS CART - LOCALS ONLY","units":1090,"revenue":44245.8740234375,"cost":27250.0,"profit":16995.875244140625,"transactions":976,"margin":38.400001525878906},{"product":"ISLAND TINGZ LIQUID DIAMONDS CART - LOCALS ONLY","units":1092,"revenue":40443.3251953125,"cost":17745.0,"profit":22698.3251953125,"transactions":998,"margin":56.099998474121094},{"product":"PINEAPPLE FANTA LIQUID DIAMONDS CART - LOCALS ONLY","units":916,"revenue":39003.57421875,"cost":18612.5,"profit":20391.075439453125,"transactions":844,"margin":52.29999923706055},{"product":"MUFFINS LIQUID DIAMONDS CART - LOCALS ONLY","units":1292,"revenue":38099.1748046875,"cost":24225.0,"profit":13874.1748046875,"transactions":1162,"margin":36.400001525878906},{"product":"STANK FACE LIQUID DIAMONDS CART - LOCALS ONLY","units":1186,"revenue":36557.2998046875,"cost":22237.5,"profit":14319.7998046875,"transactions":1080,"margin":39.20000076293945},{"product":"SUPER BOOF LIQUID DIAMONDS CART - LOCALS ONLY","units":988,"revenue":36537.62451171875,"cost":18900.0,"profit":17637.62451171875,"transactions":902,"margin":48.29999923706055},{"product":"PINEAPPLE MIMOSA LIQUID DIAMONDS CART - LOCALS ONLY","units":994,"revenue":36479.1748046875,"cost":16152.5,"profit":20326.6748046875,"transactions":920,"margin":55.70000076293945},{"product":"KUSH MINTS LIQUID DIAMOND CART - LOCALS ONLY","units":742,"revenue":32015.625,"cost":15292.5,"profit":16723.125,"transactions":704,"margin":52.20000076293945},{"product":"JACK LIMON LIQUID DIAMONDS CART - LOCALS ONLY","units":838,"revenue":31280.0,"cost":13617.5,"profit":17662.5,"transactions":760,"margin":56.5},{"product":"GUAVA ICE WET DIAMONDS - LOCALS ONLY","units":1080,"revenue":30584.09912109375,"cost":15525.0,"profit":15059.100341796875,"transactions":984,"margin":49.20000076293945},{"product":"RS-11 WET DIAMONDS - LOCALS ONLY","units":892,"revenue":28300.52490234375,"cost":14495.0,"profit":13805.52490234375,"transactions":784,"margin":48.79999923706055},{"product":"NC KUSH WET DIAMONDS - LOCALS ONLY","units":848,"revenue":27234.3505859375,"cost":16960.0,"profit":10274.349365234375,"transactions":780,"margin":37.70000076293945},{"product":"ZOO KEEPER LIQUID DIAMONDS CART - LOCALS ONLY","units":698,"revenue":26766.25,"cost":13087.5,"profit":13678.75,"transactions":644,"margin":51.099998474121094},{"product":"DANTES INFERNO #8 LIQUID DIAMOND CART - LOCALS ONLY","units":562,"revenue":26204.375,"cost":12645.0,"profit":13559.375,"transactions":524,"margin":51.70000076293945},{"product":"COCONUT MILK LIQUID DIAMONDS CART - LOCALS ONLY","units":662,"revenue":25856.25,"cost":10757.5,"profit":15098.75,"transactions":604,"margin":58.400001525878906},{"product":"PURPLE GMO LIQUID DIAMOND CART - LOCALS ONLY","units":698,"revenue":25706.25,"cost":13087.5,"profit":12618.75,"transactions":640,"margin":49.099998474121094},{"product":"GAS MINTZ LIQUID DIAMONDS CART - LOCALS ONLY","units":650,"revenue":25032.5,"cost":12187.5,"profit":12845.0,"transactions":612,"margin":51.29999923706055},{"product":"RING OF FIRE WET DIAMONDS - LOCALS ONLY","units":812,"revenue":24972.77587890625,"cost":16240.0,"profit":8732.774658203125,"transactions":754,"margin":35.0},{"product":"MODIFIED BANANA LIQUID DIAMONDS CART - LOCALS ONLY","units":590,"revenue":23641.57470703125,"cost":14750.0,"profit":8891.57470703125,"transactions":558,"margin":37.599998474121094},{"product":"MARGARITA BAR WET DIAMONDS - LOCALS ONLY","units":654,"revenue":23372.5,"cost":11853.75,"profit":11518.75,"transactions":636,"margin":49.29999923706055},{"product":"ANIMAL STYLE LIQUID DIAMONDS CART - LOCALS ONLY","units":650,"revenue":23069.25048828125,"cost":12187.5,"profit":10881.75048828125,"transactions":608,"margin":47.20000076293945},{"product":"DIVORCE CAKE LIQUID DIAMONDS CART - LOCALS ONLY","units":698,"revenue":22333.75,"cost":13087.5,"profit":9246.25,"transactions":658,"margin":41.400001525878906},{"product":"WEDDING CAKE LIQUID DIAMOND CART - LOCALS ONLY","units":442,"revenue":21212.5,"cost":9945.0,"profit":11267.5,"transactions":408,"margin":53.099998474121094},{"product":"GARLIC DAIQUIRI LIQUID DIAMONDS CART - LOCALS ONLY","units":532,"revenue":20866.826171875,"cost":13300.0,"profit":7566.824951171875,"transactions":490,"margin":36.29999923706055}],"products_by_store":{"Elevation Springs":[{"product":"FACE ON FIRE LIQUID DIAMONDS CART - LOCALS ONLY","units":380,"revenue":15559.25048828125,"cost":9500.0,"profit":6059.2498779296875,"transactions":356,"margin":38.900001525878906},{"product":"SUPER BOOF LIQUID DIAMONDS CART - LOCALS ONLY","units":396,"revenue":14234.375,"cost":7800.0,"profit":6434.375,"transactions":366,"margin":45.20000076293945},{"product":"ISLAND TINGZ LIQUID DIAMONDS CART - LOCALS ONLY","units":350,"revenue":12940.4248046875,"cost":5687.5,"profit":7252.9248046875,"transactions":308,"margin":56.0},{"product":"PINEAPPLE MIMOSA LIQUID DIAMONDS CART - LOCALS ONLY","units":346,"revenue":12791.25,"cost":5622.5,"profit":7168.75,"transactions":310,"margin":56.0},{"product":"STANK FACE LIQUID DIAMONDS CART - LOCALS ONLY","units":396,"revenue":11531.25,"cost":7425.0,"profit":4106.25,"transactions":354,"margin":35.599998474121094},{"product":"MUFFINS LIQUID DIAMONDS CART - LOCALS ONLY","units":398,"revenue":11467.5,"cost":7462.5,"profit":4005.0,"transactions":352,"margin":34.900001525878906},{"product":"GHOST FACE LIQUID DIAMONDS CART - LOCALS ONLY","units":248,"revenue":9890.0,"cost":6200.0,"profit":3690.0,"transactions":218,"margin":37.29999923706055},{"product":"GMO X MIMOSA LIQUID DIAMOND CART - LOCALS ONLY","units":198,"revenue":9421.25,"cost":4455.0,"profit":4966.25,"transactions":184,"margin":52.70000076293945},{"product":"GUAVA ICE WET DIAMONDS - LOCALS ONLY","units":342,"revenue":9194.05029296875,"cost":4995.0,"profit":4199.049987792969,"transactions":308,"margin":45.70000076293945},{"product":"PIXIE STICKS LIQUID DIAMOND CART - LOCALS ONLY","units":200,"revenue":9160.0,"cost":4500.0,"profit":4660.0,"transactions":188,"margin":50.900001525878906},{"product":"JACK LIMON LIQUID DIAMONDS CART - LOCALS ONLY","units":246,"revenue":9083.75,"cost":3997.5,"profit":5086.25,"transactions":218,"margin":56.0},{"product":"PINEAPPLE FANTA LIQUID DIAMONDS CART - LOCALS ONLY","units":192,"revenue":8420.250244140625,"cost":3995.0,"profit":4425.249938964844,"transactions":176,"margin":52.599998474121094},{"product":"GAS MINTZ LIQUID DIAMONDS CART - LOCALS ONLY","units":202,"revenue":8125.0,"cost":3787.5,"profit":4337.5,"transactions":186,"margin":53.400001525878906},{"product":"NOISE COMPLAINT LIQUID DIAMONDS CART - LOCALS ONLY","units":212,"revenue":7814.2498779296875,"cost":5300.0,"profit":2514.250030517578,"transactions":172,"margin":32.20000076293945},{"product":"SHERBET EXPRESS LIQUID DIAMONDS CART - LOCALS ONLY","units":198,"revenue":7795.0,"cost":3712.5,"profit":4082.5,"transactions":188,"margin":52.400001525878906}],"Elevation Mesa":[{"product":"STANK FACE LIQUID DIAMONDS CART - LOCALS ONLY","units":490,"revenue":15763.5498046875,"cost":9187.5,"profit":6576.0498046875,"transactions":452,"margin":41.70000076293945},{"product":"MUFFINS LIQUID DIAMONDS CART - LOCALS ONLY","units":500,"revenue":15476.6748046875,"cost":9375.0,"profit":6101.6748046875,"transactions":448,"margin":39.400001525878906},{"product":"FACE ON FIRE LIQUID DIAMONDS CART - LOCALS ONLY","units":342,"revenue":13515.250244140625,"cost":8550.0,"profit":4965.249938964844,"transactions":320,"margin":36.70000076293945},{"product":"SUPER BOOF LIQUID DIAMONDS CART - LOCALS ONLY","units":246,"revenue":9639.500122070312,"cost":4612.5,"profit":5027.0001220703125,"transactions":230,"margin":52.20000076293945},{"product":"DIVORCE CAKE LIQUID DIAMONDS CART - LOCALS ONLY","units":298,"revenue":9322.5,"cost":5587.5,"profit":3735.0,"transactions":274,"margin":40.099998474121094},{"product":"GHOST FACE LIQUID DIAMONDS CART - LOCALS ONLY","units":198,"revenue":8245.125122070312,"cost":4950.0,"profit":3295.1251220703125,"transactions":188,"margin":40.0},{"product":"PINEAPPLE FANTA LIQUID DIAMONDS CART - LOCALS ONLY","units":188,"revenue":7886.3250732421875,"cost":3825.0,"profit":4061.3250732421875,"transactions":176,"margin":51.5},{"product":"ZOO KEEPER LIQUID DIAMONDS CART - LOCALS ONLY","units":200,"revenue":7580.0,"cost":3750.0,"profit":3830.0,"transactions":188,"margin":50.5},{"product":"SHERBERT EXPRESS LIQUID DIAMONDS CART - LOCALS ONLY","units":200,"revenue":7552.5,"cost":3750.0,"profit":3802.5,"transactions":186,"margin":50.29999923706055},{"product":"PINEAPPLE MIMOSA LIQUID DIAMONDS CART - LOCALS ONLY","units":202,"revenue":7326.25,"cost":3282.5,"profit":4043.75,"transactions":196,"margin":55.20000076293945},{"product":"ISLAND TINGZ LIQUID DIAMONDS CART - LOCALS ONLY","units":200,"revenue":7127.5,"cost":3250.0,"profit":3877.5,"transactions":196,"margin":54.400001525878906},{"product":"GAS MINTZ LIQUID DIAMONDS CART - LOCALS ONLY","units":200,"revenue":6725.0,"cost":3750.0,"profit":2975.0,"transactions":192,"margin":44.20000076293945},{"product":"COCONUT MILK LIQUID DIAMONDS CART - LOCALS ONLY","units":174,"revenue":6368.75,"cost":2827.5,"profit":3541.25,"transactions":156,"margin":55.599998474121094},{"product":"RING OF FIRE WET DIAMONDS - LOCALS ONLY","units":202,"revenue":5903.4002685546875,"cost":4040.0,"profit":1863.3999633789062,"transactions":190,"margin":31.600000381469727},{"product":"MODIFIED BANANA LIQUID DIAMONDS CART - LOCALS ONLY","units":144,"revenue":5521.824951171875,"cost":3600.0,"profit":1921.824951171875,"transactions":142,"margin":34.79999923706055}],"Elevation Oasis":[{"product":"GUAVA ICE WET DIAMONDS - LOCALS ONLY","units":312,"revenue":9973.800048828125,"cost":4455.0,"profit":5518.800048828125,"transactions":282,"margin":55.29999923706055},{"product":"KUSH MINTS LIQUID DIAMOND CART - LOCALS ONLY","units":184,"revenue":9243.75,"cost":3952.5,"profit":5291.25,"transactions":172,"margin":57.20000076293945},{"product":"FACE ON FIRE LIQUID DIAMONDS CART - LOCALS ONLY","units":200,"revenue":7771.25,"cost":5000.0,"profit":2771.25,"transactions":168,"margin":35.70000076293945},{"product":"JACK LIMON LIQUID DIAMONDS CART - LOCALS ONLY","units":198,"revenue":7660.0,"cost":3217.5,"profit":4442.5,"transactions":176,"margin":58.0},{"product":"ISLAND TINGZ LIQUID DIAMONDS CART - LOCALS ONLY","units":198,"revenue":7408.75,"cost":3217.5,"profit":4191.25,"transactions":176,"margin":56.599998474121094},{"product":"PINEAPPLE MIMOSA LIQUID DIAMONDS CART - LOCALS ONLY","units":200,"revenue":7242.5,"cost":3250.0,"profit":3992.5,"transactions":172,"margin":55.099998474121094},{"product":"WEDDING CAKE LIQUID DIAMOND CART - LOCALS ONLY","units":136,"revenue":7065.0,"cost":3060.0,"profit":4005.0,"transactions":122,"margin":56.70000076293945},{"product":"PINEAPPLE FANTA LIQUID DIAMONDS CART - LOCALS ONLY","units":150,"revenue":6679.749755859375,"cost":2875.0,"profit":3804.7500610351562,"transactions":128,"margin":57.0},{"product":"LIMON NECTAR LIQUID DIAMONDS CART - LOCALS ONLY","units":156,"revenue":6287.0751953125,"cost":2535.0,"profit":3752.0748901367188,"transactions":132,"margin":59.70000076293945},{"product":"HOLY SLOPES LIQUID DIAMONDS CART - LOCALS ONLY","units":150,"revenue":5857.5,"cost":2437.5,"profit":3420.0,"transactions":120,"margin":58.400001525878906},{"product":"RS-11 WET DIAMONDS - LOCALS ONLY","units":150,"revenue":5250.0,"cost":2437.5,"profit":2812.5,"transactions":132,"margin":53.599998474121094},{"product":"ROZAY LIQUID DIAMONDS CART - LOCALS ONLY","units":100,"revenue":4957.5,"cost":1875.0,"profit":3082.5,"transactions":72,"margin":62.20000076293945},{"product":"GARLIC LE CREME WET DIAMONDS - LOCALS ONLY","units":150,"revenue":4947.5,"cost":2062.5,"profit":2885.0,"transactions":124,"margin":58.29999923706055},{"product":"DANTES INFERNO #8 LIQUID DIAMOND CART - LOCALS ONLY","units":90,"revenue":4432.5,"cost":2025.0,"profit":2407.5,"transactions":80,"margin":54.29999923706055},{"product":"FIGURE FOUR LIQUID DIAMONDS CART - LOCALS ONLY","units":100,"revenue":4398.324890136719,"cost":1875.0,"profit":2523.3250427246094,"transactions":84,"margin":57.400001525878906}],"Elevation Midtown":[{"product":"PINEAPPLE FANTA LIQUID DIAMONDS CART - LOCALS ONLY","units":236,"revenue":9763.499755859375,"cost":5042.5,"profit":4721.000061035156,"transactions":218,"margin":48.400001525878906},{"product":"FACE ON FIRE LIQUID DIAMONDS CART - LOCALS ONLY","units":194,"revenue":7382.5,"cost":4850.0,"profit":2532.5,"transactions":182,"margin":34.29999923706055},{"product":"GHOST FACE LIQUID DIAMONDS CART - LOCALS ONLY","units":150,"revenue":6269.2498779296875,"cost":3750.0,"profit":2519.250030517578,"transactions":124,"margin":40.20000076293945},{"product":"JACK LIMON LIQUID DIAMONDS CART - LOCALS ONLY","units":146,"revenue":5611.25,"cost":2372.5,"profit":3238.75,"transactions":134,"margin":57.70000076293945},{"product":"PINEAPPLE MIMOSA LIQUID DIAMONDS CART - LOCALS ONLY","units":146,"revenue":5417.9248046875,"cost":2372.5,"profit":3045.4251098632812,"transactions":144,"margin":56.20000076293945},{"product":"DANTES INFERNO #8 LIQUID DIAMOND CART - LOCALS ONLY","units":108,"revenue":5310.0,"cost":2430.0,"profit":2880.0,"transactions":102,"margin":54.20000076293945},{"product":"BLACK CHERRY GAS WET DIAMONDS - LOCALS ONLY","units":142,"revenue":5241.875,"cost":2573.75,"profit":2668.125,"transactions":134,"margin":50.900001525878906},{"product":"GMO X MIMOSA WET DIAMONDS - LOCALS ONLY","units":138,"revenue":5206.25,"cost":2501.25,"profit":2705.0,"transactions":128,"margin":52.0},{"product":"RS-11 WET DIAMONDS - LOCALS ONLY","units":150,"revenue":4828.75,"cost":2437.5,"profit":2391.25,"transactions":130,"margin":49.5},{"product":"GUAVA ICE WET DIAMONDS - LOCALS ONLY","units":162,"revenue":4790.0,"cost":2400.0,"profit":2390.0,"transactions":148,"margin":49.900001525878906},{"product":"KUSH MINTS LIQUID DIAMOND CART - LOCALS ONLY","units":108,"revenue":4761.25,"cost":2212.5,"profit":2548.75,"transactions":104,"margin":53.5},{"product":"MARGARITA BAR WET DIAMONDS - LOCALS ONLY","units":118,"revenue":4733.75,"cost":2138.75,"profit":2595.0,"transactions":116,"margin":54.79999923706055},{"product":"PIXIE STIX WET DIAMONDS - LOCALS ONLY","units":120,"revenue":4536.875,"cost":2175.0,"profit":2361.875,"transactions":112,"margin":52.099998474121094},{"product":"HOLY SLOPES LIQUID DIAMONDS CART - LOCALS ONLY","units":98,"revenue":4096.25,"cost":1592.5,"profit":2503.75,"transactions":76,"margin":61.099998474121094},{"product":"COCONUT MILK LIQUID DIAMONDS CART - LOCALS ONLY","units":100,"revenue":4053.75,"cost":1625.0,"profit":2428.75,"transactions":96,"margin":59.900001525878906}],"Elevation Boulevard":[{"product":"FACE ON FIRE LIQUID DIAMONDS CART - LOCALS ONLY","units":218,"revenue":7885.7501220703125,"cost":5450.0,"profit":2435.749969482422,"transactions":190,"margin":30.899999618530273},{"product":"GHOST FACE LIQUID DIAMONDS CART - LOCALS ONLY","units":150,"revenue":5935.0,"cost":3750.0,"profit":2185.0,"transactions":144,"margin":36.79999923706055},{"product":"ISLAND TINGZ LIQUID DIAMONDS CART - LOCALS ONLY","units":150,"revenue":5536.25,"cost":2437.5,"profit":3098.75,"transactions":126,"margin":56.0},{"product":"DANTES INFERNO #8 LIQUID DIAMOND CART - LOCALS ONLY","units":114,"revenue":4972.5,"cost":2565.0,"profit":2407.5,"transactions":112,"margin":48.400001525878906},{"product":"NC KUSH WET DIAMONDS - LOCALS ONLY","units":148,"revenue":4657.749938964844,"cost":2960.0,"profit":1697.7499389648438,"transactions":134,"margin":36.400001525878906},{"product":"PINEAPPLE FANTA LIQUID DIAMONDS CART - LOCALS ONLY","units":100,"revenue":4046.4999389648438,"cost":2062.5,"profit":1983.9999389648438,"transactions":98,"margin":49.0},{"product":"MARGARITA BAR WET DIAMONDS - LOCALS ONLY","units":120,"revenue":3946.25,"cost":2175.0,"profit":1771.25,"transactions":118,"margin":44.900001525878906},{"product":"ZOO KEEPER LIQUID DIAMONDS CART - LOCALS ONLY","units":100,"revenue":3666.25,"cost":1875.0,"profit":1791.25,"transactions":100,"margin":48.900001525878906},{"product":"JACK LIMON LIQUID DIAMONDS CART - LOCALS ONLY","units":98,"revenue":3453.75,"cost":1592.5,"profit":1861.25,"transactions":88,"margin":53.900001525878906},{"product":"ANIMAL STYLE LIQUID DIAMONDS CART - LOCALS ONLY","units":100,"revenue":3448.6248779296875,"cost":1875.0,"profit":1573.6250305175781,"transactions":94,"margin":45.599998474121094},{"product":"KUSH MINTS LIQUID DIAMOND CART - LOCALS ONLY","units":92,"revenue":3382.5,"cost":1852.5,"profit":1530.0,"transactions":88,"margin":45.20000076293945},{"product":"PURPLE GMO LIQUID DIAMOND CART - LOCALS ONLY","units":100,"revenue":3373.75,"cost":1875.0,"profit":1498.75,"transactions":96,"margin":44.400001525878906},{"product":"SUPER BOOF LIQUID DIAMONDS CART - LOCALS ONLY","units":100,"revenue":3295.0,"cost":1875.0,"profit":1420.0,"transactions":92,"margin":43.099998474121094},{"product":"PRIVATE RESERVE WET DIAMONDS - LOCALS ONLY","units":96,"revenue":3290.0,"cost":1740.0,"profit":1550.0,"transactions":94,"margin":47.099998474121094},{"product":"BLUE AGAVE WET DIAMONDS - LOCALS ONLY","units":94,"revenue":3132.5,"cost":1703.75,"profit":1428.75,"transactions":84,"margin":45.599998474121094}],"Elevation Parkway":[{"product":"GHOST FACE LIQUID DIAMONDS CART - LOCALS ONLY","units":244,"revenue":9676.500244140625,"cost":6100.0,"profit":3576.4999389648438,"transactions":222,"margin":37.0},{"product":"FACE ON FIRE LIQUID DIAMONDS CART - LOCALS ONLY","units":198,"revenue":6797.750244140625,"cost":4950.0,"profit":1847.7499389648438,"transactions":164,"margin":27.200000762939453},{"product":"NC KUSH WET DIAMONDS - LOCALS ONLY","units":152,"revenue":5350.999755859375,"cost":3040.0,"profit":2311.0000610351562,"transactions":138,"margin":43.20000076293945},{"product":"DANTES INFERNO #8 LIQUID DIAMOND CART - LOCALS ONLY","units":110,"revenue":5065.625,"cost":2475.0,"profit":2590.625,"transactions":102,"margin":51.099998474121094},{"product":"STANK FACE LIQUID DIAMONDS CART - LOCALS ONLY","units":150,"revenue":4982.5,"cost":2812.5,"profit":2170.0,"transactions":142,"margin":43.599998474121094},{"product":"RS-11 WET DIAMONDS - LOCALS ONLY","units":146,"revenue":4801.875,"cost":2372.5,"profit":2429.375,"transactions":134,"margin":50.599998474121094},{"product":"MUFFINS LIQUID DIAMONDS CART - LOCALS ONLY","units":146,"revenue":4741.25,"cost":2737.5,"profit":2003.75,"transactions":134,"margin":42.29999923706055},{"product":"MARGARITA BAR WET DIAMONDS - LOCALS ONLY","units":120,"revenue":4066.25,"cost":2175.0,"profit":1891.25,"transactions":116,"margin":46.5},{"product":"ISLAND TINGZ LIQUID DIAMONDS CART - LOCALS ONLY","units":100,"revenue":3771.25,"cost":1625.0,"profit":2146.25,"transactions":100,"margin":56.900001525878906},{"product":"ANIMAL STYLE LIQUID DIAMONDS CART - LOCALS ONLY","units":100,"revenue":3725.625,"cost":1875.0,"profit":1850.625,"transactions":90,"margin":49.70000076293945},{"product":"PURPLE GMO LIQUID DIAMOND CART - LOCALS ONLY","units":100,"revenue":3714.375,"cost":1875.0,"profit":1839.375,"transactions":86,"margin":49.5},{"product":"RING OF FIRE WET DIAMONDS - LOCALS ONLY","units":110,"revenue":3586.3751220703125,"cost":2200.0,"profit":1386.3749694824219,"transactions":106,"margin":38.70000076293945},{"product":"PRIVATE RESERVE WET DIAMONDS - LOCALS ONLY","units":112,"revenue":3410.4251098632812,"cost":1900.0,"profit":1510.4249572753906,"transactions":108,"margin":44.29999923706055},{"product":"ROZAY LIQUID DIAMONDS CART - LOCALS ONLY","units":96,"revenue":3370.0,"cost":1800.0,"profit":1570.0,"transactions":92,"margin":46.599998474121094},{"product":"KUSH MINTS LIQUID DIAMOND CART - LOCALS ONLY","units":84,"revenue":3333.75,"cost":1710.0,"profit":1623.75,"transactions":84,"margin":48.70000076293945}]},"store_summary":[{"store_clean":"Elevation Springs","units":14792,"revenue":521077.4609375,"cost":273721.25,"profit":247356.19140625,"discounts":186292.55859375,"margin":47.5,"discount_rate":26.299999237060547},{"store_clean":"Elevation Mesa","units":10804,"revenue":374659.2578125,"cost":201260.0,"profit":173399.2578125,"discounts":135570.126953125,"margin":46.29999923706055,"discount_rate":26.600000381469727},{"store_clean":"Elevation Oasis","units":7282,"revenue":270276.40625,"cost":131780.0,"profit":138496.396484375,"discounts":78728.5986328125,"margin":51.20000076293945,"discount_rate":22.600000381469727},{"store_clean":"Elevation Midtown","units":6902,"revenue":259046.6015625,"cost":128377.5,"profit":130669.1015625,"discounts":65025.8984375,"margin":50.400001525878906,"discount_rate":20.100000381469727},{"store_clean":"Elevation Parkway","units":5326,"revenue":191006.69921875,"cost":100453.75,"profit":90552.94921875,"discounts":60254.55078125,"margin":47.400001525878906,"discount_rate":24.0},{"store_clean":"Elevation Boulevard","units":5662,"revenue":189090.78125,"cost":105136.25,"profit":83954.521484375,"discounts":77031.7236328125,"margin":44.400001525878906,"discount_rate":28.899999618530273}],"recommendations":[{"severity":"red","title":"FLOWER: BELOW CATEGORY AVERAGE","detail":"Margin (37.1%) is 17 pts below FLOWER average. Ranked #55 of 64. Strong case for cost negotiation.","action":"Request 8% cost reduction or evaluate alternative FLOWER brands."},{"severity":"info","title":"VOLUME LEVERAGE","detail":"$722,063 revenue provides negotiating leverage.","action":"Use volume as leverage in next vendor meeting."}],"comparison":null}