{"brand":"CAKE","date_range":"2024-01-01 00:00:00 to 2026-01-31 00:00:00","period_label":"All Time","summary":{"total_units":16786,"total_revenue":773318.75,"total_cost":379942.34375,"total_discounts":233631.25,"total_profit":393376.4453125,"overall_margin":50.900001525878906,"fp_margin":62.79999923706055,"disc_margin":45.400001525878906,"pct_full_price":31.299999237060547,"avg_discount_rate":23.200000762939453,"fp_revenue":242077.5,"disc_revenue":531241.25,"brand":"CAKE","date_range":"2024-01-01 00:00:00 to 2026-01-31 00:00:00","primary_category":"DISPOSABLE VAPE","store_coverage":"7/7","stores_present":["Elevation Springs","Elevation Mesa","Elevation Oasis","Elevation Downtown","Elevation Midtown","Elevation Boulevard","Elevation Parkway"],"stores_missing":[],"velocity_rank":14,"velocity_total":35},"distribution":[{"store":"Elevation Springs","carries_brand":true,"sku_count":24,"revenue":178141.640625,"units":3888,"store_total_revenue":51138750.0,"brand_share_pct":0.30000001192092896},{"store":"Elevation Mesa","carries_brand":true,"sku_count":22,"revenue":110975.947265625,"units":2522,"store_total_revenue":47532240.0,"brand_share_pct":0.20000000298023224},{"store":"Elevation Oasis","carries_brand":true,"sku_count":28,"revenue":200588.7890625,"units":4246,"store_total_revenue":56050145.0,"brand_share_pct":0.4000000059604645},{"store":"Elevation Downtown","carries_brand":true,"sku_count":10,"revenue":23646.4990234375,"units":488,"store_total_revenue":1945237.1875,"brand_share_pct":1.2000000476837158},{"store":"Elevation Midtown","carries_brand":true,"sku_count":24,"revenue":121859.19921875,"units":2630,"store_total_revenue":30850185.0,"brand_share_pct":0.4000000059604645},{"store":"Elevation Boulevard","carries_brand":true,"sku_count":30,"revenue":71154.130859375,"units":1618,"store_total_revenue":28757865.0,"brand_share_pct":0.20000000298023224},{"store":"Elevation Parkway","carries_brand":true,"sku_count":24,"revenue":66952.5537109375,"units":1394,"store_total_revenue":21987007.5,"brand_share_pct":0.30000001192092896}],"share_of_category":[{"category":"DISPOSABLE VAPE","brand_revenue":773318.75,"category_revenue":30552405.0,"revenue_share_pct":2.5,"brand_units":16786,"category_units":756548,"units_share_pct":2.2}],"share_of_category_trend":{"DISPOSABLE VAPE":[{"period":"2024-01","brand_revenue":0.0,"category_revenue":933474.921875,"share_pct":0.0},{"period":"2024-02","brand_revenue":0.0,"category_revenue":877782.109375,"share_pct":0.0},{"period":"2024-03","brand_revenue":0.0,"category_revenue":990692.03125,"share_pct":0.0},{"period":"2024-04","brand_revenue":0.0,"category_revenue":971952.1875,"share_pct":0.0},{"period":"2024-05","brand_revenue":0.0,"category_revenue":1035100.46875,"share_pct":0.0},{"period":"2024-06","brand_revenue":0.0,"category_revenue":1039794.21875,"share_pct":0.0},{"period":"2024-07","brand_revenue":0.0,"category_revenue":1081636.5625,"share_pct":0.0},{"period":"2024-08","brand_revenue":0.0,"category_revenue":1098658.125,"share_pct":0.0},{"period":"2024-09","brand_revenue":0.0,"category_revenue":1056394.53125,"share_pct":0.0},{"period":"2024-10","brand_revenue":0.0,"category_revenue":1197041.171875,"share_pct":0.0},{"period":"2024-11","brand_revenue":0.0,"category_revenue":1193980.234375,"share_pct":0.0},{"period":"2024-12","brand_revenue":0.0,"category_revenue":1222008.984375,"share_pct":0.0},{"period":"2025-01","brand_revenue":0.0,"category_revenue":1100552.421875,"share_pct":0.0},{"period":"2025-02","brand_revenue":491.9999694824219,"category_revenue":1167271.25,"share_pct":0.0},{"period":"2025-03","brand_revenue":55438.0224609375,"category_revenue":1348856.71875,"share_pct":4.099999904632568},{"period":"2025-04","brand_revenue":88525.498046875,"category_revenue":1414639.84375,"share_pct":6.300000190734863},{"period":"2025-05","brand_revenue":87967.451171875,"category_revenue":1460588.4375,"share_pct":6.0},{"period":"2025-06","brand_revenue":72273.92578125,"category_revenue":1320852.96875,"share_pct":5.5},{"period":"2025-07","brand_revenue":89646.728515625,"category_revenue":1451194.84375,"share_pct":6.199999809265137},{"period":"2025-08","brand_revenue":90017.548828125,"category_revenue":1403520.625,"share_pct":6.400000095367432},{"period":"2025-09","brand_revenue":63664.072265625,"category_revenue":1317518.125,"share_pct":4.800000190734863},{"period":"2025-10","brand_revenue":65259.0234375,"category_revenue":1511693.75,"share_pct":4.300000190734863},{"period":"2025-11","brand_revenue":69969.55078125,"category_revenue":1481709.21875,"share_pct":4.699999809265137},{"period":"2025-12","brand_revenue":50761.3720703125,"category_revenue":1476896.875,"share_pct":3.4000000953674316},{"period":"2026-01","brand_revenue":39303.5498046875,"category_revenue":1398594.84375,"share_pct":2.799999952316284}]},"velocity_by_category":[{"category":"DISPOSABLE VAPE","brand_units_per_day":22.02,"category_avg_units_per_day":28.36,"velocity_index":77.7,"brand_rev_per_unit":36.86,"category_rev_per_unit":32.31,"brands_in_category":35}],"store_gaps":[],"product_mix":{"top":[{"product":"ALIEN LEMONADE DISPOSABLE VAPE - CAKE","units":3984,"revenue":186872.1484375,"cost":89505.498046875,"profit":97366.650390625,"stores":7,"transactions":3686,"margin":52.099998474121094},{"product":"PINK GUAVA DISPOSABLE VAPE - CAKE","units":2748,"revenue":127132.978515625,"cost":61189.7265625,"profit":65943.251953125,"stores":7,"transactions":2580,"margin":51.900001525878906},{"product":"PINEAPPLE PARADISE DISPOSABLE VAPE - CAKE","units":2016,"revenue":91983.30078125,"cost":45317.1240234375,"profit":46666.1767578125,"stores":7,"transactions":1946,"margin":50.70000076293945},{"product":"BLUEBERRY DREAM DISPOSABLE VAPE - CAKE","units":1838,"revenue":83492.0703125,"cost":41449.4482421875,"profit":42042.626953125,"stores":7,"transactions":1756,"margin":50.400001525878906},{"product":"RAINBOW BELTS DISPOSABLE VAPE - CAKE","units":1284,"revenue":59912.421875,"cost":28840.6494140625,"profit":31071.77490234375,"stores":7,"transactions":1230,"margin":51.900001525878906},{"product":"PINK ACAI KUSH DISPOSABLE VAPE - CAKE","units":1136,"revenue":51291.8505859375,"cost":25865.849609375,"profit":25426.0009765625,"stores":6,"transactions":1094,"margin":49.599998474121094},{"product":"WILD CHERRY ZKITTLEZ DISPOSABLE VAPE - CAKE","units":1110,"revenue":50689.3505859375,"cost":25393.44970703125,"profit":25295.90087890625,"stores":6,"transactions":1068,"margin":49.900001525878906},{"product":"PASSION ORANGE GUAVA DISPOSABLE VAPE - CAKE","units":634,"revenue":30395.80078125,"cost":14070.400390625,"profit":16325.400390625,"stores":6,"transactions":600,"margin":53.70000076293945},{"product":"PINK PANTY DROPPER DISPOSABLE VAPE - CAKE","units":334,"revenue":15683.499755859375,"cost":7822.9498291015625,"profit":7860.5499267578125,"stores":6,"transactions":328,"margin":50.099998474121094},{"product":"XTASY KUSH DISPOSABLE VAPE - CAKE","units":288,"revenue":12487.750244140625,"cost":6623.8250732421875,"profit":5863.9251708984375,"stores":5,"transactions":280,"margin":47.0},{"product":"XSTASY KUSH DISPOSABLE VAPE - CAKE","units":250,"revenue":11297.0751953125,"cost":5468.75,"profit":5828.3251953125,"stores":3,"transactions":234,"margin":51.599998474121094},{"product":"MAUI WOWIE DISPOSABLE VAPE - CAKE","units":262,"revenue":10938.00048828125,"cost":6562.650146484375,"profit":4375.350036621094,"stores":2,"transactions":240,"margin":40.0},{"product":"WATERMELON OG DISPOSABLE VAPE - CAKE","units":204,"revenue":10197.249755859375,"cost":5040.150146484375,"profit":5157.1002197265625,"stores":2,"transactions":186,"margin":50.599998474121094},{"product":"SPACE CAKE DISPOSABLE VAPE - CAKE","units":202,"revenue":9725.999755859375,"cost":4987.650146484375,"profit":4738.3502197265625,"stores":2,"transactions":190,"margin":48.70000076293945},{"product":"BLUE RAZZ OG DISPOSABLE VAPE - CAKE","units":214,"revenue":8862.000122070312,"cost":5302.650146484375,"profit":3559.3499755859375,"stores":2,"transactions":210,"margin":40.20000076293945},{"product":"STRAWBERRY MANGO DISPOSABLE VAPE - CAKE","units":110,"revenue":4885.249938964844,"cost":2572.650146484375,"profit":2312.60009765625,"stores":2,"transactions":104,"margin":47.29999923706055},{"product":"WHITE RASPBERRY DISPOSABLE VAPE - CAKE","units":110,"revenue":4875.4998779296875,"cost":2572.650146484375,"profit":2302.8500366210938,"stores":2,"transactions":102,"margin":47.20000076293945},{"product":"RAINBOW BELTZ DISPOSABLE VAPE - CAKE","units":62,"revenue":2596.4999389648438,"cost":1356.25,"profit":1240.250015258789,"stores":2,"transactions":60,"margin":47.79999923706055}],"bottom":[],"expansion":[{"product":"PINK ACAI KUSH DISPOSABLE VAPE - CAKE","current_stores":6,"total_stores":7,"missing_stores":["Elevation Downtown"],"revenue":51291.8505859375},{"product":"WILD CHERRY ZKITTLEZ DISPOSABLE VAPE - CAKE","current_stores":6,"total_stores":7,"missing_stores":["Elevation Downtown"],"revenue":50689.3505859375},{"product":"PASSION ORANGE GUAVA DISPOSABLE VAPE - CAKE","current_stores":6,"total_stores":7,"missing_stores":["Elevation Downtown"],"revenue":30395.80078125},{"product":"PINK PANTY DROPPER DISPOSABLE VAPE - CAKE","current_stores":6,"total_stores":7,"missing_stores":["Elevation Downtown"],"revenue":15683.499755859375},{"product":"XTASY KUSH DISPOSABLE VAPE - CAKE","current_stores":5,"total_stores":7,"missing_stores":["Elevation Downtown","Elevation Midtown"],"revenue":12487.750244140625},{"product":"XSTASY KUSH DISPOSABLE VAPE - CAKE","current_stores":3,"total_stores":7,"missing_stores":["Elevation Mesa","Elevation Oasis","Elevation Downtown","Elevation Parkway"],"revenue":11297.0751953125},{"product":"MAUI WOWIE DISPOSABLE VAPE - CAKE","current_stores":2,"total_stores":7,"missing_stores":["Elevation Springs","Elevation Mesa","Elevation Downtown","Elevation Boulevard","Elevation Parkway"],"revenue":10938.00048828125},{"product":"WATERMELON OG DISPOSABLE VAPE - CAKE","current_stores":2,"total_stores":7,"missing_stores":["Elevation Springs","Elevation Mesa","Elevation Downtown","Elevation Midtown","Elevation Parkway"],"revenue":10197.249755859375},{"product":"SPACE CAKE DISPOSABLE VAPE - CAKE","current_stores":2,"total_stores":7,"missing_stores":["Elevation Springs","Elevation Downtown","Elevation Midtown","Elevation Boulevard","Elevation Parkway"],"revenue":9725.999755859375},{"product":"BLUE RAZZ OG DISPOSABLE VAPE - CAKE","current_stores":2,"total_stores":7,"missing_stores":["Elevation Springs","Elevation Mesa","Elevation Downtown","Elevation Midtown","Elevation Boulevard"],"revenue":8862.000122070312}]},"pricing_consistency":[{"product":"STRAWBERRY MANGO DISPOSABLE VAPE - CAKE","min_price":66.04629516601562,"max_price":110.78571864536829,"avg_price":88.41600690569196,"std_dev":12.654219891450767,"store_count":4,"price_range":44.73942347935267,"range_pct":50.6},{"product":"PINK PANTY DROPPER DISPOSABLE VAPE - CAKE","min_price":68.88888888888889,"max_price":107.57143293108258,"avg_price":93.76421812350158,"std_dev":5.671339111892734,"store_count":12,"price_range":38.6825440421937,"range_pct":41.3},{"product":"WATERMELON OG DISPOSABLE VAPE - CAKE","min_price":80.35714285714286,"max_price":107.39527521906672,"avg_price":93.87620903810479,"std_dev":7.647538697494319,"store_count":4,"price_range":27.03813236192385,"range_pct":28.8},{"product":"XTASY KUSH DISPOSABLE VAPE - CAKE","min_price":79.85784194048713,"max_price":98.41666327582466,"avg_price":89.36068815789186,"std_dev":2.9071691994448563,"store_count":10,"price_range":18.558821335337534,"range_pct":20.8},{"product":"WHITE RASPBERRY DISPOSABLE VAPE - CAKE","min_price":80.57143075125558,"max_price":97.0185117368345,"avg_price":88.79497124404503,"std_dev":4.651936998250872,"store_count":4,"price_range":16.44708098557892,"range_pct":18.5},{"product":"XSTASY KUSH DISPOSABLE VAPE - CAKE","min_price":79.68199462890625,"max_price":94.61749877929688,"avg_price":88.59416503906249,"std_dev":3.1502724716620403,"store_count":6,"price_range":14.935504150390626,"range_pct":16.9},{"product":"ALIEN LEMONADE DISPOSABLE VAPE - CAKE","min_price":86.53735493504725,"max_price":101.24768292462385,"avg_price":94.97688672920717,"std_dev":1.863765565807266,"store_count":14,"price_range":14.710327989576601,"range_pct":15.5},{"product":"PINK GUAVA DISPOSABLE VAPE - CAKE","min_price":85.361328125,"max_price":99.5885009765625,"avg_price":92.89013821587847,"std_dev":1.834869125362793,"store_count":14,"price_range":14.227172851562493,"range_pct":15.3},{"product":"PASSION ORANGE GUAVA DISPOSABLE VAPE - CAKE","min_price":89.8028799203726,"max_price":104.29717441774764,"avg_price":95.04923137169165,"std_dev":2.106906725036,"store_count":12,"price_range":14.494294497375044,"range_pct":15.2},{"product":"BLUEBERRY DREAM DISPOSABLE VAPE - CAKE","min_price":86.52914341517857,"max_price":98.84146341463415,"avg_price":91.26179326813815,"std_dev":1.8237056585376905,"store_count":14,"price_range":12.312319999455585,"range_pct":13.5},{"product":"RAINBOW BELTS DISPOSABLE VAPE - CAKE","min_price":84.54309397730334,"max_price":96.91543878293504,"avg_price":91.61816854370527,"std_dev":1.6308462537830128,"store_count":14,"price_range":12.372344805631705,"range_pct":13.5},{"product":"MAUI WOWIE DISPOSABLE VAPE - CAKE","min_price":79.38460912459936,"max_price":89.54717096292748,"avg_price":84.46589004376342,"std_dev":2.8744065560437773,"store_count":4,"price_range":10.162561838328124,"range_pct":12.0},{"product":"SPACE CAKE DISPOSABLE VAPE - CAKE","min_price":88.7142835344587,"max_price":99.20548112425087,"avg_price":93.95988232935478,"std_dev":2.967358783404001,"store_count":4,"price_range":10.491197589792165,"range_pct":11.2},{"product":"PINK ACAI KUSH DISPOSABLE VAPE - CAKE","min_price":86.8890609741211,"max_price":96.34951693340412,"avg_price":91.28400061155021,"std_dev":1.6205065317291534,"store_count":12,"price_range":9.46045595928302,"range_pct":10.4},{"product":"WILD CHERRY ZKITTLEZ DISPOSABLE VAPE - CAKE","min_price":87.6149120665433,"max_price":97.12750244140625,"avg_price":91.23421539584312,"std_dev":1.4235504018585927,"store_count":12,"price_range":9.512590374862953,"range_pct":10.4},{"product":"PINEAPPLE PARADISE DISPOSABLE VAPE - CAKE","min_price":86.31955254346805,"max_price":95.18400192260742,"avg_price":91.55973893924227,"std_dev":1.1582105320374256,"store_count":14,"price_range":8.864449379139376,"range_pct":9.7},{"product":"BLUE RAZZ OG DISPOSABLE VAPE - CAKE","min_price":82.00000469501202,"max_price":85.03447433997846,"avg_price":83.51723951749523,"std_dev":0.8582776253042007,"store_count":4,"price_range":3.0344696449664355,"range_pct":3.6},{"product":"RAINBOW BELTZ DISPOSABLE VAPE - CAKE","min_price":83.67857251848493,"max_price":83.82352941176471,"avg_price":83.75105096512482,"std_dev":0.04100000088714924,"store_count":4,"price_range":0.14495689327977956,"range_pct":0.2}],"promotional_effectiveness":{"lift":{"fp_units_per_day":12.86,"disc_units_per_day":38.64,"lift_pct":200.4,"fp_avg_revenue_per_unit":119.9,"disc_avg_revenue_per_unit":83.35000000000001},"by_deal":[{"deal_name":"Lit4Less - Disposables - 2 for $75 LR / HTE","uses":1174,"revenue":173644.0625023842,"discounts":49015.93750476837,"units":3711.0,"cost":81475.69999999832,"margin":53.1,"discount_depth":44.0},{"deal_name":"Industry 30% Off","uses":1023,"revenue":101340.17043352127,"discounts":43739.82385158539,"units":2418.0,"cost":53813.624999974854,"margin":46.9,"discount_depth":60.2},{"deal_name":"4/20 2025 - Vapes","uses":470,"revenue":37160.24999856949,"discounts":37599.749999046326,"units":1246.0,"cost":32025.324999992736,"margin":13.8,"discount_depth":100.6},{"deal_name":"Spark the Summer Sale","uses":351,"revenue":33263.99914741516,"discounts":22176.00085258484,"units":924.0,"cost":23940.149999996647,"margin":28.0,"discount_depth":80.0},{"deal_name":"Cake /  Optimum LR Vapes 2 for $70","uses":328,"revenue":51693.125,"discounts":19466.875,"units":1186.0,"cost":26075.0,"margin":49.6,"discount_depth":54.8},{"deal_name":"Industry - 30% Off","uses":270,"revenue":24761.24887943268,"discounts":10638.749718666077,"units":590.0,"cost":13283.54999997653,"margin":46.4,"discount_depth":60.2},{"deal_name":"50% Off - G2B","uses":145,"revenue":11726.549999713898,"discounts":11733.450000286102,"units":391.0,"cost":8553.125,"margin":27.1,"discount_depth":100.0},{"deal_name":"Jackpot - Locals 30% Off","uses":90,"revenue":10583.999519348145,"discounts":4535.999879837036,"units":252.0,"cost":5495.174999996088,"margin":48.1,"discount_depth":60.0},{"deal_name":"Veterans - 10% Off","uses":47,"revenue":5298.350089788437,"discounts":641.6500222682953,"units":99.0,"cost":1982.0499999960884,"margin":62.6,"discount_depth":21.6},{"deal_name":"Senior - 10% Off","uses":41,"revenue":5064.000091552734,"discounts":576.0000228881836,"units":94.0,"cost":2222.5,"margin":56.1,"discount_depth":20.4},{"deal_name":"Cake Disposables - 2 for $70","uses":38,"revenue":6650.0,"discounts":2470.0,"units":152.0,"cost":3351.25,"margin":49.6,"discount_depth":54.2},{"deal_name":"Cake / Optimum LR Vapes 2 for $70","uses":36,"revenue":5285.0,"discounts":2035.0,"units":122.0,"cost":2686.25,"margin":49.2,"discount_depth":55.6},{"deal_name":"Senior / Veterans - 20% Off","uses":30,"revenue":3184.7501254081726,"discounts":835.2500295639038,"units":67.0,"cost":1509.4249999988824,"margin":52.6,"discount_depth":41.6},{"deal_name":"30% Off Special","uses":27,"revenue":2262.749900817871,"discounts":969.7499752044678,"units":54.0,"cost":1268.75,"margin":43.9,"discount_depth":60.0},{"deal_name":"LVAC - 25% Off","uses":25,"revenue":2340.0,"discounts":780.0,"units":52.0,"cost":1172.5249999994412,"margin":49.9,"discount_depth":50.0},{"deal_name":"Employee - 40% OFF","uses":24,"revenue":1846.6249525547028,"discounts":1393.3750438690186,"units":54.0,"cost":1155.0749999983236,"margin":37.4,"discount_depth":86.0},{"deal_name":"Employee 30% - NOT FRIDAYS","uses":16,"revenue":1427.9999351501465,"discounts":611.9999837875366,"units":34.0,"cost":743.7999999988824,"margin":47.9,"discount_depth":60.0},{"deal_name":"Store Credit - $25","uses":12,"revenue":823.6375045776367,"discounts":496.3624978065491,"units":22.0,"cost":481.25,"margin":41.6,"discount_depth":75.2},{"deal_name":"Store Credit - $15","uses":10,"revenue":643.5000014305115,"discounts":256.4999985694885,"units":15.0,"cost":328.125,"margin":49.0,"discount_depth":57.0},{"deal_name":"Medical - 10%","uses":5,"revenue":540.0000095367432,"discounts":60.00000238418579,"units":10.0,"cost":227.5,"margin":57.9,"discount_depth":20.0}]},"growth_opportunities":[{"type":"sku_expansion","title":"Add 'BLUE RAZZ OG DISPOSABLE VAPE - CAKE' to 5 more store(s)","detail":"Carried in 2 stores. Missing from: Elevation Springs, Elevation Mesa, Elevation Downtown, Elevation Midtown, Elevation Boulevard","priority":"medium"},{"type":"sku_expansion","title":"Add 'MAUI WOWIE DISPOSABLE VAPE - CAKE' to 5 more store(s)","detail":"Carried in 2 stores. Missing from: Elevation Springs, Elevation Mesa, Elevation Downtown, Elevation Boulevard, Elevation Parkway","priority":"medium"},{"type":"sku_expansion","title":"Add 'PASSION ORANGE GUAVA DISPOSABLE VAPE - CAKE' to 1 more store(s)","detail":"Carried in 6 stores. Missing from: Elevation Downtown","priority":"medium"},{"type":"sku_expansion","title":"Add 'PINK ACAI KUSH DISPOSABLE VAPE - CAKE' to 1 more store(s)","detail":"Carried in 6 stores. Missing from: Elevation Downtown","priority":"medium"},{"type":"sku_expansion","title":"Add 'PINK PANTY DROPPER DISPOSABLE VAPE - CAKE' to 1 more store(s)","detail":"Carried in 6 stores. Missing from: Elevation Downtown","priority":"medium"},{"type":"velocity","title":"Improve velocity in DISPOSABLE VAPE","detail":"Velocity index 78 (below category average). 11.0 units/day vs 14.2 avg.","priority":"medium"}],"trend":[{"period":"2025-02","revenue":491.9999694824219,"cost":262.5250053405762,"margin":46.6,"units":12,"transactions":8,"profit":229.47500228881836,"revenue_change_pct":null,"units_change_pct":null,"margin_change_pts":null},{"period":"2025-03","revenue":55438.0224609375,"cost":23364.69970703125,"margin":57.9,"units":1066,"transactions":904,"profit":32073.3251953125,"revenue_change_pct":11167.9,"units_change_pct":8783.3,"margin_change_pts":11.2},{"period":"2025-04","revenue":88525.498046875,"cost":56386.69921875,"margin":36.3,"units":2284,"transactions":1878,"profit":32138.80126953125,"revenue_change_pct":59.7,"units_change_pct":114.3,"margin_change_pts":-21.5},{"period":"2025-05","revenue":87967.451171875,"cost":38223.3740234375,"margin":56.5,"units":1726,"transactions":1492,"profit":49744.0771484375,"revenue_change_pct":-0.6,"units_change_pct":-24.4,"margin_change_pts":20.2},{"period":"2025-06","revenue":72273.92578125,"cost":41335.9521484375,"margin":42.8,"units":1680,"transactions":1366,"profit":30937.97607421875,"revenue_change_pct":-17.8,"units_change_pct":-2.7,"margin_change_pts":-13.7},{"period":"2025-07","revenue":89646.728515625,"cost":41755.3271484375,"margin":53.4,"units":1904,"transactions":1316,"profit":47891.4013671875,"revenue_change_pct":24.0,"units_change_pct":13.3,"margin_change_pts":10.6},{"period":"2025-08","revenue":90017.548828125,"cost":41650.0,"margin":53.7,"units":1882,"transactions":1412,"profit":48367.548828125,"revenue_change_pct":0.4,"units_change_pct":-1.2,"margin_change_pts":0.3},{"period":"2025-09","revenue":63664.072265625,"cost":29750.0,"margin":53.3,"units":1348,"transactions":994,"profit":33914.07470703125,"revenue_change_pct":-29.3,"units_change_pct":-28.4,"margin_change_pts":-0.5},{"period":"2025-10","revenue":65259.0234375,"cost":30205.0,"margin":53.7,"units":1370,"transactions":1052,"profit":35054.02587890625,"revenue_change_pct":2.5,"units_change_pct":1.6,"margin_change_pts":0.4},{"period":"2025-11","revenue":69969.55078125,"cost":35166.25,"margin":49.7,"units":1606,"transactions":1190,"profit":34803.30078125,"revenue_change_pct":7.2,"units_change_pct":17.2,"margin_change_pts":-4.0},{"period":"2025-12","revenue":50761.3720703125,"cost":23450.0,"margin":53.8,"units":1072,"transactions":826,"profit":27311.37451171875,"revenue_change_pct":-27.5,"units_change_pct":-33.3,"margin_change_pts":4.1},{"period":"2026-01","revenue":39303.5498046875,"cost":18392.5,"margin":53.2,"units":836,"transactions":648,"profit":20911.0498046875,"revenue_change_pct":-22.6,"units_change_pct":-22.0,"margin_change_pts":-0.6}]}