{"brand":"CAKE","date_range":"2024-01-01 00:00:00 to 2026-01-31 00:00:00","period_label":"All Time","summary":{"total_units":16786,"total_revenue":773318.75,"total_cost":379942.34375,"total_discounts":233631.25,"total_profit":393376.4453125,"overall_margin":50.900001525878906,"fp_margin":62.79999923706055,"disc_margin":45.400001525878906,"pct_full_price":31.299999237060547,"avg_discount_rate":23.200000762939453,"fp_revenue":242077.5,"disc_revenue":531241.25,"unique_customers":9258,"brand":"CAKE","date_range":"2024-01-01 00:00:00 to 2026-01-31 00:00:00","months_count":24,"avg_monthly_cost":31661.85,"cost_per_unit":45.275,"primary_category":"DISPOSABLE VAPE","primary_cat_margin":52.79999923706055,"category_rank":14,"category_total":35,"margin_vs_category":-1.899999976158142,"velocity_rank":14},"category_breakdown":[{"category_clean":"DISPOSABLE VAPE","units":16786,"revenue":773318.75,"cost":379942.34375,"profit":393376.4453125,"discounts":233631.25,"margin":50.900001525878906,"category_avg_margin":52.79999923706055,"vs_category":-1.9,"rank":14.0,"total_brands":35.0}],"trend":[{"period":"2025-02","revenue":491.9999694824219,"cost":262.5250053405762,"margin":46.6,"units":12,"transactions":8,"profit":229.47500228881836,"revenue_change_pct":null,"units_change_pct":null,"margin_change_pts":null},{"period":"2025-03","revenue":55438.0224609375,"cost":23364.69970703125,"margin":57.9,"units":1066,"transactions":904,"profit":32073.3251953125,"revenue_change_pct":11167.9,"units_change_pct":8783.3,"margin_change_pts":11.2},{"period":"2025-04","revenue":88525.498046875,"cost":56386.69921875,"margin":36.3,"units":2284,"transactions":1878,"profit":32138.80126953125,"revenue_change_pct":59.7,"units_change_pct":114.3,"margin_change_pts":-21.5},{"period":"2025-05","revenue":87967.451171875,"cost":38223.3740234375,"margin":56.5,"units":1726,"transactions":1492,"profit":49744.0771484375,"revenue_change_pct":-0.6,"units_change_pct":-24.4,"margin_change_pts":20.2},{"period":"2025-06","revenue":72273.92578125,"cost":41335.9521484375,"margin":42.8,"units":1680,"transactions":1366,"profit":30937.97607421875,"revenue_change_pct":-17.8,"units_change_pct":-2.7,"margin_change_pts":-13.7},{"period":"2025-07","revenue":89646.728515625,"cost":41755.3271484375,"margin":53.4,"units":1904,"transactions":1316,"profit":47891.4013671875,"revenue_change_pct":24.0,"units_change_pct":13.3,"margin_change_pts":10.6},{"period":"2025-08","revenue":90017.548828125,"cost":41650.0,"margin":53.7,"units":1882,"transactions":1412,"profit":48367.548828125,"revenue_change_pct":0.4,"units_change_pct":-1.2,"margin_change_pts":0.3},{"period":"2025-09","revenue":63664.072265625,"cost":29750.0,"margin":53.3,"units":1348,"transactions":994,"profit":33914.07470703125,"revenue_change_pct":-29.3,"units_change_pct":-28.4,"margin_change_pts":-0.5},{"period":"2025-10","revenue":65259.0234375,"cost":30205.0,"margin":53.7,"units":1370,"transactions":1052,"profit":35054.02587890625,"revenue_change_pct":2.5,"units_change_pct":1.6,"margin_change_pts":0.4},{"period":"2025-11","revenue":69969.55078125,"cost":35166.25,"margin":49.7,"units":1606,"transactions":1190,"profit":34803.30078125,"revenue_change_pct":7.2,"units_change_pct":17.2,"margin_change_pts":-4.0},{"period":"2025-12","revenue":50761.3720703125,"cost":23450.0,"margin":53.8,"units":1072,"transactions":826,"profit":27311.37451171875,"revenue_change_pct":-27.5,"units_change_pct":-33.3,"margin_change_pts":4.1},{"period":"2026-01","revenue":39303.5498046875,"cost":18392.5,"margin":53.2,"units":836,"transactions":648,"profit":20911.0498046875,"revenue_change_pct":-22.6,"units_change_pct":-22.0,"margin_change_pts":-0.6}],"share_of_category":[{"category":"DISPOSABLE VAPE","brand_revenue":773318.75,"category_revenue":30552405.0,"revenue_share_pct":2.5,"brand_units":16786,"category_units":756548,"units_share_pct":2.2}],"share_of_category_trend":{"DISPOSABLE VAPE":[{"period":"2024-01","brand_revenue":0.0,"category_revenue":933474.921875,"share_pct":0.0},{"period":"2024-02","brand_revenue":0.0,"category_revenue":877782.109375,"share_pct":0.0},{"period":"2024-03","brand_revenue":0.0,"category_revenue":990692.03125,"share_pct":0.0},{"period":"2024-04","brand_revenue":0.0,"category_revenue":971952.1875,"share_pct":0.0},{"period":"2024-05","brand_revenue":0.0,"category_revenue":1035100.46875,"share_pct":0.0},{"period":"2024-06","brand_revenue":0.0,"category_revenue":1039794.21875,"share_pct":0.0},{"period":"2024-07","brand_revenue":0.0,"category_revenue":1081636.5625,"share_pct":0.0},{"period":"2024-08","brand_revenue":0.0,"category_revenue":1098658.125,"share_pct":0.0},{"period":"2024-09","brand_revenue":0.0,"category_revenue":1056394.53125,"share_pct":0.0},{"period":"2024-10","brand_revenue":0.0,"category_revenue":1197041.171875,"share_pct":0.0},{"period":"2024-11","brand_revenue":0.0,"category_revenue":1193980.234375,"share_pct":0.0},{"period":"2024-12","brand_revenue":0.0,"category_revenue":1222008.984375,"share_pct":0.0},{"period":"2025-01","brand_revenue":0.0,"category_revenue":1100552.421875,"share_pct":0.0},{"period":"2025-02","brand_revenue":491.9999694824219,"category_revenue":1167271.25,"share_pct":0.0},{"period":"2025-03","brand_revenue":55438.0224609375,"category_revenue":1348856.71875,"share_pct":4.099999904632568},{"period":"2025-04","brand_revenue":88525.498046875,"category_revenue":1414639.84375,"share_pct":6.300000190734863},{"period":"2025-05","brand_revenue":87967.451171875,"category_revenue":1460588.4375,"share_pct":6.0},{"period":"2025-06","brand_revenue":72273.92578125,"category_revenue":1320852.96875,"share_pct":5.5},{"period":"2025-07","brand_revenue":89646.728515625,"category_revenue":1451194.84375,"share_pct":6.199999809265137},{"period":"2025-08","brand_revenue":90017.548828125,"category_revenue":1403520.625,"share_pct":6.400000095367432},{"period":"2025-09","brand_revenue":63664.072265625,"category_revenue":1317518.125,"share_pct":4.800000190734863},{"period":"2025-10","brand_revenue":65259.0234375,"category_revenue":1511693.75,"share_pct":4.300000190734863},{"period":"2025-11","brand_revenue":69969.55078125,"category_revenue":1481709.21875,"share_pct":4.699999809265137},{"period":"2025-12","brand_revenue":50761.3720703125,"category_revenue":1476896.875,"share_pct":3.4000000953674316},{"period":"2026-01","brand_revenue":39303.5498046875,"category_revenue":1398594.84375,"share_pct":2.799999952316284}]},"discount_depth":[{"tier":"0% (Full Price)","transactions":3960,"pct_of_transactions":24.9,"revenue":242077.5,"avg_discount":0.0},{"tier":"1-10%","transactions":284,"pct_of_transactions":1.8,"revenue":16106.12548828125,"avg_discount":19.799999237060547},{"tier":"11-20%","transactions":168,"pct_of_transactions":1.1,"revenue":8844.798583984375,"avg_discount":37.79999923706055},{"tier":"21-30%","transactions":8730,"pct_of_transactions":54.9,"revenue":413248.5546875,"avg_discount":52.599998474121094},{"tier":"31%+","transactions":2750,"pct_of_transactions":17.3,"revenue":92963.046875,"avg_discount":94.4000015258789}],"velocity":{"units_per_day":49.52,"revenue_per_day":2281.1749267578125,"avg_units_per_txn":2.56,"days_of_data":339,"total_units":16786,"total_transactions":13086},"velocity_by_category":[{"category":"DISPOSABLE VAPE","brand_units_per_day":22.02,"category_avg_units_per_day":28.36,"velocity_index":77.7,"brand_rev_per_unit":36.86,"category_rev_per_unit":32.31,"brands_in_category":35}],"deals":[{"deal_name":"Lit4Less - Disposables - 2 for $75 LR / HTE","times_used":2348,"units":3711.0,"revenue":173644.0625023842,"discounts":49015.93750476837,"cost":81475.69999999832,"profit":92168.36251020432,"pre_discount_revenue":222660.0,"margin":53.1,"avg_discount":44.0},{"deal_name":"Industry 30% Off","times_used":2046,"units":2418.0,"revenue":101340.17043352127,"discounts":43739.82385158539,"cost":53813.624999974854,"profit":47526.55112370849,"pre_discount_revenue":145080.0,"margin":46.9,"avg_discount":60.2},{"deal_name":"4/20 2025 - Vapes","times_used":940,"units":1246.0,"revenue":37160.24999856949,"discounts":37599.749999046326,"cost":32025.324999992736,"profit":5134.924993142486,"pre_discount_revenue":74760.0,"margin":13.8,"avg_discount":100.6},{"deal_name":"Spark the Summer Sale","times_used":702,"units":924.0,"revenue":33263.99914741516,"discounts":22176.00085258484,"cost":23940.149999996647,"profit":9323.850224018097,"pre_discount_revenue":55440.0,"margin":28.0,"avg_discount":80.0},{"deal_name":"Cake /  Optimum LR Vapes 2 for $70","times_used":656,"units":1186.0,"revenue":51693.125,"discounts":19466.875,"cost":26075.0,"profit":25618.124999925494,"pre_discount_revenue":71160.0,"margin":49.6,"avg_discount":54.8},{"deal_name":"Industry - 30% Off","times_used":540,"units":590.0,"revenue":24761.24887943268,"discounts":10638.749718666077,"cost":13283.54999997653,"profit":11477.700256109238,"pre_discount_revenue":35400.0,"margin":46.4,"avg_discount":60.2},{"deal_name":"50% Off - G2B","times_used":290,"units":391.0,"revenue":11726.549999713898,"discounts":11733.450000286102,"cost":8553.125,"profit":3173.425000011921,"pre_discount_revenue":23460.0,"margin":27.1,"avg_discount":100.0},{"deal_name":"Jackpot - Locals 30% Off","times_used":180,"units":252.0,"revenue":10583.999519348145,"discounts":4535.999879837036,"cost":5495.174999996088,"profit":5088.825116157532,"pre_discount_revenue":15120.0,"margin":48.1,"avg_discount":60.0},{"deal_name":"Veterans - 10% Off","times_used":94,"units":99.0,"revenue":5298.350089788437,"discounts":641.6500222682953,"cost":1982.0499999960884,"profit":3316.3000524044037,"pre_discount_revenue":5940.0,"margin":62.6,"avg_discount":21.6},{"deal_name":"Senior - 10% Off","times_used":82,"units":94.0,"revenue":5064.000091552734,"discounts":576.0000228881836,"cost":2222.5,"profit":2841.500086784363,"pre_discount_revenue":5640.0,"margin":56.1,"avg_discount":20.4},{"deal_name":"Cake Disposables - 2 for $70","times_used":76,"units":152.0,"revenue":6650.0,"discounts":2470.0,"cost":3351.25,"profit":3298.75,"pre_discount_revenue":9120.0,"margin":49.6,"avg_discount":54.2},{"deal_name":"Cake / Optimum LR Vapes 2 for $70","times_used":72,"units":122.0,"revenue":5285.0,"discounts":2035.0,"cost":2686.25,"profit":2598.75,"pre_discount_revenue":7320.0,"margin":49.2,"avg_discount":55.6},{"deal_name":"Senior / Veterans - 20% Off","times_used":60,"units":67.0,"revenue":3184.7501254081726,"discounts":835.2500295639038,"cost":1509.4249999988824,"profit":1675.3249675035477,"pre_discount_revenue":4020.0,"margin":52.6,"avg_discount":41.6},{"deal_name":"30% Off Special","times_used":54,"units":54.0,"revenue":2262.749900817871,"discounts":969.7499752044678,"cost":1268.75,"profit":994.0000247955322,"pre_discount_revenue":3232.5,"margin":43.9,"avg_discount":60.0},{"deal_name":"LVAC - 25% Off","times_used":50,"units":52.0,"revenue":2340.0,"discounts":780.0,"cost":1172.5249999994412,"profit":1167.475004196167,"pre_discount_revenue":3120.0,"margin":49.9,"avg_discount":50.0},{"deal_name":"Employee - 40% OFF","times_used":48,"units":54.0,"revenue":1846.6249525547028,"discounts":1393.3750438690186,"cost":1155.0749999983236,"profit":691.5500175952911,"pre_discount_revenue":3240.0,"margin":37.4,"avg_discount":86.0},{"deal_name":"Employee 30% - NOT FRIDAYS","times_used":32,"units":34.0,"revenue":1427.9999351501465,"discounts":611.9999837875366,"cost":743.7999999988824,"profit":684.2000150680542,"pre_discount_revenue":2040.0,"margin":47.9,"avg_discount":60.0},{"deal_name":"Store Credit - $25","times_used":24,"units":22.0,"revenue":823.6375045776367,"discounts":496.3624978065491,"cost":481.25,"profit":342.38750249147415,"pre_discount_revenue":1320.0,"margin":41.6,"avg_discount":75.2},{"deal_name":"Store Credit - $15","times_used":20,"units":15.0,"revenue":643.5000014305115,"discounts":256.4999985694885,"cost":328.125,"profit":315.3750014305115,"pre_discount_revenue":900.0,"margin":49.0,"avg_discount":57.0},{"deal_name":"Medical - 10%","times_used":10,"units":10.0,"revenue":540.0000095367432,"discounts":60.00000238418579,"cost":227.5,"profit":312.50000953674316,"pre_discount_revenue":600.0,"margin":57.9,"avg_discount":20.0},{"deal_name":"Sammy Davis Early Bird - 15% Off","times_used":10,"units":10.0,"revenue":509.99999046325684,"discounts":89.99999761581421,"cost":218.75,"profit":291.24999046325684,"pre_discount_revenue":600.0,"margin":57.1,"avg_discount":30.0},{"deal_name":"First Friday May - Srene / Sauce / Cake","times_used":6,"units":6.0,"revenue":251.9999885559082,"discounts":107.99999713897705,"cost":157.5,"profit":94.50000286102295,"pre_discount_revenue":360.0,"margin":37.5,"avg_discount":60.0},{"deal_name":"Cake / Optimum LR Vapes 2 for $72","times_used":4,"units":8.0,"revenue":360.0,"discounts":120.0,"cost":175.0,"profit":185.0,"pre_discount_revenue":480.0,"margin":51.4,"avg_discount":50.0},{"deal_name":"Store Credit - $100","times_used":4,"units":2.0,"revenue":39.66249942779541,"discounts":80.3374981880188,"cost":43.75,"profit":-4.087499901652336,"pre_discount_revenue":120.0,"margin":-10.3,"avg_discount":133.8},{"deal_name":"Store Credit - $50","times_used":4,"units":4.0,"revenue":108.33750009536743,"discounts":131.66249990463257,"cost":87.5,"profit":20.83749994635582,"pre_discount_revenue":240.0,"margin":19.2,"avg_discount":109.8},{"deal_name":"Main St Happy Hour - 25% Off","times_used":2,"units":2.0,"revenue":90.0,"discounts":30.0,"cost":43.75,"profit":46.25,"pre_discount_revenue":120.0,"margin":51.4,"avg_discount":50.0},{"deal_name":"Store Credit - $150","times_used":2,"units":1.0,"revenue":7.124999761581421,"discounts":52.874999046325684,"cost":21.875,"profit":-14.750000238418579,"pre_discount_revenue":60.0,"margin":-207.0,"avg_discount":176.2},{"deal_name":"Store Credit - $75","times_used":2,"units":2.0,"revenue":20.0,"discounts":100.0,"cost":43.75,"profit":-23.75,"pre_discount_revenue":120.0,"margin":-118.8,"avg_discount":166.6}],"top_products":[{"product":"ALIEN LEMONADE DISPOSABLE VAPE - CAKE","units":3984,"revenue":186872.1484375,"cost":89505.498046875,"profit":97366.650390625,"transactions":3686,"margin":52.099998474121094},{"product":"PINK GUAVA DISPOSABLE VAPE - CAKE","units":2748,"revenue":127132.978515625,"cost":61189.7265625,"profit":65943.251953125,"transactions":2580,"margin":51.900001525878906},{"product":"PINEAPPLE PARADISE DISPOSABLE VAPE - CAKE","units":2016,"revenue":91983.30078125,"cost":45317.1240234375,"profit":46666.1767578125,"transactions":1946,"margin":50.70000076293945},{"product":"BLUEBERRY DREAM DISPOSABLE VAPE - CAKE","units":1838,"revenue":83492.0703125,"cost":41449.4482421875,"profit":42042.626953125,"transactions":1756,"margin":50.400001525878906},{"product":"RAINBOW BELTS DISPOSABLE VAPE - CAKE","units":1284,"revenue":59912.421875,"cost":28840.6494140625,"profit":31071.77490234375,"transactions":1230,"margin":51.900001525878906},{"product":"PINK ACAI KUSH DISPOSABLE VAPE - CAKE","units":1136,"revenue":51291.8505859375,"cost":25865.849609375,"profit":25426.0009765625,"transactions":1094,"margin":49.599998474121094},{"product":"WILD CHERRY ZKITTLEZ DISPOSABLE VAPE - CAKE","units":1110,"revenue":50689.3505859375,"cost":25393.44970703125,"profit":25295.90087890625,"transactions":1068,"margin":49.900001525878906},{"product":"PASSION ORANGE GUAVA DISPOSABLE VAPE - CAKE","units":634,"revenue":30395.80078125,"cost":14070.400390625,"profit":16325.400390625,"transactions":600,"margin":53.70000076293945},{"product":"PINK PANTY DROPPER DISPOSABLE VAPE - CAKE","units":334,"revenue":15683.499755859375,"cost":7822.9498291015625,"profit":7860.5499267578125,"transactions":328,"margin":50.099998474121094},{"product":"XTASY KUSH DISPOSABLE VAPE - CAKE","units":288,"revenue":12487.750244140625,"cost":6623.8250732421875,"profit":5863.9251708984375,"transactions":280,"margin":47.0},{"product":"XSTASY KUSH DISPOSABLE VAPE - CAKE","units":250,"revenue":11297.0751953125,"cost":5468.75,"profit":5828.3251953125,"transactions":234,"margin":51.599998474121094},{"product":"MAUI WOWIE DISPOSABLE VAPE - CAKE","units":262,"revenue":10938.00048828125,"cost":6562.650146484375,"profit":4375.350036621094,"transactions":240,"margin":40.0},{"product":"WATERMELON OG DISPOSABLE VAPE - CAKE","units":204,"revenue":10197.249755859375,"cost":5040.150146484375,"profit":5157.1002197265625,"transactions":186,"margin":50.599998474121094},{"product":"SPACE CAKE DISPOSABLE VAPE - CAKE","units":202,"revenue":9725.999755859375,"cost":4987.650146484375,"profit":4738.3502197265625,"transactions":190,"margin":48.70000076293945},{"product":"BLUE RAZZ OG DISPOSABLE VAPE - CAKE","units":214,"revenue":8862.000122070312,"cost":5302.650146484375,"profit":3559.3499755859375,"transactions":210,"margin":40.20000076293945},{"product":"STRAWBERRY MANGO DISPOSABLE VAPE - CAKE","units":110,"revenue":4885.249938964844,"cost":2572.650146484375,"profit":2312.60009765625,"transactions":104,"margin":47.29999923706055},{"product":"WHITE RASPBERRY DISPOSABLE VAPE - CAKE","units":110,"revenue":4875.4998779296875,"cost":2572.650146484375,"profit":2302.8500366210938,"transactions":102,"margin":47.20000076293945},{"product":"RAINBOW BELTZ DISPOSABLE VAPE - CAKE","units":62,"revenue":2596.4999389648438,"cost":1356.25,"profit":1240.250015258789,"transactions":60,"margin":47.79999923706055}],"products_by_store":{"Elevation Springs":[{"product":"ALIEN LEMONADE DISPOSABLE VAPE - CAKE","units":756,"revenue":36093.24951171875,"cost":16914.150390625,"profit":19179.100341796875,"transactions":726,"margin":53.099998474121094},{"product":"PINK GUAVA DISPOSABLE VAPE - CAKE","units":750,"revenue":34100.2001953125,"cost":16817.874755859375,"profit":17282.325439453125,"transactions":700,"margin":50.70000076293945},{"product":"PINEAPPLE PARADISE DISPOSABLE VAPE - CAKE","units":600,"revenue":27475.34912109375,"cost":13580.350341796875,"profit":13895.0,"transactions":580,"margin":50.599998474121094},{"product":"BLUEBERRY DREAM DISPOSABLE VAPE - CAKE","units":488,"revenue":21901.57470703125,"cost":10876.624755859375,"profit":11024.949951171875,"transactions":470,"margin":50.29999923706055},{"product":"WILD CHERRY ZKITTLEZ DISPOSABLE VAPE - CAKE","units":316,"revenue":14363.75,"cost":7332.750244140625,"profit":7031.0003662109375,"transactions":306,"margin":48.900001525878906},{"product":"PINK ACAI KUSH DISPOSABLE VAPE - CAKE","units":294,"revenue":12880.350341796875,"cost":6763.900146484375,"profit":6116.4501953125,"transactions":284,"margin":47.5},{"product":"RAINBOW BELTS DISPOSABLE VAPE - CAKE","units":274,"revenue":12435.74951171875,"cost":6125.150146484375,"profit":6310.5999755859375,"transactions":260,"margin":50.70000076293945},{"product":"PASSION ORANGE GUAVA DISPOSABLE VAPE - CAKE","units":210,"revenue":10243.299560546875,"cost":4593.8751220703125,"profit":5649.425048828125,"transactions":192,"margin":55.20000076293945},{"product":"XSTASY KUSH DISPOSABLE VAPE - CAKE","units":100,"revenue":4730.874938964844,"cost":2187.5,"profit":2543.3749389648438,"transactions":96,"margin":53.79999923706055},{"product":"PINK PANTY DROPPER DISPOSABLE VAPE - CAKE","units":54,"revenue":1860.0,"cost":1260.0749969482422,"profit":599.9250030517578,"transactions":50,"margin":32.29999923706055},{"product":"RAINBOW BELTZ DISPOSABLE VAPE - CAKE","units":28,"revenue":1171.4999389648438,"cost":612.5,"profit":559.0000152587891,"transactions":28,"margin":47.70000076293945},{"product":"XTASY KUSH DISPOSABLE VAPE - CAKE","units":18,"revenue":885.7499694824219,"cost":393.75,"profit":492.00000762939453,"transactions":18,"margin":55.5}],"Elevation Mesa":[{"product":"ALIEN LEMONADE DISPOSABLE VAPE - CAKE","units":688,"revenue":29768.85009765625,"cost":15645.52490234375,"profit":14123.3251953125,"transactions":616,"margin":47.400001525878906},{"product":"BLUEBERRY DREAM DISPOSABLE VAPE - CAKE","units":350,"revenue":15142.60009765625,"cost":8006.400146484375,"profit":7136.199951171875,"transactions":348,"margin":47.099998474121094},{"product":"PINK GUAVA DISPOSABLE VAPE - CAKE","units":314,"revenue":14207.249755859375,"cost":7035.150146484375,"profit":7172.1002197265625,"transactions":302,"margin":50.5},{"product":"PINK ACAI KUSH DISPOSABLE VAPE - CAKE","units":320,"revenue":13902.249755859375,"cost":7280.32470703125,"profit":6621.925048828125,"transactions":310,"margin":47.599998474121094},{"product":"PINEAPPLE PARADISE DISPOSABLE VAPE - CAKE","units":266,"revenue":11480.499267578125,"cost":6098.8250732421875,"profit":5381.6748046875,"transactions":260,"margin":46.900001525878906},{"product":"RAINBOW BELTS DISPOSABLE VAPE - CAKE","units":200,"revenue":9056.25,"cost":4663.8250732421875,"profit":4392.4249267578125,"transactions":192,"margin":48.5},{"product":"WILD CHERRY ZKITTLEZ DISPOSABLE VAPE - CAKE","units":156,"revenue":7050.7501220703125,"cost":3613.8751220703125,"profit":3436.875,"transactions":154,"margin":48.70000076293945},{"product":"PASSION ORANGE GUAVA DISPOSABLE VAPE - CAKE","units":104,"revenue":4669.749755859375,"cost":2362.5750732421875,"profit":2307.1749877929688,"transactions":102,"margin":49.400001525878906},{"product":"PINK PANTY DROPPER DISPOSABLE VAPE - CAKE","units":56,"revenue":2663.9999389648438,"cost":1312.5750732421875,"profit":1351.4250183105469,"transactions":56,"margin":50.70000076293945},{"product":"SPACE CAKE DISPOSABLE VAPE - CAKE","units":56,"revenue":2483.9999389648438,"cost":1312.5750732421875,"profit":1171.4250183105469,"transactions":54,"margin":47.20000076293945},{"product":"XTASY KUSH DISPOSABLE VAPE - CAKE","units":12,"revenue":549.7499847412109,"cost":262.5,"profit":287.25000381469727,"transactions":12,"margin":52.29999923706055}],"Elevation Oasis":[{"product":"ALIEN LEMONADE DISPOSABLE VAPE - CAKE","units":1178,"revenue":55941.97265625,"cost":26407.8759765625,"profit":29534.09912109375,"transactions":1068,"margin":52.79999923706055},{"product":"PINK GUAVA DISPOSABLE VAPE - CAKE","units":628,"revenue":29441.07421875,"cost":13737.62451171875,"profit":15703.44970703125,"transactions":574,"margin":53.29999923706055},{"product":"PINEAPPLE PARADISE DISPOSABLE VAPE - CAKE","units":440,"revenue":20270.0,"cost":9660.10009765625,"profit":10609.89990234375,"transactions":418,"margin":52.29999923706055},{"product":"RAINBOW BELTS DISPOSABLE VAPE - CAKE","units":408,"revenue":19770.74951171875,"cost":8968.85009765625,"profit":10801.8994140625,"transactions":382,"margin":54.599998474121094},{"product":"BLUEBERRY DREAM DISPOSABLE VAPE - CAKE","units":372,"revenue":17899.974365234375,"cost":8225.050048828125,"profit":9674.924926757812,"transactions":332,"margin":54.0},{"product":"WILD CHERRY ZKITTLEZ DISPOSABLE VAPE - CAKE","units":200,"revenue":9712.750244140625,"cost":4375.0,"profit":5337.750244140625,"transactions":186,"margin":55.0},{"product":"WATERMELON OG DISPOSABLE VAPE - CAKE","units":148,"revenue":7947.249755859375,"cost":3727.5750732421875,"profit":4219.674987792969,"transactions":132,"margin":53.099998474121094},{"product":"PINK ACAI KUSH DISPOSABLE VAPE - CAKE","units":160,"revenue":7524.2498779296875,"cost":3500.1251220703125,"profit":4024.1250610351562,"transactions":154,"margin":53.5},{"product":"SPACE CAKE DISPOSABLE VAPE - CAKE","units":146,"revenue":7242.0001220703125,"cost":3675.0750732421875,"profit":3566.925048828125,"transactions":136,"margin":49.29999923706055},{"product":"BLUE RAZZ OG DISPOSABLE VAPE - CAKE","units":156,"revenue":6395.999755859375,"cost":3937.5750732421875,"profit":2458.4249877929688,"transactions":152,"margin":38.400001525878906},{"product":"MAUI WOWIE DISPOSABLE VAPE - CAKE","units":156,"revenue":6192.0001220703125,"cost":3937.5750732421875,"profit":2254.425048828125,"transactions":138,"margin":36.400001525878906},{"product":"PASSION ORANGE GUAVA DISPOSABLE VAPE - CAKE","units":100,"revenue":4707.9998779296875,"cost":2187.5,"profit":2520.500030517578,"transactions":98,"margin":53.5},{"product":"XTASY KUSH DISPOSABLE VAPE - CAKE","units":98,"revenue":4530.7501220703125,"cost":2143.75,"profit":2386.999969482422,"transactions":96,"margin":52.70000076293945},{"product":"PINK PANTY DROPPER DISPOSABLE VAPE - CAKE","units":56,"revenue":3012.0001220703125,"cost":1312.5750732421875,"profit":1699.425048828125,"transactions":56,"margin":56.400001525878906}],"Elevation Downtown":[{"product":"ALIEN LEMONADE DISPOSABLE VAPE - CAKE","units":184,"revenue":9106.500244140625,"cost":4270.0,"profit":4836.499938964844,"transactions":174,"margin":53.099998474121094},{"product":"PINK GUAVA DISPOSABLE VAPE - CAKE","units":98,"revenue":4735.249938964844,"cost":2310.0,"profit":2425.2499389648438,"transactions":92,"margin":51.20000076293945},{"product":"PINEAPPLE PARADISE DISPOSABLE VAPE - CAKE","units":90,"revenue":4223.75,"cost":2187.5,"profit":2036.25,"transactions":82,"margin":48.20000076293945},{"product":"BLUEBERRY DREAM DISPOSABLE VAPE - CAKE","units":82,"revenue":4052.5,"cost":1855.0,"profit":2197.5,"transactions":76,"margin":54.20000076293945},{"product":"RAINBOW BELTS DISPOSABLE VAPE - CAKE","units":34,"revenue":1528.5000610351562,"cost":743.75,"profit":784.7499847412109,"transactions":34,"margin":51.29999923706055}],"Elevation Midtown":[{"product":"ALIEN LEMONADE DISPOSABLE VAPE - CAKE","units":644,"revenue":30021.75048828125,"cost":14358.9501953125,"profit":15662.80029296875,"transactions":608,"margin":52.20000076293945},{"product":"PINK GUAVA DISPOSABLE VAPE - CAKE","units":402,"revenue":18784.67529296875,"cost":9056.35009765625,"profit":9728.3251953125,"transactions":376,"margin":51.79999923706055},{"product":"PINEAPPLE PARADISE DISPOSABLE VAPE - CAKE","units":306,"revenue":14105.30029296875,"cost":6956.35009765625,"profit":7148.9501953125,"transactions":302,"margin":50.70000076293945},{"product":"BLUEBERRY DREAM DISPOSABLE VAPE - CAKE","units":296,"revenue":13438.85009765625,"cost":6868.7750244140625,"profit":6570.0750732421875,"transactions":284,"margin":48.900001525878906},{"product":"PINK ACAI KUSH DISPOSABLE VAPE - CAKE","units":206,"revenue":9924.000244140625,"cost":4707.6251220703125,"profit":5216.3751220703125,"transactions":196,"margin":52.599998474121094},{"product":"RAINBOW BELTS DISPOSABLE VAPE - CAKE","units":202,"revenue":9635.4248046875,"cost":4462.699890136719,"profit":5172.7252197265625,"transactions":196,"margin":53.70000076293945},{"product":"WILD CHERRY ZKITTLEZ DISPOSABLE VAPE - CAKE","units":208,"revenue":9154.7998046875,"cost":4873.924865722656,"profit":4280.874938964844,"transactions":194,"margin":46.79999923706055},{"product":"MAUI WOWIE DISPOSABLE VAPE - CAKE","units":106,"revenue":4746.000061035156,"cost":2625.0750732421875,"profit":2120.9249877929688,"transactions":102,"margin":44.70000076293945},{"product":"XSTASY KUSH DISPOSABLE VAPE - CAKE","units":100,"revenue":4574.150085449219,"cost":2187.5,"profit":2386.649932861328,"transactions":94,"margin":52.20000076293945},{"product":"PINK PANTY DROPPER DISPOSABLE VAPE - CAKE","units":56,"revenue":2976.0000610351562,"cost":1312.5750732421875,"profit":1663.4249877929688,"transactions":54,"margin":55.900001525878906},{"product":"WHITE RASPBERRY DISPOSABLE VAPE - CAKE","units":56,"revenue":2256.0000610351562,"cost":1312.5750732421875,"profit":943.4249877929688,"transactions":50,"margin":41.79999923706055},{"product":"PASSION ORANGE GUAVA DISPOSABLE VAPE - CAKE","units":48,"revenue":2242.2500610351562,"cost":1050.0,"profit":1192.249984741211,"transactions":46,"margin":53.20000076293945}],"Elevation Boulevard":[{"product":"ALIEN LEMONADE DISPOSABLE VAPE - CAKE","units":318,"revenue":15005.074462890625,"cost":7315.050048828125,"profit":7690.0250244140625,"transactions":286,"margin":51.20000076293945},{"product":"PINK GUAVA DISPOSABLE VAPE - CAKE","units":256,"revenue":10926.25,"cost":5722.550048828125,"profit":5203.699951171875,"transactions":244,"margin":47.599998474121094},{"product":"PINEAPPLE PARADISE DISPOSABLE VAPE - CAKE","units":186,"revenue":8336.624755859375,"cost":4165.050048828125,"profit":4171.575012207031,"transactions":178,"margin":50.0},{"product":"BLUEBERRY DREAM DISPOSABLE VAPE - CAKE","units":156,"revenue":6928.074951171875,"cost":3535.050048828125,"profit":3393.02490234375,"transactions":154,"margin":49.0},{"product":"WILD CHERRY ZKITTLEZ DISPOSABLE VAPE - CAKE","units":114,"revenue":4994.049987792969,"cost":2572.6998901367188,"profit":2421.3499450683594,"transactions":114,"margin":48.5},{"product":"PINK ACAI KUSH DISPOSABLE VAPE - CAKE","units":102,"revenue":4516.999816894531,"cost":2301.3250732421875,"profit":2215.675048828125,"transactions":96,"margin":49.099998474121094},{"product":"PASSION ORANGE GUAVA DISPOSABLE VAPE - CAKE","units":66,"revenue":3004.749755859375,"cost":1470.1249694824219,"profit":1534.6250915527344,"transactions":58,"margin":51.099998474121094},{"product":"WHITE RASPBERRY DISPOSABLE VAPE - CAKE","units":54,"revenue":2619.4998168945312,"cost":1260.0749969482422,"profit":1359.425048828125,"transactions":52,"margin":51.900001525878906},{"product":"PINK PANTY DROPPER DISPOSABLE VAPE - CAKE","units":56,"revenue":2471.999969482422,"cost":1312.5750732421875,"profit":1159.425048828125,"transactions":56,"margin":46.900001525878906},{"product":"RAINBOW BELTS DISPOSABLE VAPE - CAKE","units":58,"revenue":2451.7498779296875,"cost":1522.5,"profit":929.2500305175781,"transactions":58,"margin":37.900001525878906},{"product":"XTASY KUSH DISPOSABLE VAPE - CAKE","units":58,"revenue":2448.75,"cost":1513.75,"profit":935.0,"transactions":56,"margin":38.20000076293945},{"product":"WATERMELON OG DISPOSABLE VAPE - CAKE","units":56,"revenue":2250.0,"cost":1312.5750732421875,"profit":937.4250030517578,"transactions":54,"margin":41.70000076293945},{"product":"XSTASY KUSH DISPOSABLE VAPE - CAKE","units":50,"revenue":1992.0500183105469,"cost":1093.75,"profit":898.3000183105469,"transactions":44,"margin":45.099998474121094},{"product":"STRAWBERRY MANGO DISPOSABLE VAPE - CAKE","units":54,"revenue":1783.2499694824219,"cost":1260.0749969482422,"profit":523.1750106811523,"transactions":48,"margin":29.299999237060547},{"product":"RAINBOW BELTZ DISPOSABLE VAPE - CAKE","units":34,"revenue":1425.0,"cost":743.75,"profit":681.25,"transactions":32,"margin":47.79999923706055}],"Elevation Parkway":[{"product":"PINK GUAVA DISPOSABLE VAPE - CAKE","units":300,"revenue":14938.275146484375,"cost":6510.1751708984375,"profit":8428.099975585938,"transactions":292,"margin":56.400001525878906},{"product":"ALIEN LEMONADE DISPOSABLE VAPE - CAKE","units":216,"revenue":10934.749755859375,"cost":4593.949890136719,"profit":6340.8001708984375,"transactions":208,"margin":58.0},{"product":"PINEAPPLE PARADISE DISPOSABLE VAPE - CAKE","units":128,"revenue":6091.77490234375,"cost":2668.9498901367188,"profit":3422.8250122070312,"transactions":126,"margin":56.20000076293945},{"product":"PASSION ORANGE GUAVA DISPOSABLE VAPE - CAKE","units":106,"revenue":5527.750244140625,"cost":2406.3250732421875,"profit":3121.4248657226562,"transactions":104,"margin":56.5},{"product":"WILD CHERRY ZKITTLEZ DISPOSABLE VAPE - CAKE","units":116,"revenue":5413.2501220703125,"cost":2625.1998901367188,"profit":2788.0499267578125,"transactions":114,"margin":51.5},{"product":"RAINBOW BELTS DISPOSABLE VAPE - CAKE","units":108,"revenue":5033.999938964844,"cost":2353.874969482422,"profit":2680.1251220703125,"transactions":108,"margin":53.20000076293945},{"product":"BLUEBERRY DREAM DISPOSABLE VAPE - CAKE","units":94,"revenue":4128.500061035156,"cost":2082.550048828125,"profit":2045.9500122070312,"transactions":92,"margin":49.599998474121094},{"product":"XTASY KUSH DISPOSABLE VAPE - CAKE","units":102,"revenue":4072.7499389648438,"cost":2310.0750732421875,"profit":1762.6750183105469,"transactions":98,"margin":43.29999923706055},{"product":"STRAWBERRY MANGO DISPOSABLE VAPE - CAKE","units":56,"revenue":3102.0001220703125,"cost":1312.5750732421875,"profit":1789.425048828125,"transactions":56,"margin":57.70000076293945},{"product":"PINK PANTY DROPPER DISPOSABLE VAPE - CAKE","units":56,"revenue":2699.4998168945312,"cost":1312.5750732421875,"profit":1386.925048828125,"transactions":56,"margin":51.400001525878906},{"product":"PINK ACAI KUSH DISPOSABLE VAPE - CAKE","units":54,"revenue":2543.9999389648438,"cost":1312.550048828125,"profit":1231.4500427246094,"transactions":54,"margin":48.400001525878906},{"product":"BLUE RAZZ OG DISPOSABLE VAPE - CAKE","units":58,"revenue":2465.9999084472656,"cost":1365.0750732421875,"profit":1100.9249877929688,"transactions":58,"margin":44.599998474121094}]},"store_summary":[{"store_clean":"Elevation Oasis","units":4246,"revenue":200588.76953125,"cost":95796.25,"profit":104792.529296875,"discounts":54171.2255859375,"margin":52.20000076293945,"discount_rate":21.299999237060547},{"store_clean":"Elevation Springs","units":3888,"revenue":178141.640625,"cost":87458.49609375,"profit":90683.154296875,"discounts":55138.349609375,"margin":50.900001525878906,"discount_rate":23.600000381469727},{"store_clean":"Elevation Midtown","units":2630,"revenue":121859.19921875,"cost":59772.40234375,"profit":62086.8017578125,"discounts":35940.80078125,"margin":50.900001525878906,"discount_rate":22.799999237060547},{"store_clean":"Elevation Mesa","units":2522,"revenue":110975.947265625,"cost":57594.150390625,"profit":53381.8017578125,"discounts":40344.05029296875,"margin":48.099998474121094,"discount_rate":26.700000762939453},{"store_clean":"Elevation Boulevard","units":1618,"revenue":71154.12109375,"cost":37100.90087890625,"profit":34053.22509765625,"discounts":25925.8740234375,"margin":47.900001525878906,"discount_rate":26.700000762939453},{"store_clean":"Elevation Parkway","units":1394,"revenue":66952.548828125,"cost":30853.87451171875,"profit":36098.67431640625,"discounts":16477.449951171875,"margin":53.900001525878906,"discount_rate":19.799999237060547},{"store_clean":"Elevation Downtown","units":488,"revenue":23646.4990234375,"cost":11366.25,"profit":12280.250244140625,"discounts":5633.499755859375,"margin":51.900001525878906,"discount_rate":19.200000762939453}],"recommendations":[{"severity":"info","title":"VOLUME LEVERAGE","detail":"$309,328 revenue provides negotiating leverage.","action":"Use volume as leverage in next vendor meeting."}],"comparison":null}