{"brand":"DADIRRI","date_range":"2024-01-01 00:00:00 to 2026-01-31 00:00:00","period_label":"All Time","summary":{"total_units":13178,"total_revenue":333616.640625,"total_cost":169998.75,"total_discounts":68588.349609375,"total_profit":163617.91015625,"overall_margin":49.0,"fp_margin":57.900001525878906,"disc_margin":39.0,"pct_full_price":53.20000076293945,"avg_discount_rate":17.100000381469727,"fp_revenue":177597.5,"disc_revenue":156019.150390625,"brand":"DADIRRI","date_range":"2024-01-01 00:00:00 to 2026-01-31 00:00:00","primary_category":"INFUSED PRE ROLL","store_coverage":"6/7","stores_present":["Elevation Springs","Elevation Mesa","Elevation Oasis","Elevation Midtown","Elevation Boulevard","Elevation Parkway"],"stores_missing":["Elevation Downtown"],"velocity_rank":10,"velocity_total":25},"distribution":[{"store":"Elevation Springs","carries_brand":true,"sku_count":72,"revenue":73094.951171875,"units":3198,"store_total_revenue":51138750.0,"brand_share_pct":0.10000000149011612},{"store":"Elevation Mesa","carries_brand":true,"sku_count":72,"revenue":52421.62109375,"units":2126,"store_total_revenue":47532240.0,"brand_share_pct":0.10000000149011612},{"store":"Elevation Oasis","carries_brand":true,"sku_count":50,"revenue":49530.546875,"units":1608,"store_total_revenue":56050145.0,"brand_share_pct":0.10000000149011612},{"store":"Elevation Downtown","carries_brand":false,"sku_count":0,"revenue":0.0,"units":0,"store_total_revenue":1945237.1875,"brand_share_pct":0},{"store":"Elevation Midtown","carries_brand":true,"sku_count":74,"revenue":69291.826171875,"units":2612,"store_total_revenue":30850185.0,"brand_share_pct":0.20000000298023224},{"store":"Elevation Boulevard","carries_brand":true,"sku_count":60,"revenue":41009.8779296875,"units":1638,"store_total_revenue":28757865.0,"brand_share_pct":0.10000000149011612},{"store":"Elevation Parkway","carries_brand":true,"sku_count":68,"revenue":48267.8271484375,"units":1996,"store_total_revenue":21987007.5,"brand_share_pct":0.20000000298023224}],"share_of_category":[{"category":"INFUSED PRE ROLL","brand_revenue":176815.8203125,"category_revenue":10308101.25,"revenue_share_pct":1.7000000476837158,"brand_units":9564,"category_units":488074,"units_share_pct":2.0},{"category":"CONCENTRATE","brand_revenue":111544.04296875,"category_revenue":7866357.5,"revenue_share_pct":1.399999976158142,"brand_units":2340,"category_units":316632,"units_share_pct":0.7},{"category":"INFUSED FLOWER","brand_revenue":45007.7734375,"category_revenue":515348.203125,"revenue_share_pct":8.699999809265137,"brand_units":1260,"category_units":15824,"units_share_pct":8.0},{"category":"TESTER","brand_revenue":161.49999618530273,"category_revenue":5668.800048828125,"revenue_share_pct":2.799999952316284,"brand_units":12,"category_units":186,"units_share_pct":6.5},{"category":"INFUS","brand_revenue":87.5,"category_revenue":87.5,"revenue_share_pct":100.0,"brand_units":2,"category_units":2,"units_share_pct":100.0}],"share_of_category_trend":{"INFUSED PRE ROLL":[{"period":"2024-01","brand_revenue":24935.30029296875,"category_revenue":410907.8515625,"share_pct":6.099999904632568},{"period":"2024-02","brand_revenue":19267.249755859375,"category_revenue":458711.484375,"share_pct":4.199999809265137},{"period":"2024-03","brand_revenue":18666.95068359375,"category_revenue":427464.375,"share_pct":4.400000095367432},{"period":"2024-04","brand_revenue":19172.62451171875,"category_revenue":428699.9609375,"share_pct":4.5},{"period":"2024-05","brand_revenue":22142.97607421875,"category_revenue":501098.3203125,"share_pct":4.400000095367432},{"period":"2024-06","brand_revenue":16514.200439453125,"category_revenue":477320.78125,"share_pct":3.5},{"period":"2024-07","brand_revenue":20842.1240234375,"category_revenue":479382.109375,"share_pct":4.300000190734863},{"period":"2024-08","brand_revenue":16548.5498046875,"category_revenue":474359.1015625,"share_pct":3.5},{"period":"2024-09","brand_revenue":8476.925048828125,"category_revenue":424280.1171875,"share_pct":2.0},{"period":"2024-10","brand_revenue":3832.0498657226562,"category_revenue":470840.6640625,"share_pct":0.800000011920929},{"period":"2024-11","brand_revenue":2253.000030517578,"category_revenue":424285.1171875,"share_pct":0.5},{"period":"2024-12","brand_revenue":553.75,"category_revenue":432093.1640625,"share_pct":0.10000000149011612},{"period":"2025-01","brand_revenue":520.0,"category_revenue":358002.890625,"share_pct":0.10000000149011612},{"period":"2025-02","brand_revenue":773.5000610351562,"category_revenue":325080.17578125,"share_pct":0.20000000298023224},{"period":"2025-03","brand_revenue":0.0,"category_revenue":347380.078125,"share_pct":0.0},{"period":"2025-04","brand_revenue":585.1250076293945,"category_revenue":401341.40625,"share_pct":0.10000000149011612},{"period":"2025-05","brand_revenue":452.75001525878906,"category_revenue":378076.09375,"share_pct":0.10000000149011612},{"period":"2025-06","brand_revenue":1194.749984741211,"category_revenue":354019.6484375,"share_pct":0.30000001192092896},{"period":"2025-07","brand_revenue":62.99999713897705,"category_revenue":416008.203125,"share_pct":0.0},{"period":"2025-08","brand_revenue":20.999999046325684,"category_revenue":425283.28125,"share_pct":0.0},{"period":"2025-09","brand_revenue":0.0,"category_revenue":378313.75,"share_pct":0.0},{"period":"2025-10","brand_revenue":0.0,"category_revenue":389168.3203125,"share_pct":0.0},{"period":"2025-11","brand_revenue":0.0,"category_revenue":390541.3671875,"share_pct":0.0},{"period":"2025-12","brand_revenue":0.0,"category_revenue":392812.34375,"share_pct":0.0},{"period":"2026-01","brand_revenue":0.0,"category_revenue":342630.7421875,"share_pct":0.0}],"CONCENTRATE":[{"period":"2024-01","brand_revenue":7427.0001220703125,"category_revenue":351129.609375,"share_pct":2.0999999046325684},{"period":"2024-02","brand_revenue":15189.124755859375,"category_revenue":371224.4921875,"share_pct":4.099999904632568},{"period":"2024-03","brand_revenue":12920.74951171875,"category_revenue":375964.296875,"share_pct":3.4000000953674316},{"period":"2024-04","brand_revenue":13660.625,"category_revenue":352745.859375,"share_pct":3.9000000953674316},{"period":"2024-05","brand_revenue":14833.9501953125,"category_revenue":346027.5,"share_pct":4.300000190734863},{"period":"2024-06","brand_revenue":12184.25048828125,"category_revenue":310723.3984375,"share_pct":3.9000000953674316},{"period":"2024-07","brand_revenue":12846.099853515625,"category_revenue":336220.078125,"share_pct":3.799999952316284},{"period":"2024-08","brand_revenue":11590.250244140625,"category_revenue":324004.04296875,"share_pct":3.5999999046325684},{"period":"2024-09","brand_revenue":6705.0,"category_revenue":326834.1796875,"share_pct":2.0999999046325684},{"period":"2024-10","brand_revenue":2367.2500610351562,"category_revenue":324500.859375,"share_pct":0.699999988079071},{"period":"2024-11","brand_revenue":930.9999847412109,"category_revenue":351240.0390625,"share_pct":0.30000001192092896},{"period":"2024-12","brand_revenue":605.4999923706055,"category_revenue":324145.4296875,"share_pct":0.20000000298023224},{"period":"2025-01","brand_revenue":283.25000762939453,"category_revenue":325749.19921875,"share_pct":0.10000000149011612},{"period":"2025-02","brand_revenue":0.0,"category_revenue":300499.0234375,"share_pct":0.0},{"period":"2025-03","brand_revenue":0.0,"category_revenue":298171.5234375,"share_pct":0.0},{"period":"2025-04","brand_revenue":0.0,"category_revenue":343355.625,"share_pct":0.0},{"period":"2025-05","brand_revenue":0.0,"category_revenue":288836.62109375,"share_pct":0.0},{"period":"2025-06","brand_revenue":0.0,"category_revenue":280928.33984375,"share_pct":0.0},{"period":"2025-07","brand_revenue":0.0,"category_revenue":283604.1796875,"share_pct":0.0},{"period":"2025-08","brand_revenue":0.0,"category_revenue":274773.76953125,"share_pct":0.0},{"period":"2025-09","brand_revenue":0.0,"category_revenue":264599.19921875,"share_pct":0.0},{"period":"2025-10","brand_revenue":0.0,"category_revenue":277515.46875,"share_pct":0.0},{"period":"2025-11","brand_revenue":0.0,"category_revenue":295773.3203125,"share_pct":0.0},{"period":"2025-12","brand_revenue":0.0,"category_revenue":267042.05078125,"share_pct":0.0},{"period":"2026-01","brand_revenue":0.0,"category_revenue":270749.70703125,"share_pct":0.0}],"INFUSED FLOWER":[{"period":"2024-01","brand_revenue":586.25,"category_revenue":6570.250244140625,"share_pct":8.899999618530273},{"period":"2024-02","brand_revenue":3119.8748779296875,"category_revenue":18343.62548828125,"share_pct":17.0},{"period":"2024-03","brand_revenue":6584.4000244140625,"category_revenue":31018.3251953125,"share_pct":21.200000762939453},{"period":"2024-04","brand_revenue":6072.5,"category_revenue":31596.826171875,"share_pct":19.200000762939453},{"period":"2024-05","brand_revenue":6190.0,"category_revenue":21558.80126953125,"share_pct":28.700000762939453},{"period":"2024-06","brand_revenue":6852.3748779296875,"category_revenue":24545.30029296875,"share_pct":27.899999618530273},{"period":"2024-07","brand_revenue":2598.75,"category_revenue":16913.00048828125,"share_pct":15.399999618530273},{"period":"2024-08","brand_revenue":5544.2498779296875,"category_revenue":16608.499755859375,"share_pct":33.400001525878906},{"period":"2024-09","brand_revenue":5035.625,"category_revenue":19893.62548828125,"share_pct":25.299999237060547},{"period":"2024-10","brand_revenue":2345.0,"category_revenue":17213.175048828125,"share_pct":13.600000381469727},{"period":"2024-11","brand_revenue":78.75,"category_revenue":15249.375,"share_pct":0.5},{"period":"2024-12","brand_revenue":0.0,"category_revenue":9560.999755859375,"share_pct":0.0},{"period":"2025-01","brand_revenue":0.0,"category_revenue":10154.500122070312,"share_pct":0.0},{"period":"2025-02","brand_revenue":0.0,"category_revenue":14429.625244140625,"share_pct":0.0},{"period":"2025-03","brand_revenue":0.0,"category_revenue":16804.69970703125,"share_pct":0.0},{"period":"2025-04","brand_revenue":0.0,"category_revenue":27190.70068359375,"share_pct":0.0},{"period":"2025-05","brand_revenue":0.0,"category_revenue":24856.12548828125,"share_pct":0.0},{"period":"2025-06","brand_revenue":0.0,"category_revenue":28754.82421875,"share_pct":0.0},{"period":"2025-07","brand_revenue":0.0,"category_revenue":26952.2998046875,"share_pct":0.0},{"period":"2025-08","brand_revenue":0.0,"category_revenue":33438.67431640625,"share_pct":0.0},{"period":"2025-09","brand_revenue":0.0,"category_revenue":38734.65087890625,"share_pct":0.0},{"period":"2025-10","brand_revenue":0.0,"category_revenue":22947.39990234375,"share_pct":0.0},{"period":"2025-11","brand_revenue":0.0,"category_revenue":15945.4248046875,"share_pct":0.0},{"period":"2025-12","brand_revenue":0.0,"category_revenue":9305.8251953125,"share_pct":0.0},{"period":"2026-01","brand_revenue":0.0,"category_revenue":16761.624755859375,"share_pct":0.0}],"TESTER":[{"period":"2024-01","brand_revenue":0.0,"category_revenue":4033.75,"share_pct":0.0},{"period":"2024-04","brand_revenue":16.25,"category_revenue":85.0,"share_pct":19.100000381469727},{"period":"2024-05","brand_revenue":145.24999618530273,"category_revenue":145.24999618530273,"share_pct":100.0},{"period":"2024-09","brand_revenue":0.0,"category_revenue":462.5,"share_pct":0.0},{"period":"2024-11","brand_revenue":0.0,"category_revenue":61.25,"share_pct":0.0},{"period":"2025-03","brand_revenue":0.0,"category_revenue":49.000000953674316,"share_pct":0.0},{"period":"2025-05","brand_revenue":0.0,"category_revenue":25.0,"share_pct":0.0},{"period":"2025-06","brand_revenue":0.0,"category_revenue":156.75000190734863,"share_pct":0.0},{"period":"2025-07","brand_revenue":0.0,"category_revenue":399.24999237060547,"share_pct":0.0},{"period":"2025-08","brand_revenue":0.0,"category_revenue":248.50000381469727,"share_pct":0.0},{"period":"2025-09","brand_revenue":0.0,"category_revenue":2.549999952316284,"share_pct":0.0}],"INFUS":[{"period":"2024-02","brand_revenue":87.5,"category_revenue":87.5,"share_pct":100.0}]},"velocity_by_category":[{"category":"INFUS","brand_units_per_day":0.0,"category_avg_units_per_day":0.0,"velocity_index":100.0,"brand_rev_per_unit":35.0,"category_rev_per_unit":35.0,"brands_in_category":1},{"category":"INFUSED FLOWER","brand_units_per_day":1.66,"category_avg_units_per_day":2.6,"velocity_index":63.7,"brand_rev_per_unit":28.58,"category_rev_per_unit":26.05,"brands_in_category":8},{"category":"TESTER","brand_units_per_day":0.02,"category_avg_units_per_day":0.02,"velocity_index":58.1,"brand_rev_per_unit":10.77,"category_rev_per_unit":24.38,"brands_in_category":9},{"category":"INFUSED PRE ROLL","brand_units_per_day":12.56,"category_avg_units_per_day":25.62,"velocity_index":49.0,"brand_rev_per_unit":14.79,"category_rev_per_unit":16.9,"brands_in_category":25},{"category":"CONCENTRATE","brand_units_per_day":3.08,"category_avg_units_per_day":15.38,"velocity_index":20.0,"brand_rev_per_unit":38.13,"category_rev_per_unit":19.88,"brands_in_category":27}],"store_gaps":[{"store":"Elevation Downtown","category":"INFUSED PRE ROLL","category_revenue_at_store":134242.0703125,"opportunity":"Brand not carried"},{"store":"Elevation Downtown","category":"CONCENTRATE","category_revenue_at_store":53170.9033203125,"opportunity":"Brand not carried"},{"store":"Elevation Parkway","category":"TESTER","category_revenue_at_store":3387.2500610351562,"opportunity":"Category not carried at this store"},{"store":"Elevation Downtown","category":"INFUSED FLOWER","category_revenue_at_store":2275.625,"opportunity":"Brand not carried"}],"product_mix":{"top":[{"product":"TWO FACE BUBBLE HASH - DADIRRI","units":242,"revenue":12115.74951171875,"cost":6352.5,"profit":5763.2501220703125,"stores":4,"transactions":216,"margin":47.599998474121094},{"product":"GEORGIA PIE BUBBLE HASH - DADIRRI","units":240,"revenue":11790.625,"cost":6300.0,"profit":5490.625,"stores":4,"transactions":210,"margin":46.599998474121094},{"product":"GARY POPPINS CAVIAR INFUSED PRE ROLL - DADIRRI","units":400,"revenue":10532.349853515625,"cost":6000.0,"profit":4532.349853515625,"stores":4,"transactions":276,"margin":43.0},{"product":"PAISAN BUBBLE HASH - DADIRRI","units":200,"revenue":10363.499755859375,"cost":5250.0,"profit":5113.500061035156,"stores":4,"transactions":168,"margin":49.29999923706055},{"product":"BLUE POWER BUBBLE HASH - DADIRRI","units":196,"revenue":9733.999633789062,"cost":5145.0,"profit":4588.999938964844,"stores":3,"transactions":188,"margin":47.099998474121094},{"product":"GRAPE STOMPER BUBBLE HASH - DADIRRI","units":180,"revenue":9530.125122070312,"cost":4725.0,"profit":4805.1251220703125,"stores":2,"transactions":174,"margin":50.400001525878906},{"product":"WHITE CLOUD OG CAVIAR BITTY CONE - DADIRRI","units":558,"revenue":9390.799560546875,"cost":5231.25,"profit":4159.5501708984375,"stores":5,"transactions":358,"margin":44.29999923706055},{"product":"ANIMAL SHERB MINTS CAVIAR CONE - DADIRRI","units":398,"revenue":9350.974731445312,"cost":4975.0,"profit":4375.975036621094,"stores":6,"transactions":272,"margin":46.79999923706055},{"product":"LA KUSH CAKE CAVIAR SUNROCK - DADIRRI","units":240,"revenue":9058.125,"cost":4500.0,"profit":4558.125,"stores":5,"transactions":224,"margin":50.29999923706055},{"product":"CHAMPAYA BUBBLE CONE INFUSED PRE ROLL - DADIRRI","units":374,"revenue":8667.750244140625,"cost":4675.0,"profit":3992.7499389648438,"stores":5,"transactions":298,"margin":46.099998474121094},{"product":"HFCS CAVIAR SUNROCK - DADIRRI","units":238,"revenue":8468.75,"cost":4462.5,"profit":4006.25,"stores":4,"transactions":200,"margin":47.29999923706055},{"product":"SUPER RUNTZ CAVIAR CONE - DADIRRI","units":334,"revenue":7737.19970703125,"cost":4175.0,"profit":3562.2000122070312,"stores":6,"transactions":250,"margin":46.0},{"product":"SILVER RESERVE CAVIAR CONE - DADIRRI","units":296,"revenue":7136.0498046875,"cost":3700.0,"profit":3436.0501098632812,"stores":5,"transactions":238,"margin":48.20000076293945},{"product":"MIDNIGHT DELIGHT CAVIAR BITTY CONE - DADIRRI","units":452,"revenue":6914.525146484375,"cost":3341.25,"profit":3573.275146484375,"stores":5,"transactions":336,"margin":51.70000076293945},{"product":"WIFI BARZ BUBBLE HASH - DADIRRI","units":130,"revenue":6675.32470703125,"cost":3412.5,"profit":3262.8250122070312,"stores":3,"transactions":124,"margin":48.900001525878906},{"product":"BANANA CREAM CAKE CAVIAR INFUSED PRE ROLL - DADIRRI","units":214,"revenue":6477.125244140625,"cost":2965.0,"profit":3512.1249389648438,"stores":3,"transactions":180,"margin":54.20000076293945},{"product":"BLACKOUT CHERRIES CAVIAR BITTY CONE - DADIRRI","units":400,"revenue":6412.974853515625,"cost":2673.75,"profit":3739.2251586914062,"stores":6,"transactions":334,"margin":58.29999923706055},{"product":"ANIMAL SHERB MINTS CAVIAR SUNROCK - DADIRRI","units":168,"revenue":6379.375,"cost":3025.0,"profit":3354.375,"stores":3,"transactions":142,"margin":52.599998474121094},{"product":"ORANGE BELTZ BUBBLE HASH INFUSED PRE ROLL - DADIRRI","units":342,"revenue":6138.599853515625,"cost":3021.25,"profit":3117.349853515625,"stores":3,"transactions":178,"margin":50.79999923706055},{"product":"SHAKE SHACK CAVIAR SUNROCK - DADIRRI","units":170,"revenue":6098.75,"cost":3187.5,"profit":2911.25,"stores":2,"transactions":144,"margin":47.70000076293945}],"bottom":[{"product":"THIN MINTS X JEALOUSY CAVIAR INFUSED GRAM - DADIRRI","units":30,"revenue":1048.6250305175781,"cost":562.5,"profit":486.12499237060547,"stores":1,"transactions":24,"margin":46.400001525878906},{"product":"SUPER RUNTZ CAVIAR BITTY CONE - DADIRRI","units":94,"revenue":1017.3750305175781,"cost":646.25,"profit":371.12499237060547,"stores":1,"transactions":72,"margin":36.5},{"product":"APPLE FRITTER CAVIAR SUNROCK - DADIRRI","units":30,"revenue":980.0,"cost":562.5,"profit":417.5,"stores":1,"transactions":30,"margin":42.599998474121094},{"product":"SILVER RESERVE CAVIAR SUNROCK - DADIRRI","units":30,"revenue":918.75,"cost":562.5,"profit":356.25,"stores":1,"transactions":30,"margin":38.79999923706055},{"product":"DAY DREAMER CAVIAR BITTY CONE - DADIRRI","units":60,"revenue":848.2749938964844,"cost":375.0,"profit":473.2749938964844,"stores":1,"transactions":46,"margin":55.79999923706055},{"product":"CHAMPAYA BUBBLE BITTY CONE - DADIRRI","units":48,"revenue":761.2999725341797,"cost":390.0,"profit":371.30001068115234,"stores":1,"transactions":36,"margin":48.79999923706055},{"product":"ORANGE PUSH POP CAVIAR BITTY CONE - DADIRRI","units":48,"revenue":720.0749969482422,"cost":390.0,"profit":330.0749969482422,"stores":1,"transactions":28,"margin":45.79999923706055},{"product":"GASTRO POP CAVIAR SUNROCK GRAM - DADIRRI","units":12,"revenue":437.5,"cost":225.0,"profit":212.5,"stores":1,"transactions":12,"margin":48.599998474121094},{"product":"BISCOTTI CAVIAR INFUSED PRE ROLL - DADIRRI","units":16,"revenue":391.02500915527344,"cost":200.0,"profit":191.02500915527344,"stores":2,"transactions":10,"margin":48.900001525878906},{"product":"THE BIZ CAVIAR INFUSED PRE ROLL - DADIRRI","units":18,"revenue":292.5,"cost":123.75,"profit":168.75,"stores":1,"transactions":14,"margin":57.70000076293945}],"expansion":[{"product":"TWO FACE BUBBLE HASH - DADIRRI","current_stores":4,"total_stores":6,"missing_stores":["Elevation Midtown","Elevation Boulevard"],"revenue":12115.74951171875},{"product":"GEORGIA PIE BUBBLE HASH - DADIRRI","current_stores":4,"total_stores":6,"missing_stores":["Elevation Mesa","Elevation Oasis"],"revenue":11790.625},{"product":"GARY POPPINS CAVIAR INFUSED PRE ROLL - DADIRRI","current_stores":4,"total_stores":6,"missing_stores":["Elevation Oasis","Elevation Midtown"],"revenue":10532.349853515625},{"product":"PAISAN BUBBLE HASH - DADIRRI","current_stores":4,"total_stores":6,"missing_stores":["Elevation Boulevard","Elevation Parkway"],"revenue":10363.499755859375},{"product":"BLUE POWER BUBBLE HASH - DADIRRI","current_stores":3,"total_stores":6,"missing_stores":["Elevation Mesa","Elevation Oasis","Elevation Boulevard"],"revenue":9733.999633789062},{"product":"GRAPE STOMPER BUBBLE HASH - DADIRRI","current_stores":2,"total_stores":6,"missing_stores":["Elevation Springs","Elevation Midtown","Elevation Boulevard","Elevation Parkway"],"revenue":9530.125122070312},{"product":"WHITE CLOUD OG CAVIAR BITTY CONE - DADIRRI","current_stores":5,"total_stores":6,"missing_stores":["Elevation Midtown"],"revenue":9390.799560546875},{"product":"LA KUSH CAKE CAVIAR SUNROCK - DADIRRI","current_stores":5,"total_stores":6,"missing_stores":["Elevation Springs"],"revenue":9058.125},{"product":"CHAMPAYA BUBBLE CONE INFUSED PRE ROLL - DADIRRI","current_stores":5,"total_stores":6,"missing_stores":["Elevation Midtown"],"revenue":8667.750244140625},{"product":"HFCS CAVIAR SUNROCK - DADIRRI","current_stores":4,"total_stores":6,"missing_stores":["Elevation Mesa","Elevation Oasis"],"revenue":8468.75}]},"pricing_consistency":[{"product":"BISCOTTI MINTZ BUBBLE CONE - DADIRRI","min_price":25.74027845594618,"max_price":54.49000244140625,"avg_price":40.115140448676215,"std_dev":8.131649914944141,"store_count":4,"price_range":28.74972398546007,"range_pct":71.7},{"product":"SKINNI MINI BUBBLE HASH INFUSED PRE ROLL - DADIRRI","min_price":30.35333506266276,"max_price":53.272794835707714,"avg_price":38.03162726857303,"std_dev":5.2797457797756575,"store_count":6,"price_range":22.919459773044956,"range_pct":60.3},{"product":"ROLLS CHOICE BUBBLE BITTY CONE - DADIRRI","min_price":24.304167429606117,"max_price":35.859375,"avg_price":29.13545161504887,"std_dev":2.116588401016715,"store_count":8,"price_range":11.555207570393883,"range_pct":39.7},{"product":"ORANGE BELTZ BUBBLE HASH INFUSED PRE ROLL - DADIRRI","min_price":27.08749771118164,"max_price":38.14576229806674,"avg_price":33.459749731119345,"std_dev":2.287491430821286,"store_count":6,"price_range":11.058264586885098,"range_pct":33.0},{"product":"HOT SPOT BUBBLE HASH INFUSED PRE ROLL - DADIRRI","min_price":36.741790771484375,"max_price":50.11150207519531,"avg_price":43.32818044026692,"std_dev":2.6748123443893856,"store_count":6,"price_range":13.369711303710936,"range_pct":30.9},{"product":"SILVER RESERVE CAVIAR CONE - DADIRRI","min_price":38.138158697831,"max_price":51.89807598407452,"avg_price":46.54208480163523,"std_dev":2.270898636316788,"store_count":10,"price_range":13.759917286243514,"range_pct":29.6},{"product":"BISCOTTI CAVIAR INFUSED PRE ROLL - DADIRRI","min_price":41.69374942779541,"max_price":56.06249809265137,"avg_price":48.87812376022339,"std_dev":4.0640958472339195,"store_count":4,"price_range":14.368748664855957,"range_pct":29.4},{"product":"SKINNY MINI CAVIAR INFUSED PRE ROLL - DADIRRI","min_price":22.750000953674316,"max_price":30.304054054054053,"avg_price":26.527027503864183,"std_dev":2.13660886908871,"store_count":4,"price_range":7.554053100379736,"range_pct":28.5},{"product":"HFCS CAVIAR SUNROCK - DADIRRI","min_price":59.01041666666667,"max_price":77.375,"avg_price":70.51510416666667,"std_dev":3.2951953923266992,"store_count":8,"price_range":18.36458333333333,"range_pct":26.0},{"product":"FORBIDDEN MINTZ SOLVENTLESS CAVIAR BITTY CONE - DADIRRI","min_price":25.78534619561557,"max_price":33.37068755051185,"avg_price":30.437636452159662,"std_dev":1.6297822347722528,"store_count":6,"price_range":7.5853413548962845,"range_pct":24.9},{"product":"WIFI BARZ BUBBLE HASH - DADIRRI","min_price":90.28593063354492,"max_price":114.1699951171875,"avg_price":101.15891884697808,"std_dev":4.833892004893716,"store_count":6,"price_range":23.884064483642575,"range_pct":23.6},{"product":"MOCHI CAVIAR BITTY CONE - DADIRRI","min_price":21.130001068115234,"max_price":26.419231708233177,"avg_price":24.111351292648596,"std_dev":1.083266274099936,"store_count":6,"price_range":5.289230640117939,"range_pct":21.9},{"product":"SUPER RUNTZ CAVIAR CONE - DADIRRI","min_price":42.12095105970228,"max_price":52.1513917711046,"avg_price":46.19814117128342,"std_dev":1.5627233146365176,"store_count":12,"price_range":10.030440711402324,"range_pct":21.7},{"product":"PAISAN BUBBLE HASH - DADIRRI","min_price":92.1199951171875,"max_price":114.65999755859374,"avg_price":103.63499450683594,"std_dev":4.153166607360345,"store_count":8,"price_range":22.540002441406255,"range_pct":21.7},{"product":"LEMON GARLIC CAVIAR INFUSED PRE ROLL - DADIRRI","min_price":28.37788508488582,"max_price":34.96118645918997,"avg_price":31.66953577203789,"std_dev":1.8620388177460727,"store_count":4,"price_range":6.583301374304149,"range_pct":20.8},{"product":"ANIMAL SHERB MINTS CAVIAR CONE - DADIRRI","min_price":45.02098931206597,"max_price":54.47500128495066,"avg_price":47.8871644719915,"std_dev":1.3930300050245448,"store_count":12,"price_range":9.454011972884686,"range_pct":19.7},{"product":"SHAKE SHACK CAVIAR SUNROCK - DADIRRI","min_price":63.75,"max_price":77.35000000000001,"avg_price":70.55,"std_dev":3.846660889654821,"store_count":4,"price_range":13.600000000000003,"range_pct":19.3},{"product":"RAINBOW FRUITS CAVIAR BITTY CONE - DADIRRI","min_price":24.23684103447094,"max_price":29.31500026157924,"avg_price":26.46353071176119,"std_dev":1.0384363399498828,"store_count":6,"price_range":5.078159227108299,"range_pct":19.2},{"product":"MIDNIGHT DELIGHT CAVIAR BITTY CONE - DADIRRI","min_price":27.679000854492188,"max_price":33.203050566882624,"avg_price":29.95470699356599,"std_dev":0.9818995194181356,"store_count":10,"price_range":5.524049712390435,"range_pct":18.4},{"product":"PINK RUNTZ BUBBLE CONE - DADIRRI","min_price":40.06776508532073,"max_price":47.810182924623845,"avg_price":43.54225626865558,"std_dev":1.2468018973509438,"store_count":10,"price_range":7.742417839303117,"range_pct":17.8},{"product":"CHAMPAYA BUBBLE CONE INFUSED PRE ROLL - DADIRRI","min_price":43.12656084696452,"max_price":51.35833376929874,"avg_price":46.57939186858109,"std_dev":1.3628068345397673,"store_count":10,"price_range":8.231772922334217,"range_pct":17.7},{"product":"BLACKOUT CHERRIES CAVIAR BITTY CONE - DADIRRI","min_price":29.537037037037038,"max_price":35.166666666666664,"avg_price":32.12689091362765,"std_dev":0.7375404282764699,"store_count":12,"price_range":5.629629629629629,"range_pct":17.5},{"product":"BLACKOUT CHERRIES CAVIAR SUNROCK - DADIRRI","min_price":58.52000122070312,"max_price":68.71951219512195,"avg_price":63.619756707912536,"std_dev":2.884857349919266,"store_count":4,"price_range":10.199510974418828,"range_pct":16.0},{"product":"STRAWBERRY LEMONADE CAVIAR BITTY CONE - DADIRRI","min_price":30.97403893103966,"max_price":36.13636363636364,"avg_price":33.08474292759857,"std_dev":0.8369667039251828,"store_count":10,"price_range":5.162324705323975,"range_pct":15.6},{"product":"APPLE FRITTER CAVIAR CONE - DADIRRI","min_price":42.35739264689701,"max_price":49.51527913411458,"avg_price":46.721154179882156,"std_dev":1.5313603877855468,"store_count":6,"price_range":7.157886487217571,"range_pct":15.3},{"product":"ANIMAL SHERB MINTS CAVIAR SUNROCK - DADIRRI","min_price":68.35,"max_price":79.7625,"avg_price":74.64861111111111,"std_dev":2.319102037267713,"store_count":6,"price_range":11.412500000000003,"range_pct":15.3},{"product":"SHAKE SHACK CAVIAR BITTY CONE - DADIRRI","min_price":26.541666984558105,"max_price":30.875,"avg_price":28.708333492279053,"std_dev":1.2256516641434048,"store_count":4,"price_range":4.333333015441894,"range_pct":15.1},{"product":"MOCHI GELATO BUBBLE HASH - DADIRRI","min_price":90.9,"max_price":105.75,"avg_price":98.32499999999999,"std_dev":4.20021428024809,"store_count":4,"price_range":14.849999999999994,"range_pct":15.1},{"product":"GARY POPPINS CAVIAR INFUSED PRE ROLL - DADIRRI","min_price":48.998171178306016,"max_price":57.0,"avg_price":53.15737928724802,"std_dev":1.366840167997574,"store_count":8,"price_range":8.001828821693984,"range_pct":15.1},{"product":"MANDARIN COOKIE HAZE CAVIAR BITTY CONE - DADIRRI","min_price":26.260000610351565,"max_price":30.49625015258789,"avg_price":28.37812538146973,"std_dev":1.198192311245486,"store_count":4,"price_range":4.236249542236328,"range_pct":14.9}],"promotional_effectiveness":{"lift":{"fp_units_per_day":16.8,"disc_units_per_day":20.44,"lift_pct":21.7,"fp_avg_revenue_per_unit":59.400000000000006,"disc_avg_revenue_per_unit":43.35},"by_deal":[{"deal_name":"Industry - 30% Off","uses":847,"revenue":50485.99997282028,"discounts":21631.499963998795,"units":2074.0,"cost":30330.0,"margin":39.9,"discount_depth":60.0},{"deal_name":"Buy 2 Get 1 DADirri Pre-Rolls","uses":218,"revenue":20966.849586963654,"discounts":11229.3998670578,"units":1417.0,"cost":13728.125,"margin":34.5,"discount_depth":69.8},{"deal_name":"4/20 50% Off!!!!","uses":150,"revenue":8123.75,"discounts":8123.75,"units":468.0,"cost":6962.5,"margin":14.3,"discount_depth":100.0},{"deal_name":"30% Off Special","uses":131,"revenue":7530.250015258789,"discounts":3227.2500038146973,"units":346.0,"cost":4668.75,"margin":38.0,"discount_depth":60.0},{"deal_name":"Senior - 10% Off","uses":99,"revenue":11152.024838924408,"discounts":1290.4750055074692,"units":342.0,"cost":5276.25,"margin":52.7,"discount_depth":20.8},{"deal_name":"Veterans - 10% Off","uses":64,"revenue":3981.137499809265,"discounts":477.6124966144562,"units":167.0,"cost":1859.375,"margin":53.3,"discount_depth":21.4},{"deal_name":"Buy 1 Get 1 DADirri Pre-Rolls","uses":45,"revenue":3289.3000316619873,"discounts":3236.9499683380127,"units":291.0,"cost":2809.375,"margin":14.6,"discount_depth":99.2},{"deal_name":"Jackpot - Locals 30% Off","uses":32,"revenue":2443.0499839782715,"discounts":1059.4499921798706,"units":78.0,"cost":1498.75,"margin":38.7,"discount_depth":60.4},{"deal_name":"Senior / Veterans - 20% Off","uses":28,"revenue":2613.037519454956,"discounts":695.712503194809,"units":85.0,"cost":1395.625,"margin":46.6,"discount_depth":42.0},{"deal_name":"LVAC - 25% Off","uses":11,"revenue":562.5,"discounts":187.5,"units":26.0,"cost":313.75,"margin":44.2,"discount_depth":50.0},{"deal_name":"DADiRRi B2G1 All Products!!!","uses":8,"revenue":1285.3000020980835,"discounts":679.7000026702881,"units":68.0,"cost":788.75,"margin":38.6,"discount_depth":69.2},{"deal_name":"Employee - 40% OFF","uses":5,"revenue":196.50000095367432,"discounts":130.99999904632568,"units":10.0,"cost":128.75,"margin":34.5,"discount_depth":80.0},{"deal_name":"Employee 30% - NOT FRIDAYS","uses":5,"revenue":335.9999990463257,"discounts":143.99999976158142,"units":12.0,"cost":195.0,"margin":42.0,"discount_depth":60.0},{"deal_name":"Industry 30% Off","uses":2,"revenue":43.75,"discounts":18.75,"units":4.0,"cost":32.5,"margin":25.7,"discount_depth":60.0},{"deal_name":"Voucher - 35% Off One Item","uses":2,"revenue":136.50000095367432,"discounts":73.49999904632568,"units":4.0,"cost":90.0,"margin":34.1,"discount_depth":70.0}]},"growth_opportunities":[{"type":"distribution","title":"Expand to Elevation Downtown","detail":"Store has $75,875 in CONCENTRATE, INFUSED FLOWER, INFUSED PRE ROLL \u2014 categories where DADIRRI competes.","priority":"high"},{"type":"sku_expansion","title":"Add 'ANIMAL SHERB MINTS CAVIAR SUNROCK - DADIRRI' to 3 more store(s)","detail":"Carried in 3 stores. Missing from: Elevation Springs, Elevation Midtown, Elevation Boulevard","priority":"medium"},{"type":"sku_expansion","title":"Add 'APPLE FRITTER CAVIAR CONE - DADIRRI' to 3 more store(s)","detail":"Carried in 3 stores. Missing from: Elevation Midtown, Elevation Boulevard, Elevation Parkway","priority":"medium"},{"type":"sku_expansion","title":"Add 'BANANA CREAM CAKE CAVIAR BITTY CONE - DADIRRI' to 4 more store(s)","detail":"Carried in 2 stores. Missing from: Elevation Springs, Elevation Midtown, Elevation Boulevard, Elevation Parkway","priority":"medium"},{"type":"sku_expansion","title":"Add 'BANANA CREAM CAKE CAVIAR INFUSED PRE ROLL - DADIRRI' to 3 more store(s)","detail":"Carried in 3 stores. Missing from: Elevation Springs, Elevation Mesa, Elevation Boulevard","priority":"medium"},{"type":"sku_expansion","title":"Add 'BISCOTTI CAVIAR CONE - DADIRRI' to 3 more store(s)","detail":"Carried in 3 stores. Missing from: Elevation Oasis, Elevation Boulevard, Elevation Parkway","priority":"medium"},{"type":"velocity","title":"Improve velocity in INFUSED FLOWER","detail":"Velocity index 64 (below category average). 0.8 units/day vs 1.3 avg.","priority":"medium"},{"type":"velocity","title":"Improve velocity in TESTER","detail":"Velocity index 58 (below category average). 0.0 units/day vs 0.0 avg.","priority":"medium"},{"type":"velocity","title":"Improve velocity in INFUSED PRE ROLL","detail":"Velocity index 49 (below category average). 6.3 units/day vs 12.8 avg.","priority":"medium"},{"type":"velocity","title":"Improve velocity in CONCENTRATE","detail":"Velocity index 20 (below category average). 1.5 units/day vs 7.7 avg.","priority":"medium"}],"trend":[{"period":"2024-01","revenue":32948.5498046875,"cost":16671.25,"margin":49.4,"units":1604,"transactions":920,"profit":16277.2998046875,"revenue_change_pct":null,"units_change_pct":null,"margin_change_pts":null},{"period":"2024-02","revenue":37663.75,"cost":19630.0,"margin":47.9,"units":1376,"transactions":934,"profit":18033.75,"revenue_change_pct":14.3,"units_change_pct":-14.2,"margin_change_pts":-1.5},{"period":"2024-03","revenue":38172.099609375,"cost":19582.5,"margin":48.7,"units":1342,"transactions":990,"profit":18589.599609375,"revenue_change_pct":1.3,"units_change_pct":-2.5,"margin_change_pts":0.8},{"period":"2024-04","revenue":38921.99951171875,"cost":23045.0,"margin":40.8,"units":1660,"transactions":1082,"profit":15876.99951171875,"revenue_change_pct":2.0,"units_change_pct":23.7,"margin_change_pts":-7.9},{"period":"2024-05","revenue":43312.1728515625,"cost":22641.25,"margin":47.7,"units":1688,"transactions":1150,"profit":20670.92529296875,"revenue_change_pct":11.3,"units_change_pct":1.7,"margin_change_pts":6.9},{"period":"2024-06","revenue":35550.8251953125,"cost":17272.5,"margin":51.4,"units":1278,"transactions":932,"profit":18278.3251953125,"revenue_change_pct":-17.9,"units_change_pct":-24.3,"margin_change_pts":3.7},{"period":"2024-07","revenue":36286.97509765625,"cost":17501.25,"margin":51.8,"units":1400,"transactions":886,"profit":18785.72509765625,"revenue_change_pct":2.1,"units_change_pct":9.5,"margin_change_pts":0.4},{"period":"2024-08","revenue":33683.04931640625,"cost":16063.75,"margin":52.3,"units":1286,"transactions":892,"profit":17619.300537109375,"revenue_change_pct":-7.2,"units_change_pct":-8.1,"margin_change_pts":0.5},{"period":"2024-09","revenue":20217.550048828125,"cost":9528.75,"margin":52.9,"units":770,"transactions":582,"profit":10688.800048828125,"revenue_change_pct":-40.0,"units_change_pct":-40.1,"margin_change_pts":0.6},{"period":"2024-10","revenue":8544.299926757812,"cost":3852.5,"margin":54.9,"units":302,"transactions":228,"profit":4691.7999267578125,"revenue_change_pct":-57.7,"units_change_pct":-60.8,"margin_change_pts":2.0},{"period":"2024-11","revenue":3262.7499389648438,"cost":1477.5,"margin":54.7,"units":138,"transactions":126,"profit":1785.2499389648438,"revenue_change_pct":-61.8,"units_change_pct":-54.3,"margin_change_pts":-0.2},{"period":"2024-12","revenue":1159.2500305175781,"cost":522.5,"margin":54.9,"units":50,"transactions":44,"profit":636.7499923706055,"revenue_change_pct":-64.5,"units_change_pct":-63.8,"margin_change_pts":0.2},{"period":"2025-01","revenue":803.2499694824219,"cost":347.5,"margin":56.7,"units":40,"transactions":30,"profit":455.75000762939453,"revenue_change_pct":-30.7,"units_change_pct":-20.0,"margin_change_pts":1.8},{"period":"2025-02","revenue":773.5000610351562,"cost":400.0,"margin":48.3,"units":64,"transactions":48,"profit":373.49998474121094,"revenue_change_pct":-3.7,"units_change_pct":60.0,"margin_change_pts":-8.5},{"period":"2025-04","revenue":585.1250076293945,"cost":341.25,"margin":41.7,"units":42,"transactions":30,"profit":243.87500762939453,"revenue_change_pct":-24.4,"units_change_pct":-34.4,"margin_change_pts":-6.6},{"period":"2025-05","revenue":452.75001525878906,"cost":243.75,"margin":46.2,"units":30,"transactions":18,"profit":208.99999618530273,"revenue_change_pct":-22.6,"units_change_pct":-28.6,"margin_change_pts":4.5},{"period":"2025-06","revenue":1194.749984741211,"cost":812.5,"margin":32.0,"units":100,"transactions":56,"profit":382.24998474121094,"revenue_change_pct":163.9,"units_change_pct":233.3,"margin_change_pts":-14.2},{"period":"2025-07","revenue":62.99999713897705,"cost":48.75,"margin":22.6,"units":6,"transactions":4,"profit":14.249999523162842,"revenue_change_pct":-94.7,"units_change_pct":-94.0,"margin_change_pts":-9.4},{"period":"2025-08","revenue":20.999999046325684,"cost":16.25,"margin":22.6,"units":2,"transactions":2,"profit":4.749999940395355,"revenue_change_pct":-66.7,"units_change_pct":-66.7,"margin_change_pts":0.0}]}