{"brand":"DADIRRI","date_range":"2024-01-01 00:00:00 to 2026-01-31 00:00:00","period_label":"All Time","summary":{"total_units":13178,"total_revenue":333616.640625,"total_cost":169998.75,"total_discounts":68588.349609375,"total_profit":163617.91015625,"overall_margin":49.0,"fp_margin":57.900001525878906,"disc_margin":39.0,"pct_full_price":53.20000076293945,"avg_discount_rate":17.100000381469727,"fp_revenue":177597.5,"disc_revenue":156019.150390625,"unique_customers":6584,"brand":"DADIRRI","date_range":"2024-01-01 00:00:00 to 2026-01-31 00:00:00","months_count":38,"avg_monthly_cost":8947.3,"cost_per_unit":25.8,"primary_category":"INFUSED PRE ROLL","primary_cat_margin":47.29999923706055,"category_rank":11,"category_total":25,"margin_vs_category":1.7000000476837158,"velocity_rank":10},"category_breakdown":[{"category_clean":"INFUSED PRE ROLL","units":9564,"revenue":176815.8203125,"cost":90245.0,"profit":86570.8203125,"discounts":35961.6748046875,"margin":49.0,"category_avg_margin":47.29999923706055,"vs_category":1.7,"rank":11.0,"total_brands":25.0},{"category_clean":"CONCENTRATE","units":2340,"revenue":111544.052734375,"cost":56642.5,"profit":54901.5478515625,"discounts":22450.94970703125,"margin":49.20000076293945,"category_avg_margin":45.900001525878906,"vs_category":3.3,"rank":9.0,"total_brands":27.0},{"category_clean":"INFUSED FLOWER","units":1260,"revenue":45007.7734375,"cost":22980.0,"profit":22027.77587890625,"discounts":10117.224731445312,"margin":48.900001525878906,"category_avg_margin":51.79999923706055,"vs_category":-2.9,"rank":4.0,"total_brands":8.0},{"category_clean":"TESTER","units":12,"revenue":161.49999618530273,"cost":93.75,"profit":67.75000095367432,"discounts":58.499999046325684,"margin":42.0,"category_avg_margin":57.599998474121094,"vs_category":-15.6,"rank":4.0,"total_brands":9.0},{"category_clean":"INFUS","units":2,"revenue":87.5,"cost":37.5,"profit":50.0,"discounts":0.0,"margin":57.099998474121094,"category_avg_margin":57.099998474121094,"vs_category":0.0,"rank":1.0,"total_brands":1.0}],"trend":[{"period":"2024-01","revenue":32948.5498046875,"cost":16671.25,"margin":49.4,"units":1604,"transactions":920,"profit":16277.2998046875,"revenue_change_pct":null,"units_change_pct":null,"margin_change_pts":null},{"period":"2024-02","revenue":37663.75,"cost":19630.0,"margin":47.9,"units":1376,"transactions":934,"profit":18033.75,"revenue_change_pct":14.3,"units_change_pct":-14.2,"margin_change_pts":-1.5},{"period":"2024-03","revenue":38172.099609375,"cost":19582.5,"margin":48.7,"units":1342,"transactions":990,"profit":18589.599609375,"revenue_change_pct":1.3,"units_change_pct":-2.5,"margin_change_pts":0.8},{"period":"2024-04","revenue":38921.99951171875,"cost":23045.0,"margin":40.8,"units":1660,"transactions":1082,"profit":15876.99951171875,"revenue_change_pct":2.0,"units_change_pct":23.7,"margin_change_pts":-7.9},{"period":"2024-05","revenue":43312.1728515625,"cost":22641.25,"margin":47.7,"units":1688,"transactions":1150,"profit":20670.92529296875,"revenue_change_pct":11.3,"units_change_pct":1.7,"margin_change_pts":6.9},{"period":"2024-06","revenue":35550.8251953125,"cost":17272.5,"margin":51.4,"units":1278,"transactions":932,"profit":18278.3251953125,"revenue_change_pct":-17.9,"units_change_pct":-24.3,"margin_change_pts":3.7},{"period":"2024-07","revenue":36286.97509765625,"cost":17501.25,"margin":51.8,"units":1400,"transactions":886,"profit":18785.72509765625,"revenue_change_pct":2.1,"units_change_pct":9.5,"margin_change_pts":0.4},{"period":"2024-08","revenue":33683.04931640625,"cost":16063.75,"margin":52.3,"units":1286,"transactions":892,"profit":17619.300537109375,"revenue_change_pct":-7.2,"units_change_pct":-8.1,"margin_change_pts":0.5},{"period":"2024-09","revenue":20217.550048828125,"cost":9528.75,"margin":52.9,"units":770,"transactions":582,"profit":10688.800048828125,"revenue_change_pct":-40.0,"units_change_pct":-40.1,"margin_change_pts":0.6},{"period":"2024-10","revenue":8544.299926757812,"cost":3852.5,"margin":54.9,"units":302,"transactions":228,"profit":4691.7999267578125,"revenue_change_pct":-57.7,"units_change_pct":-60.8,"margin_change_pts":2.0},{"period":"2024-11","revenue":3262.7499389648438,"cost":1477.5,"margin":54.7,"units":138,"transactions":126,"profit":1785.2499389648438,"revenue_change_pct":-61.8,"units_change_pct":-54.3,"margin_change_pts":-0.2},{"period":"2024-12","revenue":1159.2500305175781,"cost":522.5,"margin":54.9,"units":50,"transactions":44,"profit":636.7499923706055,"revenue_change_pct":-64.5,"units_change_pct":-63.8,"margin_change_pts":0.2},{"period":"2025-01","revenue":803.2499694824219,"cost":347.5,"margin":56.7,"units":40,"transactions":30,"profit":455.75000762939453,"revenue_change_pct":-30.7,"units_change_pct":-20.0,"margin_change_pts":1.8},{"period":"2025-02","revenue":773.5000610351562,"cost":400.0,"margin":48.3,"units":64,"transactions":48,"profit":373.49998474121094,"revenue_change_pct":-3.7,"units_change_pct":60.0,"margin_change_pts":-8.5},{"period":"2025-04","revenue":585.1250076293945,"cost":341.25,"margin":41.7,"units":42,"transactions":30,"profit":243.87500762939453,"revenue_change_pct":-24.4,"units_change_pct":-34.4,"margin_change_pts":-6.6},{"period":"2025-05","revenue":452.75001525878906,"cost":243.75,"margin":46.2,"units":30,"transactions":18,"profit":208.99999618530273,"revenue_change_pct":-22.6,"units_change_pct":-28.6,"margin_change_pts":4.5},{"period":"2025-06","revenue":1194.749984741211,"cost":812.5,"margin":32.0,"units":100,"transactions":56,"profit":382.24998474121094,"revenue_change_pct":163.9,"units_change_pct":233.3,"margin_change_pts":-14.2},{"period":"2025-07","revenue":62.99999713897705,"cost":48.75,"margin":22.6,"units":6,"transactions":4,"profit":14.249999523162842,"revenue_change_pct":-94.7,"units_change_pct":-94.0,"margin_change_pts":-9.4},{"period":"2025-08","revenue":20.999999046325684,"cost":16.25,"margin":22.6,"units":2,"transactions":2,"profit":4.749999940395355,"revenue_change_pct":-66.7,"units_change_pct":-66.7,"margin_change_pts":0.0}],"share_of_category":[{"category":"INFUSED PRE ROLL","brand_revenue":176815.8203125,"category_revenue":10308101.25,"revenue_share_pct":1.7000000476837158,"brand_units":9564,"category_units":488074,"units_share_pct":2.0},{"category":"CONCENTRATE","brand_revenue":111544.04296875,"category_revenue":7866357.5,"revenue_share_pct":1.399999976158142,"brand_units":2340,"category_units":316632,"units_share_pct":0.7},{"category":"INFUSED FLOWER","brand_revenue":45007.7734375,"category_revenue":515348.203125,"revenue_share_pct":8.699999809265137,"brand_units":1260,"category_units":15824,"units_share_pct":8.0},{"category":"TESTER","brand_revenue":161.49999618530273,"category_revenue":5668.800048828125,"revenue_share_pct":2.799999952316284,"brand_units":12,"category_units":186,"units_share_pct":6.5},{"category":"INFUS","brand_revenue":87.5,"category_revenue":87.5,"revenue_share_pct":100.0,"brand_units":2,"category_units":2,"units_share_pct":100.0}],"share_of_category_trend":{"INFUSED PRE ROLL":[{"period":"2024-01","brand_revenue":24935.30029296875,"category_revenue":410907.8515625,"share_pct":6.099999904632568},{"period":"2024-02","brand_revenue":19267.249755859375,"category_revenue":458711.484375,"share_pct":4.199999809265137},{"period":"2024-03","brand_revenue":18666.95068359375,"category_revenue":427464.375,"share_pct":4.400000095367432},{"period":"2024-04","brand_revenue":19172.62451171875,"category_revenue":428699.9609375,"share_pct":4.5},{"period":"2024-05","brand_revenue":22142.97607421875,"category_revenue":501098.3203125,"share_pct":4.400000095367432},{"period":"2024-06","brand_revenue":16514.200439453125,"category_revenue":477320.78125,"share_pct":3.5},{"period":"2024-07","brand_revenue":20842.1240234375,"category_revenue":479382.109375,"share_pct":4.300000190734863},{"period":"2024-08","brand_revenue":16548.5498046875,"category_revenue":474359.1015625,"share_pct":3.5},{"period":"2024-09","brand_revenue":8476.925048828125,"category_revenue":424280.1171875,"share_pct":2.0},{"period":"2024-10","brand_revenue":3832.0498657226562,"category_revenue":470840.6640625,"share_pct":0.800000011920929},{"period":"2024-11","brand_revenue":2253.000030517578,"category_revenue":424285.1171875,"share_pct":0.5},{"period":"2024-12","brand_revenue":553.75,"category_revenue":432093.1640625,"share_pct":0.10000000149011612},{"period":"2025-01","brand_revenue":520.0,"category_revenue":358002.890625,"share_pct":0.10000000149011612},{"period":"2025-02","brand_revenue":773.5000610351562,"category_revenue":325080.17578125,"share_pct":0.20000000298023224},{"period":"2025-03","brand_revenue":0.0,"category_revenue":347380.078125,"share_pct":0.0},{"period":"2025-04","brand_revenue":585.1250076293945,"category_revenue":401341.40625,"share_pct":0.10000000149011612},{"period":"2025-05","brand_revenue":452.75001525878906,"category_revenue":378076.09375,"share_pct":0.10000000149011612},{"period":"2025-06","brand_revenue":1194.749984741211,"category_revenue":354019.6484375,"share_pct":0.30000001192092896},{"period":"2025-07","brand_revenue":62.99999713897705,"category_revenue":416008.203125,"share_pct":0.0},{"period":"2025-08","brand_revenue":20.999999046325684,"category_revenue":425283.28125,"share_pct":0.0},{"period":"2025-09","brand_revenue":0.0,"category_revenue":378313.75,"share_pct":0.0},{"period":"2025-10","brand_revenue":0.0,"category_revenue":389168.3203125,"share_pct":0.0},{"period":"2025-11","brand_revenue":0.0,"category_revenue":390541.3671875,"share_pct":0.0},{"period":"2025-12","brand_revenue":0.0,"category_revenue":392812.34375,"share_pct":0.0},{"period":"2026-01","brand_revenue":0.0,"category_revenue":342630.7421875,"share_pct":0.0}],"CONCENTRATE":[{"period":"2024-01","brand_revenue":7427.0001220703125,"category_revenue":351129.609375,"share_pct":2.0999999046325684},{"period":"2024-02","brand_revenue":15189.124755859375,"category_revenue":371224.4921875,"share_pct":4.099999904632568},{"period":"2024-03","brand_revenue":12920.74951171875,"category_revenue":375964.296875,"share_pct":3.4000000953674316},{"period":"2024-04","brand_revenue":13660.625,"category_revenue":352745.859375,"share_pct":3.9000000953674316},{"period":"2024-05","brand_revenue":14833.9501953125,"category_revenue":346027.5,"share_pct":4.300000190734863},{"period":"2024-06","brand_revenue":12184.25048828125,"category_revenue":310723.3984375,"share_pct":3.9000000953674316},{"period":"2024-07","brand_revenue":12846.099853515625,"category_revenue":336220.078125,"share_pct":3.799999952316284},{"period":"2024-08","brand_revenue":11590.250244140625,"category_revenue":324004.04296875,"share_pct":3.5999999046325684},{"period":"2024-09","brand_revenue":6705.0,"category_revenue":326834.1796875,"share_pct":2.0999999046325684},{"period":"2024-10","brand_revenue":2367.2500610351562,"category_revenue":324500.859375,"share_pct":0.699999988079071},{"period":"2024-11","brand_revenue":930.9999847412109,"category_revenue":351240.0390625,"share_pct":0.30000001192092896},{"period":"2024-12","brand_revenue":605.4999923706055,"category_revenue":324145.4296875,"share_pct":0.20000000298023224},{"period":"2025-01","brand_revenue":283.25000762939453,"category_revenue":325749.19921875,"share_pct":0.10000000149011612},{"period":"2025-02","brand_revenue":0.0,"category_revenue":300499.0234375,"share_pct":0.0},{"period":"2025-03","brand_revenue":0.0,"category_revenue":298171.5234375,"share_pct":0.0},{"period":"2025-04","brand_revenue":0.0,"category_revenue":343355.625,"share_pct":0.0},{"period":"2025-05","brand_revenue":0.0,"category_revenue":288836.62109375,"share_pct":0.0},{"period":"2025-06","brand_revenue":0.0,"category_revenue":280928.33984375,"share_pct":0.0},{"period":"2025-07","brand_revenue":0.0,"category_revenue":283604.1796875,"share_pct":0.0},{"period":"2025-08","brand_revenue":0.0,"category_revenue":274773.76953125,"share_pct":0.0},{"period":"2025-09","brand_revenue":0.0,"category_revenue":264599.19921875,"share_pct":0.0},{"period":"2025-10","brand_revenue":0.0,"category_revenue":277515.46875,"share_pct":0.0},{"period":"2025-11","brand_revenue":0.0,"category_revenue":295773.3203125,"share_pct":0.0},{"period":"2025-12","brand_revenue":0.0,"category_revenue":267042.05078125,"share_pct":0.0},{"period":"2026-01","brand_revenue":0.0,"category_revenue":270749.70703125,"share_pct":0.0}],"INFUSED FLOWER":[{"period":"2024-01","brand_revenue":586.25,"category_revenue":6570.250244140625,"share_pct":8.899999618530273},{"period":"2024-02","brand_revenue":3119.8748779296875,"category_revenue":18343.62548828125,"share_pct":17.0},{"period":"2024-03","brand_revenue":6584.4000244140625,"category_revenue":31018.3251953125,"share_pct":21.200000762939453},{"period":"2024-04","brand_revenue":6072.5,"category_revenue":31596.826171875,"share_pct":19.200000762939453},{"period":"2024-05","brand_revenue":6190.0,"category_revenue":21558.80126953125,"share_pct":28.700000762939453},{"period":"2024-06","brand_revenue":6852.3748779296875,"category_revenue":24545.30029296875,"share_pct":27.899999618530273},{"period":"2024-07","brand_revenue":2598.75,"category_revenue":16913.00048828125,"share_pct":15.399999618530273},{"period":"2024-08","brand_revenue":5544.2498779296875,"category_revenue":16608.499755859375,"share_pct":33.400001525878906},{"period":"2024-09","brand_revenue":5035.625,"category_revenue":19893.62548828125,"share_pct":25.299999237060547},{"period":"2024-10","brand_revenue":2345.0,"category_revenue":17213.175048828125,"share_pct":13.600000381469727},{"period":"2024-11","brand_revenue":78.75,"category_revenue":15249.375,"share_pct":0.5},{"period":"2024-12","brand_revenue":0.0,"category_revenue":9560.999755859375,"share_pct":0.0},{"period":"2025-01","brand_revenue":0.0,"category_revenue":10154.500122070312,"share_pct":0.0},{"period":"2025-02","brand_revenue":0.0,"category_revenue":14429.625244140625,"share_pct":0.0},{"period":"2025-03","brand_revenue":0.0,"category_revenue":16804.69970703125,"share_pct":0.0},{"period":"2025-04","brand_revenue":0.0,"category_revenue":27190.70068359375,"share_pct":0.0},{"period":"2025-05","brand_revenue":0.0,"category_revenue":24856.12548828125,"share_pct":0.0},{"period":"2025-06","brand_revenue":0.0,"category_revenue":28754.82421875,"share_pct":0.0},{"period":"2025-07","brand_revenue":0.0,"category_revenue":26952.2998046875,"share_pct":0.0},{"period":"2025-08","brand_revenue":0.0,"category_revenue":33438.67431640625,"share_pct":0.0},{"period":"2025-09","brand_revenue":0.0,"category_revenue":38734.65087890625,"share_pct":0.0},{"period":"2025-10","brand_revenue":0.0,"category_revenue":22947.39990234375,"share_pct":0.0},{"period":"2025-11","brand_revenue":0.0,"category_revenue":15945.4248046875,"share_pct":0.0},{"period":"2025-12","brand_revenue":0.0,"category_revenue":9305.8251953125,"share_pct":0.0},{"period":"2026-01","brand_revenue":0.0,"category_revenue":16761.624755859375,"share_pct":0.0}],"TESTER":[{"period":"2024-01","brand_revenue":0.0,"category_revenue":4033.75,"share_pct":0.0},{"period":"2024-04","brand_revenue":16.25,"category_revenue":85.0,"share_pct":19.100000381469727},{"period":"2024-05","brand_revenue":145.24999618530273,"category_revenue":145.24999618530273,"share_pct":100.0},{"period":"2024-09","brand_revenue":0.0,"category_revenue":462.5,"share_pct":0.0},{"period":"2024-11","brand_revenue":0.0,"category_revenue":61.25,"share_pct":0.0},{"period":"2025-03","brand_revenue":0.0,"category_revenue":49.000000953674316,"share_pct":0.0},{"period":"2025-05","brand_revenue":0.0,"category_revenue":25.0,"share_pct":0.0},{"period":"2025-06","brand_revenue":0.0,"category_revenue":156.75000190734863,"share_pct":0.0},{"period":"2025-07","brand_revenue":0.0,"category_revenue":399.24999237060547,"share_pct":0.0},{"period":"2025-08","brand_revenue":0.0,"category_revenue":248.50000381469727,"share_pct":0.0},{"period":"2025-09","brand_revenue":0.0,"category_revenue":2.549999952316284,"share_pct":0.0}],"INFUS":[{"period":"2024-02","brand_revenue":87.5,"category_revenue":87.5,"share_pct":100.0}]},"discount_depth":[{"tier":"0% (Full Price)","transactions":5062,"pct_of_transactions":49.1,"revenue":177597.5,"avg_discount":0.0},{"tier":"1-10%","transactions":620,"pct_of_transactions":6.0,"revenue":23919.25048828125,"avg_discount":20.0},{"tier":"11-20%","transactions":278,"pct_of_transactions":2.7,"revenue":8524.29931640625,"avg_discount":35.79999923706055},{"tier":"21-30%","transactions":916,"pct_of_transactions":8.9,"revenue":35222.41943359375,"avg_discount":58.0},{"tier":"31%+","transactions":1260,"pct_of_transactions":12.2,"revenue":39531.6748046875,"avg_discount":88.4000015258789}],"velocity":{"units_per_day":22.44,"revenue_per_day":568.3499908447266,"avg_units_per_txn":2.94,"days_of_data":587,"total_units":13178,"total_transactions":8954},"velocity_by_category":[{"category":"INFUS","brand_units_per_day":0.0,"category_avg_units_per_day":0.0,"velocity_index":100.0,"brand_rev_per_unit":35.0,"category_rev_per_unit":35.0,"brands_in_category":1},{"category":"INFUSED FLOWER","brand_units_per_day":1.66,"category_avg_units_per_day":2.6,"velocity_index":63.7,"brand_rev_per_unit":28.58,"category_rev_per_unit":26.05,"brands_in_category":8},{"category":"TESTER","brand_units_per_day":0.02,"category_avg_units_per_day":0.02,"velocity_index":58.1,"brand_rev_per_unit":10.77,"category_rev_per_unit":24.38,"brands_in_category":9},{"category":"INFUSED PRE ROLL","brand_units_per_day":12.56,"category_avg_units_per_day":25.62,"velocity_index":49.0,"brand_rev_per_unit":14.79,"category_rev_per_unit":16.9,"brands_in_category":25},{"category":"CONCENTRATE","brand_units_per_day":3.08,"category_avg_units_per_day":15.38,"velocity_index":20.0,"brand_rev_per_unit":38.13,"category_rev_per_unit":19.88,"brands_in_category":27}],"deals":[{"deal_name":"Industry - 30% Off","times_used":1694,"units":2074.0,"revenue":50485.99997282028,"discounts":21631.499963998795,"cost":30330.0,"profit":20155.999995917082,"pre_discount_revenue":72117.5,"margin":39.9,"avg_discount":60.0},{"deal_name":"Buy 2 Get 1 DADirri Pre-Rolls","times_used":436,"units":1417.0,"revenue":20966.849586963654,"discounts":11229.3998670578,"cost":13728.125,"profit":7238.725114488043,"pre_discount_revenue":32196.25,"margin":34.5,"avg_discount":69.8},{"deal_name":"4/20 50% Off!!!!","times_used":300,"units":468.0,"revenue":8123.75,"discounts":8123.75,"cost":6962.5,"profit":1161.25,"pre_discount_revenue":16247.5,"margin":14.3,"avg_discount":100.0},{"deal_name":"30% Off Special","times_used":262,"units":346.0,"revenue":7530.250015258789,"discounts":3227.2500038146973,"cost":4668.75,"profit":2861.4999902248383,"pre_discount_revenue":10757.5,"margin":38.0,"avg_discount":60.0},{"deal_name":"Senior - 10% Off","times_used":198,"units":342.0,"revenue":11152.024838924408,"discounts":1290.4750055074692,"cost":5276.25,"profit":5875.7750380039215,"pre_discount_revenue":12442.5,"margin":52.7,"avg_discount":20.8},{"deal_name":"Veterans - 10% Off","times_used":128,"units":167.0,"revenue":3981.137499809265,"discounts":477.6124966144562,"cost":1859.375,"profit":2121.7624819278717,"pre_discount_revenue":4458.75,"margin":53.3,"avg_discount":21.4},{"deal_name":"Buy 1 Get 1 DADirri Pre-Rolls","times_used":90,"units":291.0,"revenue":3289.3000316619873,"discounts":3236.9499683380127,"cost":2809.375,"profit":479.92500245571136,"pre_discount_revenue":6526.25,"margin":14.6,"avg_discount":99.2},{"deal_name":"Jackpot - Locals 30% Off","times_used":64,"units":78.0,"revenue":2443.0499839782715,"discounts":1059.4499921798706,"cost":1498.75,"profit":944.3000078201294,"pre_discount_revenue":3502.5,"margin":38.7,"avg_discount":60.4},{"deal_name":"Senior / Veterans - 20% Off","times_used":56,"units":85.0,"revenue":2613.037519454956,"discounts":695.712503194809,"cost":1395.625,"profit":1217.412519454956,"pre_discount_revenue":3308.75,"margin":46.6,"avg_discount":42.0},{"deal_name":"LVAC - 25% Off","times_used":22,"units":26.0,"revenue":562.5,"discounts":187.5,"cost":313.75,"profit":248.75,"pre_discount_revenue":750.0,"margin":44.2,"avg_discount":50.0},{"deal_name":"DADiRRi B2G1 All Products!!!","times_used":16,"units":68.0,"revenue":1285.3000020980835,"discounts":679.7000026702881,"cost":788.75,"profit":496.5499973297119,"pre_discount_revenue":1965.0,"margin":38.6,"avg_discount":69.2},{"deal_name":"Employee - 40% OFF","times_used":10,"units":10.0,"revenue":196.50000095367432,"discounts":130.99999904632568,"cost":128.75,"profit":67.75000035762787,"pre_discount_revenue":327.5,"margin":34.5,"avg_discount":80.0},{"deal_name":"Employee 30% - NOT FRIDAYS","times_used":10,"units":12.0,"revenue":335.9999990463257,"discounts":143.99999976158142,"cost":195.0,"profit":141.00000143051147,"pre_discount_revenue":480.0,"margin":42.0,"avg_discount":60.0},{"deal_name":"Industry 30% Off","times_used":4,"units":4.0,"revenue":43.75,"discounts":18.75,"cost":32.5,"profit":11.249999701976776,"pre_discount_revenue":62.5,"margin":25.7,"avg_discount":60.0},{"deal_name":"Voucher - 35% Off One Item","times_used":4,"units":4.0,"revenue":136.50000095367432,"discounts":73.49999904632568,"cost":90.0,"profit":46.500000953674316,"pre_discount_revenue":210.0,"margin":34.1,"avg_discount":70.0}],"top_products":[{"product":"TWO FACE BUBBLE HASH - DADIRRI","units":242,"revenue":12115.74951171875,"cost":6352.5,"profit":5763.2501220703125,"transactions":216,"margin":47.599998474121094},{"product":"GEORGIA PIE BUBBLE HASH - DADIRRI","units":240,"revenue":11790.625,"cost":6300.0,"profit":5490.625,"transactions":210,"margin":46.599998474121094},{"product":"GARY POPPINS CAVIAR INFUSED PRE ROLL - DADIRRI","units":400,"revenue":10532.349853515625,"cost":6000.0,"profit":4532.349853515625,"transactions":276,"margin":43.0},{"product":"PAISAN BUBBLE HASH - DADIRRI","units":200,"revenue":10363.499755859375,"cost":5250.0,"profit":5113.500061035156,"transactions":168,"margin":49.29999923706055},{"product":"BLUE POWER BUBBLE HASH - DADIRRI","units":196,"revenue":9733.999633789062,"cost":5145.0,"profit":4588.999938964844,"transactions":188,"margin":47.099998474121094},{"product":"GRAPE STOMPER BUBBLE HASH - DADIRRI","units":180,"revenue":9530.125122070312,"cost":4725.0,"profit":4805.1251220703125,"transactions":174,"margin":50.400001525878906},{"product":"WHITE CLOUD OG CAVIAR BITTY CONE - DADIRRI","units":558,"revenue":9390.799560546875,"cost":5231.25,"profit":4159.5501708984375,"transactions":358,"margin":44.29999923706055},{"product":"ANIMAL SHERB MINTS CAVIAR CONE - DADIRRI","units":398,"revenue":9350.974731445312,"cost":4975.0,"profit":4375.975036621094,"transactions":272,"margin":46.79999923706055},{"product":"LA KUSH CAKE CAVIAR SUNROCK - DADIRRI","units":240,"revenue":9058.125,"cost":4500.0,"profit":4558.125,"transactions":224,"margin":50.29999923706055},{"product":"CHAMPAYA BUBBLE CONE INFUSED PRE ROLL - DADIRRI","units":374,"revenue":8667.750244140625,"cost":4675.0,"profit":3992.7499389648438,"transactions":298,"margin":46.099998474121094},{"product":"HFCS CAVIAR SUNROCK - DADIRRI","units":238,"revenue":8468.75,"cost":4462.5,"profit":4006.25,"transactions":200,"margin":47.29999923706055},{"product":"SUPER RUNTZ CAVIAR CONE - DADIRRI","units":334,"revenue":7737.19970703125,"cost":4175.0,"profit":3562.2000122070312,"transactions":250,"margin":46.0},{"product":"SILVER RESERVE CAVIAR CONE - DADIRRI","units":296,"revenue":7136.0498046875,"cost":3700.0,"profit":3436.0501098632812,"transactions":238,"margin":48.20000076293945},{"product":"MIDNIGHT DELIGHT CAVIAR BITTY CONE - DADIRRI","units":452,"revenue":6914.525146484375,"cost":3341.25,"profit":3573.275146484375,"transactions":336,"margin":51.70000076293945},{"product":"WIFI BARZ BUBBLE HASH - DADIRRI","units":130,"revenue":6675.32470703125,"cost":3412.5,"profit":3262.8250122070312,"transactions":124,"margin":48.900001525878906},{"product":"BANANA CREAM CAKE CAVIAR INFUSED PRE ROLL - DADIRRI","units":214,"revenue":6477.125244140625,"cost":2965.0,"profit":3512.1249389648438,"transactions":180,"margin":54.20000076293945},{"product":"BLACKOUT CHERRIES CAVIAR BITTY CONE - DADIRRI","units":400,"revenue":6412.974853515625,"cost":2673.75,"profit":3739.2251586914062,"transactions":334,"margin":58.29999923706055},{"product":"ANIMAL SHERB MINTS CAVIAR SUNROCK - DADIRRI","units":168,"revenue":6379.375,"cost":3025.0,"profit":3354.375,"transactions":142,"margin":52.599998474121094},{"product":"ORANGE BELTZ BUBBLE HASH INFUSED PRE ROLL - DADIRRI","units":342,"revenue":6138.599853515625,"cost":3021.25,"profit":3117.349853515625,"transactions":178,"margin":50.79999923706055},{"product":"SHAKE SHACK CAVIAR SUNROCK - DADIRRI","units":170,"revenue":6098.75,"cost":3187.5,"profit":2911.25,"transactions":144,"margin":47.70000076293945},{"product":"BISCOTTI CAVIAR SUNROCK - DADIRRI","units":150,"revenue":5993.7750244140625,"cost":2687.5,"profit":3306.2750244140625,"transactions":134,"margin":55.20000076293945},{"product":"HOT SPOT BUBBLE HASH INFUSED PRE ROLL - DADIRRI","units":274,"revenue":5829.89990234375,"cost":3008.75,"profit":2821.14990234375,"transactions":210,"margin":48.400001525878906},{"product":"MJ MINTS CAVIAR BITTY CONE - DADIRRI","units":422,"revenue":5694.375,"cost":2768.75,"profit":2925.625,"transactions":344,"margin":51.400001525878906},{"product":"GARLIC SHROOMS CAVIAR INFUSED PRE ROLL - DADIRRI","units":410,"revenue":5676.35009765625,"cost":2871.25,"profit":2805.10009765625,"transactions":310,"margin":49.400001525878906},{"product":"PINK RUNTZ BUBBLE CONE - DADIRRI","units":260,"revenue":5638.44970703125,"cost":2600.0,"profit":3038.4500122070312,"transactions":200,"margin":53.900001525878906}],"products_by_store":{"Elevation Springs":[{"product":"GARY POPPINS CAVIAR INFUSED PRE ROLL - DADIRRI","units":172,"revenue":4481.3250732421875,"cost":2580.0,"profit":1901.3250732421875,"transactions":110,"margin":42.400001525878906},{"product":"COSA NOSTRA BUBBLE HASH - DADIRRI","units":90,"revenue":4379.425048828125,"cost":2362.5,"profit":2016.925048828125,"transactions":76,"margin":46.099998474121094},{"product":"ORANGE BELTZ BUBBLE HASH INFUSED PRE ROLL - DADIRRI","units":212,"revenue":3725.474853515625,"cost":1775.0,"profit":1950.4750061035156,"transactions":88,"margin":52.400001525878906},{"product":"WHITE CLOUD OG CAVIAR BITTY CONE - DADIRRI","units":214,"revenue":3436.7999267578125,"cost":2006.25,"profit":1430.5500793457031,"transactions":120,"margin":41.599998474121094},{"product":"APPLE FRITTER CAVIAR CONE - DADIRRI","units":142,"revenue":3007.3748779296875,"cost":1775.0,"profit":1232.3750305175781,"transactions":104,"margin":41.0},{"product":"GEORGIA PIE BUBBLE HASH - DADIRRI","units":60,"revenue":2933.8748168945312,"cost":1575.0,"profit":1358.8749694824219,"transactions":52,"margin":46.29999923706055},{"product":"MIDNIGHT DELIGHT CAVIAR BITTY CONE - DADIRRI","units":180,"revenue":2873.4249877929688,"cost":1203.75,"profit":1669.6749877929688,"transactions":138,"margin":58.099998474121094},{"product":"BLACKOUT CHERRIES CAVIAR SUNROCK - DADIRRI","units":82,"revenue":2817.5,"cost":1537.5,"profit":1280.0,"transactions":78,"margin":45.400001525878906},{"product":"HFCS CAVIAR SUNROCK - DADIRRI","units":70,"revenue":2458.75,"cost":1312.5,"profit":1146.25,"transactions":60,"margin":46.599998474121094},{"product":"PAISAN BUBBLE HASH - DADIRRI","units":50,"revenue":2450.0,"cost":1312.5,"profit":1137.5,"transactions":40,"margin":46.400001525878906},{"product":"BLUE POWER BUBBLE HASH - DADIRRI","units":50,"revenue":2413.249969482422,"cost":1312.5,"profit":1100.7500457763672,"transactions":46,"margin":45.599998474121094},{"product":"TWO FACE BUBBLE HASH - DADIRRI","units":46,"revenue":2278.4999084472656,"cost":1207.5,"profit":1070.999984741211,"transactions":40,"margin":47.0},{"product":"MOCHI GELATO BUBBLE HASH - DADIRRI","units":50,"revenue":2272.5,"cost":1125.0,"profit":1147.5,"transactions":44,"margin":50.5},{"product":"CHERNOBYL BUBBLE HASH INFUSED PRE ROLL - DADIRRI","units":92,"revenue":2205.050048828125,"cost":1150.0,"profit":1055.0499725341797,"transactions":66,"margin":47.79999923706055},{"product":"BISCOTTI CAVIAR CONE - DADIRRI","units":80,"revenue":2118.8999938964844,"cost":1000.0,"profit":1118.8999938964844,"transactions":72,"margin":52.79999923706055}],"Elevation Mesa":[{"product":"TWO FACE BUBBLE HASH - DADIRRI","units":98,"revenue":4801.999816894531,"cost":2572.5,"profit":2229.499969482422,"transactions":90,"margin":46.400001525878906},{"product":"GRAPE STOMPER BUBBLE HASH - DADIRRI","units":80,"revenue":4066.6250610351562,"cost":2100.0,"profit":1966.6250610351562,"transactions":74,"margin":48.400001525878906},{"product":"FRITTER GLITTER CAVIAR SUNROCK - DADIRRI","units":82,"revenue":2652.5,"cost":1537.5,"profit":1115.0,"transactions":70,"margin":42.0},{"product":"GARY POPPINS CAVIAR INFUSED PRE ROLL - DADIRRI","units":96,"revenue":2617.0999145507812,"cost":1440.0,"profit":1177.0999908447266,"transactions":70,"margin":45.0},{"product":"WIFI BARZ BUBBLE HASH - DADIRRI","units":48,"revenue":2376.4999389648438,"cost":1260.0,"profit":1116.500015258789,"transactions":48,"margin":47.0},{"product":"PAISAN BUBBLE HASH - DADIRRI","units":50,"revenue":2303.000030517578,"cost":1312.5,"profit":990.5000305175781,"transactions":40,"margin":43.0},{"product":"SHAKE SHACK CAVIAR SUNROCK - DADIRRI","units":70,"revenue":2231.25,"cost":1312.5,"profit":918.75,"transactions":70,"margin":41.20000076293945},{"product":"CHAMPAYA BUBBLE CONE INFUSED PRE ROLL - DADIRRI","units":92,"revenue":2150.574951171875,"cost":1150.0,"profit":1000.5750274658203,"transactions":72,"margin":46.5},{"product":"LA KUSH CAKE CAVIAR CONE - DADIRRI","units":96,"revenue":1894.7499084472656,"cost":1200.0,"profit":694.7499847412109,"transactions":64,"margin":36.70000076293945},{"product":"MANDARIN COOKIE HAZE CAVIAR SUNROCK - DADIRRI","units":50,"revenue":1841.875,"cost":812.5,"profit":1029.375,"transactions":48,"margin":55.900001525878906},{"product":"WHITE CLOUD OG CAVIAR BITTY CONE - DADIRRI","units":98,"revenue":1721.3499450683594,"cost":918.75,"profit":802.6000213623047,"transactions":66,"margin":46.599998474121094},{"product":"LA KUSH CAKE CAVIAR SUNROCK - DADIRRI","units":48,"revenue":1712.5,"cost":900.0,"profit":812.5,"transactions":46,"margin":47.400001525878906},{"product":"ANIMAL SHERB MINTS CAVIAR SUNROCK - DADIRRI","units":50,"revenue":1708.75,"cost":812.5,"profit":896.25,"transactions":46,"margin":52.5},{"product":"STRAWBERRY LEMONADE CAVIAR BITTY CONE - DADIRRI","units":94,"revenue":1470.0999450683594,"cost":763.75,"profit":706.3500213623047,"transactions":74,"margin":48.0},{"product":"BISCOTTI CAVIAR CONE - DADIRRI","units":58,"revenue":1420.2999877929688,"cost":725.0,"profit":695.2999877929688,"transactions":40,"margin":49.0}],"Elevation Oasis":[{"product":"GRAPE STOMPER BUBBLE HASH - DADIRRI","units":100,"revenue":5463.499755859375,"cost":2625.0,"profit":2838.5000610351562,"transactions":100,"margin":52.0},{"product":"FORBIDDEN WIFE BUBBLE HASH - DADIRRI","units":102,"revenue":5448.6749267578125,"cost":2677.5,"profit":2771.1749267578125,"transactions":98,"margin":50.900001525878906},{"product":"ANIMAL SHERB MINTS CAVIAR SUNROCK - DADIRRI","units":100,"revenue":3988.125,"cost":1875.0,"profit":2113.125,"transactions":78,"margin":53.0},{"product":"SHAKE SHACK CAVIAR SUNROCK - DADIRRI","units":100,"revenue":3867.5,"cost":1875.0,"profit":1992.5,"transactions":74,"margin":51.5},{"product":"WIFI BARZ BUBBLE HASH - DADIRRI","units":50,"revenue":2854.2498779296875,"cost":1312.5,"profit":1541.7500305175781,"transactions":44,"margin":54.0},{"product":"TWO FACE BUBBLE HASH - DADIRRI","units":54,"revenue":2817.5,"cost":1417.5,"profit":1400.0,"transactions":42,"margin":49.70000076293945},{"product":"PAISAN BUBBLE HASH - DADIRRI","units":50,"revenue":2743.9999389648438,"cost":1312.5,"profit":1431.4999389648438,"transactions":42,"margin":52.20000076293945},{"product":"HOT SPOT BUBBLE HASH INFUSED PRE ROLL - DADIRRI","units":100,"revenue":2505.574951171875,"cost":1250.0,"profit":1255.5750274658203,"transactions":76,"margin":50.099998474121094},{"product":"LA KUSH CAKE CAVIAR SUNROCK - DADIRRI","units":52,"revenue":2117.5,"cost":975.0,"profit":1142.5,"transactions":46,"margin":54.0},{"product":"BISCOTTI CAVIAR SUNROCK - DADIRRI","units":50,"revenue":1960.0250244140625,"cost":937.5,"profit":1022.5250244140625,"transactions":42,"margin":52.20000076293945},{"product":"FRITTER GLITTER CAVIAR INFUSED PRE ROLL - DADIRRI","units":80,"revenue":1943.6000061035156,"cost":1000.0,"profit":943.6000061035156,"transactions":46,"margin":48.5},{"product":"BANANA CREAM CAKE CAVIAR INFUSED PRE ROLL - DADIRRI","units":54,"revenue":1610.050048828125,"cost":810.0,"profit":800.0499725341797,"transactions":42,"margin":49.70000076293945},{"product":"SUPER RUNTZ CAVIAR CONE - DADIRRI","units":74,"revenue":1558.4750366210938,"cost":925.0,"profit":633.4749984741211,"transactions":46,"margin":40.599998474121094},{"product":"SKINNI MINI BUBBLE HASH INFUSED PRE ROLL - DADIRRI","units":80,"revenue":1218.75,"cost":550.0,"profit":668.75,"transactions":56,"margin":54.900001525878906},{"product":"CHAMPAYA BUBBLE CONE INFUSED PRE ROLL - DADIRRI","units":42,"revenue":1078.5250091552734,"cost":525.0,"profit":553.5250091552734,"transactions":36,"margin":51.29999923706055}],"Elevation Midtown":[{"product":"BISCOTTI CAVIAR SUNROCK - DADIRRI","units":100,"revenue":4033.75,"cost":1750.0,"profit":2283.75,"transactions":92,"margin":56.599998474121094},{"product":"GEORGIA PIE BUBBLE HASH - DADIRRI","units":80,"revenue":4017.9998779296875,"cost":2100.0,"profit":1918.0000305175781,"transactions":72,"margin":47.70000076293945},{"product":"BLUE POWER BUBBLE HASH - DADIRRI","units":70,"revenue":3736.25,"cost":1837.5,"profit":1898.75,"transactions":68,"margin":50.79999923706055},{"product":"BANANA CREAM CAKE CAVIAR INFUSED PRE ROLL - DADIRRI","units":98,"revenue":3017.0498657226562,"cost":1225.0,"profit":1792.0500183105469,"transactions":86,"margin":59.400001525878906},{"product":"GARLIC BREAD BUBBLE HASH - DADIRRI","units":60,"revenue":2948.75,"cost":1350.0,"profit":1598.75,"transactions":58,"margin":54.20000076293945},{"product":"ROMAN KNIGHTS BUBBLE HASH - DADIRRI","units":50,"revenue":2940.0,"cost":1312.5,"profit":1627.5,"transactions":34,"margin":55.400001525878906},{"product":"PAISAN BUBBLE HASH - DADIRRI","units":50,"revenue":2866.4999389648438,"cost":1312.5,"profit":1553.9999389648438,"transactions":46,"margin":54.20000076293945},{"product":"MIDNIGHT DELIGHT CAVIAR SUNROCK - DADIRRI","units":80,"revenue":2808.75,"cost":1500.0,"profit":1308.75,"transactions":76,"margin":46.599998474121094},{"product":"HFCS CAVIAR SUNROCK - DADIRRI","units":70,"revenue":2708.125,"cost":1312.5,"profit":1395.625,"transactions":54,"margin":51.5},{"product":"LEMON GARLIC CAVIAR INFUSED PRE ROLL - DADIRRI","units":152,"revenue":2657.0498657226562,"cost":1270.0,"profit":1387.0500183105469,"transactions":102,"margin":52.20000076293945},{"product":"HOT SPOT BUBBLE HASH INFUSED PRE ROLL - DADIRRI","units":134,"revenue":2461.699981689453,"cost":1258.75,"profit":1202.9499816894531,"transactions":122,"margin":48.900001525878906},{"product":"MANDARIN COOKIE HAZE CAVIAR SUNROCK - DADIRRI","units":58,"revenue":2221.25,"cost":942.5,"profit":1278.75,"transactions":56,"margin":57.599998474121094},{"product":"LA KUSH CAKE BUBBLE HASH - DADIRRI","units":40,"revenue":2191.750030517578,"cost":900.0,"profit":1291.7500305175781,"transactions":32,"margin":58.900001525878906},{"product":"SILVER RESERVE CAVIAR CONE - DADIRRI","units":78,"revenue":2024.0249633789062,"cost":975.0,"profit":1049.0250396728516,"transactions":60,"margin":51.79999923706055},{"product":"LA KUSH CAKE CAVIAR SUNROCK - DADIRRI","units":50,"revenue":1938.125,"cost":937.5,"profit":1000.625,"transactions":48,"margin":51.599998474121094}],"Elevation Boulevard":[{"product":"CAP JUNKIE CAVIAR SUNROCK - DADIRRI","units":100,"revenue":3392.9998779296875,"cost":1625.0,"profit":1768.0000305175781,"transactions":82,"margin":52.099998474121094},{"product":"LA KUSH CAKE BUBBLE HASH - DADIRRI","units":60,"revenue":2978.2501220703125,"cost":1350.0,"profit":1628.2499694824219,"transactions":52,"margin":54.70000076293945},{"product":"KUSH MINTS BUBBLE HASH - DADIRRI","units":48,"revenue":2450.0,"cost":1260.0,"profit":1190.0,"transactions":44,"margin":48.599998474121094},{"product":"GEORGIA PIE BUBBLE HASH - DADIRRI","units":50,"revenue":2413.249969482422,"cost":1312.5,"profit":1100.7499694824219,"transactions":46,"margin":45.599998474121094},{"product":"ORANGE BELTZ BUBBLE HASH INFUSED PRE ROLL - DADIRRI","units":118,"revenue":2250.5999755859375,"cost":1171.25,"profit":1079.3499755859375,"transactions":86,"margin":48.0},{"product":"PRIMUS BUBBLE HASH - DADIRRI","units":50,"revenue":2229.499969482422,"cost":1312.5,"profit":916.9999694824219,"transactions":42,"margin":41.099998474121094},{"product":"FACE ON FIRE BUBBLE HASH - DADIRRI","units":46,"revenue":2192.7499389648438,"cost":1207.5,"profit":985.2500152587891,"transactions":44,"margin":44.900001525878906},{"product":"GARY POPPINS CAVIAR INFUSED PRE ROLL - DADIRRI","units":82,"revenue":2008.9250183105469,"cost":1230.0,"profit":778.9250183105469,"transactions":54,"margin":38.79999923706055},{"product":"LA KUSH CAKE CAVIAR SUNROCK - DADIRRI","units":50,"revenue":1820.0,"cost":937.5,"profit":882.5,"transactions":46,"margin":48.5},{"product":"WHITE CLOUD OG CAVIAR BITTY CONE - DADIRRI","units":86,"revenue":1564.0750122070312,"cost":806.25,"profit":757.8250122070312,"transactions":60,"margin":48.5},{"product":"GARLIC SHROOMS CAVIAR INFUSED PRE ROLL - DADIRRI","units":114,"revenue":1550.2499389648438,"cost":793.75,"profit":756.5000152587891,"transactions":92,"margin":48.79999923706055},{"product":"BLACKOUT CHERRIES CAVIAR SUNROCK - DADIRRI","units":50,"revenue":1463.0000305175781,"cost":937.5,"profit":525.4999923706055,"transactions":44,"margin":35.900001525878906},{"product":"WIFI BARZ BUBBLE HASH - DADIRRI","units":32,"revenue":1444.5750427246094,"cost":840.0,"profit":604.5750045776367,"transactions":32,"margin":41.900001525878906},{"product":"HFCS CAVIAR SUNROCK - DADIRRI","units":48,"revenue":1416.25,"cost":900.0,"profit":516.25,"transactions":44,"margin":36.5},{"product":"SUPER RUNTZ CAVIAR CONE - DADIRRI","units":48,"revenue":1023.6000061035156,"cost":600.0,"profit":423.6000061035156,"transactions":34,"margin":41.400001525878906}],"Elevation Parkway":[{"product":"ANIMAL SHERB MINTS CAVIAR CONE - DADIRRI","units":162,"revenue":3646.6998291015625,"cost":2025.0,"profit":1621.6999816894531,"transactions":110,"margin":44.5},{"product":"BLUE POWER BUBBLE HASH - DADIRRI","units":76,"revenue":3584.5001220703125,"cost":1995.0,"profit":1589.4999694824219,"transactions":74,"margin":44.29999923706055},{"product":"CHAMPAYA BUBBLE CONE INFUSED PRE ROLL - DADIRRI","units":102,"revenue":2454.2999267578125,"cost":1275.0,"profit":1179.3000030517578,"transactions":88,"margin":48.099998474121094},{"product":"SILVER RESERVE CAVIAR CONE - DADIRRI","units":94,"revenue":2432.2500610351562,"cost":1175.0,"profit":1257.249984741211,"transactions":82,"margin":51.70000076293945},{"product":"GEORGIA PIE BUBBLE HASH - DADIRRI","units":50,"revenue":2425.500030517578,"cost":1312.5,"profit":1113.0000305175781,"transactions":40,"margin":45.900001525878906},{"product":"BISCOTTI MINTZ BUBBLE CONE - DADIRRI","units":180,"revenue":2316.6250610351562,"cost":1462.5,"profit":854.1249847412109,"transactions":110,"margin":36.900001525878906},{"product":"TWO FACE BUBBLE HASH - DADIRRI","units":44,"revenue":2217.7499389648438,"cost":1155.0,"profit":1062.750015258789,"transactions":44,"margin":47.900001525878906},{"product":"MOCHI GELATO BUBBLE HASH - DADIRRI","units":40,"revenue":2115.0,"cost":900.0,"profit":1215.0,"transactions":34,"margin":57.400001525878906},{"product":"GARLIC BREAD BUBBLE HASH - DADIRRI","units":40,"revenue":1923.75,"cost":900.0,"profit":1023.75,"transactions":34,"margin":53.20000076293945},{"product":"HFCS CAVIAR SUNROCK - DADIRRI","units":50,"revenue":1885.625,"cost":937.5,"profit":948.125,"transactions":42,"margin":50.29999923706055},{"product":"BANANA CREAM CAKE CAVIAR INFUSED PRE ROLL - DADIRRI","units":62,"revenue":1850.0250244140625,"cost":930.0,"profit":920.0250244140625,"transactions":52,"margin":49.70000076293945},{"product":"WHITE CLOUD OG CAVIAR BITTY CONE - DADIRRI","units":112,"revenue":1844.0750122070312,"cost":1050.0,"profit":794.0750122070312,"transactions":70,"margin":43.099998474121094},{"product":"FRITTER GLITTER CAVIAR SUNROCK - DADIRRI","units":50,"revenue":1802.5,"cost":937.5,"profit":865.0,"transactions":46,"margin":48.0},{"product":"MOCHI CAVIAR CONE - DADIRRI","units":74,"revenue":1765.3500366210938,"cost":925.0,"profit":840.3500366210938,"transactions":52,"margin":47.599998474121094},{"product":"THIN MINTS X JEALOUSY CAVIAR INFUSED PRE ROLL - DADIRRI","units":122,"revenue":1707.9249572753906,"cost":838.75,"profit":869.1750335693359,"transactions":98,"margin":50.900001525878906}]},"store_summary":[{"store_clean":"Elevation Springs","units":3198,"revenue":73094.951171875,"cost":38301.25,"profit":34793.701171875,"discounts":17532.550048828125,"margin":47.599998474121094,"discount_rate":19.299999237060547},{"store_clean":"Elevation Midtown","units":2612,"revenue":69291.826171875,"cost":32530.0,"profit":36761.826171875,"discounts":9030.675048828125,"margin":53.099998474121094,"discount_rate":11.5},{"store_clean":"Elevation Mesa","units":2126,"revenue":52421.6259765625,"cost":27848.75,"profit":24572.8759765625,"discounts":13910.875244140625,"margin":46.900001525878906,"discount_rate":21.0},{"store_clean":"Elevation Oasis","units":1608,"revenue":49530.5517578125,"cost":24233.75,"profit":25296.79931640625,"discounts":7001.9500732421875,"margin":51.099998474121094,"discount_rate":12.399999618530273},{"store_clean":"Elevation Parkway","units":1996,"revenue":48267.8271484375,"cost":24920.0,"profit":23347.82470703125,"discounts":9497.17529296875,"margin":48.400001525878906,"discount_rate":16.399999618530273},{"store_clean":"Elevation Boulevard","units":1638,"revenue":41009.873046875,"cost":22165.0,"profit":18844.87548828125,"discounts":11615.12451171875,"margin":46.0,"discount_rate":22.100000381469727}],"recommendations":[{"severity":"red","title":"TESTER: BELOW CATEGORY AVERAGE","detail":"Margin (42.0%) is 16 pts below TESTER average. Ranked #4 of 9. Strong case for cost negotiation.","action":"Request 8% cost reduction or evaluate alternative TESTER brands."},{"severity":"info","title":"VOLUME LEVERAGE","detail":"$133,447 revenue provides negotiating leverage.","action":"Use volume as leverage in next vendor meeting."}],"comparison":null}