{"brand":"HIPPIES","date_range":"2024-01-01 00:00:00 to 2026-01-31 00:00:00","period_label":"All Time","summary":{"total_units":77450,"total_revenue":1672035.0,"total_cost":777556.5625,"total_discounts":740698.75,"total_profit":894478.4375,"overall_margin":53.5,"fp_margin":69.0,"disc_margin":50.900001525878906,"pct_full_price":14.5,"avg_discount_rate":30.700000762939453,"fp_revenue":242945.0,"disc_revenue":1429090.0,"brand":"HIPPIES","date_range":"2024-01-01 00:00:00 to 2026-01-31 00:00:00","primary_category":"FLOWER","store_coverage":"7/7","stores_present":["Elevation Springs","Elevation Mesa","Elevation Oasis","Elevation Downtown","Elevation Midtown","Elevation Boulevard","Elevation Parkway"],"stores_missing":[],"velocity_rank":16,"velocity_total":64},"distribution":[{"store":"Elevation Springs","carries_brand":true,"sku_count":100,"revenue":290056.0546875,"units":13400,"store_total_revenue":51138750.0,"brand_share_pct":0.6000000238418579},{"store":"Elevation Mesa","carries_brand":true,"sku_count":106,"revenue":373562.8125,"units":16950,"store_total_revenue":47532240.0,"brand_share_pct":0.800000011920929},{"store":"Elevation Oasis","carries_brand":true,"sku_count":106,"revenue":454473.9453125,"units":20256,"store_total_revenue":56050145.0,"brand_share_pct":0.800000011920929},{"store":"Elevation Downtown","carries_brand":true,"sku_count":36,"revenue":12799.55078125,"units":1096,"store_total_revenue":1945237.1875,"brand_share_pct":0.699999988079071},{"store":"Elevation Midtown","carries_brand":true,"sku_count":78,"revenue":178001.3671875,"units":8364,"store_total_revenue":30850185.0,"brand_share_pct":0.6000000238418579},{"store":"Elevation Boulevard","carries_brand":true,"sku_count":104,"revenue":257417.578125,"units":12458,"store_total_revenue":28757865.0,"brand_share_pct":0.8999999761581421},{"store":"Elevation Parkway","carries_brand":true,"sku_count":78,"revenue":105723.75,"units":4926,"store_total_revenue":21987007.5,"brand_share_pct":0.5}],"share_of_category":[{"category":"FLOWER","brand_revenue":1435221.5625,"category_revenue":77755450.0,"revenue_share_pct":1.7999999523162842,"brand_units":54754,"category_units":2708446,"units_share_pct":2.0},{"category":"PRE ROLL","brand_revenue":112326.25,"category_revenue":14009791.25,"revenue_share_pct":0.800000011920929,"brand_units":12964,"category_units":1485736,"units_share_pct":0.9},{"category":"EDIBLE","brand_revenue":76058.4716796875,"category_revenue":29378492.5,"revenue_share_pct":0.30000001192092896,"brand_units":7486,"category_units":1706530,"units_share_pct":0.4},{"category":"INFUSED FLOWER","brand_revenue":48428.701171875,"category_revenue":515348.203125,"revenue_share_pct":9.399999618530273,"brand_units":2246,"category_units":15824,"units_share_pct":14.2}],"share_of_category_trend":{"FLOWER":[{"period":"2024-01","brand_revenue":1181.25,"category_revenue":3552357.8125,"share_pct":0.0},{"period":"2024-02","brand_revenue":50817.94921875,"category_revenue":3535245.625,"share_pct":1.399999976158142},{"period":"2024-03","brand_revenue":31428.173828125,"category_revenue":3693805.625,"share_pct":0.8999999761581421},{"period":"2024-04","brand_revenue":53781.34765625,"category_revenue":3541899.6875,"share_pct":1.5},{"period":"2024-05","brand_revenue":9727.5,"category_revenue":3537479.375,"share_pct":0.30000001192092896},{"period":"2024-06","brand_revenue":41221.25,"category_revenue":3403269.6875,"share_pct":1.2000000476837158},{"period":"2024-07","brand_revenue":35798.75,"category_revenue":3457705.9375,"share_pct":1.0},{"period":"2024-08","brand_revenue":79910.0,"category_revenue":3453819.375,"share_pct":2.299999952316284},{"period":"2024-09","brand_revenue":58392.2509765625,"category_revenue":3316441.5625,"share_pct":1.7999999523162842},{"period":"2024-10","brand_revenue":39427.5,"category_revenue":3585775.0,"share_pct":1.100000023841858},{"period":"2024-11","brand_revenue":44243.1982421875,"category_revenue":3454855.3125,"share_pct":1.2999999523162842},{"period":"2024-12","brand_revenue":77233.75,"category_revenue":3226567.8125,"share_pct":2.4000000953674316},{"period":"2025-01","brand_revenue":87612.5,"category_revenue":2984938.125,"share_pct":2.9000000953674316},{"period":"2025-02","brand_revenue":70894.7998046875,"category_revenue":2816220.0,"share_pct":2.5},{"period":"2025-03","brand_revenue":82323.046875,"category_revenue":2911379.6875,"share_pct":2.799999952316284},{"period":"2025-04","brand_revenue":76092.548828125,"category_revenue":3118895.3125,"share_pct":2.4000000953674316},{"period":"2025-05","brand_revenue":84002.724609375,"category_revenue":2887345.0,"share_pct":2.9000000953674316},{"period":"2025-06","brand_revenue":44023.3251953125,"category_revenue":2773698.125,"share_pct":1.600000023841858},{"period":"2025-07","brand_revenue":69585.0,"category_revenue":2782763.125,"share_pct":2.5},{"period":"2025-08","brand_revenue":59607.5,"category_revenue":2733122.8125,"share_pct":2.200000047683716},{"period":"2025-09","brand_revenue":72209.5751953125,"category_revenue":2603501.5625,"share_pct":2.799999952316284},{"period":"2025-10","brand_revenue":65878.30078125,"category_revenue":2663705.0,"share_pct":2.5},{"period":"2025-11","brand_revenue":63166.2744140625,"category_revenue":2700189.0625,"share_pct":2.299999952316284},{"period":"2025-12","brand_revenue":76572.900390625,"category_revenue":2515209.53125,"share_pct":3.0},{"period":"2026-01","brand_revenue":60090.17578125,"category_revenue":2505261.875,"share_pct":2.4000000953674316}],"PRE ROLL":[{"period":"2024-01","brand_revenue":0.0,"category_revenue":508338.515625,"share_pct":0.0},{"period":"2024-02","brand_revenue":0.0,"category_revenue":489393.671875,"share_pct":0.0},{"period":"2024-03","brand_revenue":0.0,"category_revenue":520052.3828125,"share_pct":0.0},{"period":"2024-04","brand_revenue":0.0,"category_revenue":491300.6640625,"share_pct":0.0},{"period":"2024-05","brand_revenue":0.0,"category_revenue":542202.890625,"share_pct":0.0},{"period":"2024-06","brand_revenue":0.0,"category_revenue":507288.8671875,"share_pct":0.0},{"period":"2024-07","brand_revenue":0.0,"category_revenue":524250.9765625,"share_pct":0.0},{"period":"2024-08","brand_revenue":0.0,"category_revenue":612518.7109375,"share_pct":0.0},{"period":"2024-09","brand_revenue":0.0,"category_revenue":586543.0078125,"share_pct":0.0},{"period":"2024-10","brand_revenue":811.9999694824219,"category_revenue":641449.1796875,"share_pct":0.10000000149011612},{"period":"2024-11","brand_revenue":3097.5,"category_revenue":579866.71875,"share_pct":0.5},{"period":"2024-12","brand_revenue":2366.25,"category_revenue":582999.5703125,"share_pct":0.4000000059604645},{"period":"2025-01","brand_revenue":4844.075012207031,"category_revenue":544095.3125,"share_pct":0.8999999761581421},{"period":"2025-02","brand_revenue":3374.2498779296875,"category_revenue":500875.5859375,"share_pct":0.699999988079071},{"period":"2025-03","brand_revenue":13.999999761581421,"category_revenue":551422.0703125,"share_pct":0.0},{"period":"2025-04","brand_revenue":2701.25,"category_revenue":568189.375,"share_pct":0.5},{"period":"2025-05","brand_revenue":4954.8748779296875,"category_revenue":565516.875,"share_pct":0.8999999761581421},{"period":"2025-06","brand_revenue":11012.0751953125,"category_revenue":560506.71875,"share_pct":2.0},{"period":"2025-07","brand_revenue":11366.0498046875,"category_revenue":600916.09375,"share_pct":1.899999976158142},{"period":"2025-08","brand_revenue":7401.9000244140625,"category_revenue":620247.5,"share_pct":1.2000000476837158},{"period":"2025-09","brand_revenue":14091.075439453125,"category_revenue":608971.09375,"share_pct":2.299999952316284},{"period":"2025-10","brand_revenue":9149.375,"category_revenue":645293.1640625,"share_pct":1.399999976158142},{"period":"2025-11","brand_revenue":17533.7255859375,"category_revenue":581113.4765625,"share_pct":3.0},{"period":"2025-12","brand_revenue":19607.850341796875,"category_revenue":553088.5546875,"share_pct":3.5},{"period":"2026-01","brand_revenue":0.0,"category_revenue":523350.9375,"share_pct":0.0}],"EDIBLE":[{"period":"2024-01","brand_revenue":0.0,"category_revenue":1115754.921875,"share_pct":0.0},{"period":"2024-02","brand_revenue":0.0,"category_revenue":1235210.0,"share_pct":0.0},{"period":"2024-03","brand_revenue":0.0,"category_revenue":1273343.671875,"share_pct":0.0},{"period":"2024-04","brand_revenue":0.0,"category_revenue":1298159.0625,"share_pct":0.0},{"period":"2024-05","brand_revenue":0.0,"category_revenue":1215880.78125,"share_pct":0.0},{"period":"2024-06","brand_revenue":0.0,"category_revenue":1181362.421875,"share_pct":0.0},{"period":"2024-07","brand_revenue":0.0,"category_revenue":1128302.8125,"share_pct":0.0},{"period":"2024-08","brand_revenue":0.0,"category_revenue":1167724.921875,"share_pct":0.0},{"period":"2024-09","brand_revenue":0.0,"category_revenue":1114619.53125,"share_pct":0.0},{"period":"2024-10","brand_revenue":13221.600341796875,"category_revenue":1205149.0625,"share_pct":1.100000023841858},{"period":"2024-11","brand_revenue":15804.9755859375,"category_revenue":1236132.421875,"share_pct":1.2999999523162842},{"period":"2024-12","brand_revenue":45524.1015625,"category_revenue":1207318.046875,"share_pct":3.799999952316284},{"period":"2025-01","brand_revenue":268.75,"category_revenue":1176202.578125,"share_pct":0.0},{"period":"2025-02","brand_revenue":326.54998779296875,"category_revenue":1097683.359375,"share_pct":0.0},{"period":"2025-03","brand_revenue":912.5,"category_revenue":1228067.265625,"share_pct":0.10000000149011612},{"period":"2025-04","brand_revenue":0.0,"category_revenue":1290106.171875,"share_pct":0.0},{"period":"2025-05","brand_revenue":0.0,"category_revenue":1191670.3125,"share_pct":0.0},{"period":"2025-06","brand_revenue":0.0,"category_revenue":1110702.109375,"share_pct":0.0},{"period":"2025-07","brand_revenue":0.0,"category_revenue":1096938.125,"share_pct":0.0},{"period":"2025-08","brand_revenue":0.0,"category_revenue":1145920.859375,"share_pct":0.0},{"period":"2025-09","brand_revenue":0.0,"category_revenue":1070074.53125,"share_pct":0.0},{"period":"2025-10","brand_revenue":0.0,"category_revenue":1168865.78125,"share_pct":0.0},{"period":"2025-11","brand_revenue":0.0,"category_revenue":1192334.453125,"share_pct":0.0},{"period":"2025-12","brand_revenue":0.0,"category_revenue":1138094.375,"share_pct":0.0},{"period":"2026-01","brand_revenue":0.0,"category_revenue":1092874.21875,"share_pct":0.0}],"INFUSED FLOWER":[{"period":"2024-01","brand_revenue":0.0,"category_revenue":6570.250244140625,"share_pct":0.0},{"period":"2024-02","brand_revenue":0.0,"category_revenue":18343.62548828125,"share_pct":0.0},{"period":"2024-03","brand_revenue":0.0,"category_revenue":31018.3251953125,"share_pct":0.0},{"period":"2024-04","brand_revenue":0.0,"category_revenue":31596.826171875,"share_pct":0.0},{"period":"2024-05","brand_revenue":0.0,"category_revenue":21558.80126953125,"share_pct":0.0},{"period":"2024-06","brand_revenue":0.0,"category_revenue":24545.30029296875,"share_pct":0.0},{"period":"2024-07","brand_revenue":0.0,"category_revenue":16913.00048828125,"share_pct":0.0},{"period":"2024-08","brand_revenue":0.0,"category_revenue":16608.499755859375,"share_pct":0.0},{"period":"2024-09","brand_revenue":0.0,"category_revenue":19893.62548828125,"share_pct":0.0},{"period":"2024-10","brand_revenue":0.0,"category_revenue":17213.175048828125,"share_pct":0.0},{"period":"2024-11","brand_revenue":0.0,"category_revenue":15249.375,"share_pct":0.0},{"period":"2024-12","brand_revenue":0.0,"category_revenue":9560.999755859375,"share_pct":0.0},{"period":"2025-01","brand_revenue":0.0,"category_revenue":10154.500122070312,"share_pct":0.0},{"period":"2025-02","brand_revenue":0.0,"category_revenue":14429.625244140625,"share_pct":0.0},{"period":"2025-03","brand_revenue":0.0,"category_revenue":16804.69970703125,"share_pct":0.0},{"period":"2025-04","brand_revenue":0.0,"category_revenue":27190.70068359375,"share_pct":0.0},{"period":"2025-05","brand_revenue":0.0,"category_revenue":24856.12548828125,"share_pct":0.0},{"period":"2025-06","brand_revenue":0.0,"category_revenue":28754.82421875,"share_pct":0.0},{"period":"2025-07","brand_revenue":0.0,"category_revenue":26952.2998046875,"share_pct":0.0},{"period":"2025-08","brand_revenue":11805.0,"category_revenue":33438.67431640625,"share_pct":35.29999923706055},{"period":"2025-09","brand_revenue":7548.074951171875,"category_revenue":38734.65087890625,"share_pct":19.5},{"period":"2025-10","brand_revenue":10750.0,"category_revenue":22947.39990234375,"share_pct":46.79999923706055},{"period":"2025-11","brand_revenue":14834.1748046875,"category_revenue":15945.4248046875,"share_pct":93.0},{"period":"2025-12","brand_revenue":2582.0748901367188,"category_revenue":9305.8251953125,"share_pct":27.700000762939453},{"period":"2026-01","brand_revenue":909.375,"category_revenue":16761.624755859375,"share_pct":5.400000095367432}]},"velocity_by_category":[{"category":"FLOWER","brand_units_per_day":71.86,"category_avg_units_per_day":55.54,"velocity_index":129.4,"brand_rev_per_unit":20.97,"category_rev_per_unit":22.97,"brands_in_category":64},{"category":"INFUSED FLOWER","brand_units_per_day":2.94,"category_avg_units_per_day":2.6,"velocity_index":113.5,"brand_rev_per_unit":17.25,"category_rev_per_unit":26.05,"brands_in_category":8},{"category":"PRE ROLL","brand_units_per_day":17.02,"category_avg_units_per_day":42.38,"velocity_index":40.1,"brand_rev_per_unit":6.93,"category_rev_per_unit":7.54,"brands_in_category":46},{"category":"EDIBLE","brand_units_per_day":9.82,"category_avg_units_per_day":69.98,"velocity_index":14.0,"brand_rev_per_unit":8.13,"category_rev_per_unit":13.77,"brands_in_category":32}],"store_gaps":[{"store":"Elevation Downtown","category":"EDIBLE","category_revenue_at_store":354431.015625,"opportunity":"Category not carried at this store"}],"product_mix":{"top":[{"product":"GARLIC CREAM EIGHTH - HIPPIES","units":9652,"revenue":250256.62109375,"cost":118432.5,"profit":131824.12109375,"stores":7,"transactions":7480,"margin":52.70000076293945},{"product":"TOPANGA CAKE EIGHTH - HIPPIES","units":8322,"revenue":216964.4921875,"cost":103493.75,"profit":113470.751953125,"stores":6,"transactions":6466,"margin":52.29999923706055},{"product":"APE S#%T EIGHTH - HIPPIES","units":4776,"revenue":122416.62109375,"cost":56715.0,"profit":65701.6259765625,"stores":7,"transactions":3398,"margin":53.70000076293945},{"product":"SUPER MAC EIGHTH - HIPPIES","units":4212,"revenue":109655.44921875,"cost":51988.75,"profit":57666.69921875,"stores":6,"transactions":3158,"margin":52.599998474121094},{"product":"GSC X GELATO EIGHTH - HIPPIES","units":3168,"revenue":80947.900390625,"cost":38986.25,"profit":41961.650390625,"stores":6,"transactions":2442,"margin":51.79999923706055},{"product":"ALIEN ROCK CANDY EIGHTH - HIPPIES","units":2666,"revenue":73563.5498046875,"cost":33325.0,"profit":40238.5498046875,"stores":6,"transactions":2138,"margin":54.70000076293945},{"product":"CHEESEQUAKE EIGHTH - HIPPIES","units":2468,"revenue":63509.27734375,"cost":29952.5,"profit":33556.77490234375,"stores":7,"transactions":1932,"margin":52.79999923706055},{"product":"CHIPZ AHOY EIGHTH - HIPPIES","units":1850,"revenue":48199.1259765625,"cost":22451.25,"profit":25747.8759765625,"stores":6,"transactions":1478,"margin":53.400001525878906},{"product":"ROYAL GORILLA EIGHTH - HIPPIES","units":1694,"revenue":42600.2978515625,"cost":21175.0,"profit":21425.30029296875,"stores":6,"transactions":1388,"margin":50.29999923706055},{"product":"ORANGE DIESEL EIGHTH - HIPPIES","units":1310,"revenue":37867.7490234375,"cost":16287.5,"profit":21580.2490234375,"stores":4,"transactions":1062,"margin":57.0},{"product":"GORILLA ROCK CANDY EIGHTH - HIPPIES","units":1316,"revenue":33724.09912109375,"cost":15673.75,"profit":18050.350341796875,"stores":5,"transactions":972,"margin":53.5},{"product":"RAZZLE DAZZLE EIGHTH - HIPPIES","units":1282,"revenue":32918.75,"cost":16025.0,"profit":16893.75,"stores":6,"transactions":922,"margin":51.29999923706055},{"product":"FROSTED OREOZ EIGHTH - HIPPIES","units":1148,"revenue":31640.34912109375,"cost":14256.25,"profit":17384.100341796875,"stores":6,"transactions":982,"margin":54.900001525878906},{"product":"MAZEL TOV EIGHTH - HIPPIES","units":1194,"revenue":30552.099609375,"cost":14456.25,"profit":16095.849609375,"stores":3,"transactions":906,"margin":52.70000076293945},{"product":"MAC EIGHTH - HIPPIES","units":968,"revenue":27706.25,"cost":12100.0,"profit":15606.25,"stores":6,"transactions":718,"margin":56.29999923706055},{"product":"ICE CREAM CAKE EIGHTH - HIPPIES","units":836,"revenue":24888.75,"cost":10390.0,"profit":14498.75,"stores":4,"transactions":714,"margin":58.29999923706055},{"product":"SUPER MAC PRE ROLL - HIPPIES","units":2454,"revenue":23444.45068359375,"cost":9202.5,"profit":14241.949462890625,"stores":7,"transactions":2058,"margin":60.70000076293945},{"product":"APE S#%T PRE ROLL - HIPPIES","units":2680,"revenue":22593.62548828125,"cost":10112.5,"profit":12481.12548828125,"stores":6,"transactions":1808,"margin":55.20000076293945},{"product":"BISCOTTI EIGHTH - HIPPIES","units":682,"revenue":21922.02392578125,"cost":8525.0,"profit":13397.025146484375,"stores":5,"transactions":554,"margin":61.099998474121094},{"product":"APE S#!T EIGHTH - HIPPIES","units":786,"revenue":20476.25,"cost":9825.0,"profit":10651.25,"stores":5,"transactions":646,"margin":52.0}],"bottom":[{"product":"FROSTED MARSHMELLOW DIAMOND INFUSED GRAM - HIPPIES","units":138,"revenue":3108.75,"cost":862.5,"profit":2246.25,"stores":6,"transactions":126,"margin":72.30000305175781},{"product":"PUNCH PIE EIGHTH - HIPPIES","units":106,"revenue":2707.5,"cost":1325.0,"profit":1382.5,"stores":1,"transactions":64,"margin":51.099998474121094},{"product":"PUNCH PIE PRE ROLL - HIPPIES","units":298,"revenue":2577.7499389648438,"cost":1117.5,"profit":1460.2499389648438,"stores":4,"transactions":254,"margin":56.599998474121094},{"product":"CHEESEQUAKE PRE ROLL - HIPPIES","units":290,"revenue":2469.6499633789062,"cost":1087.5,"profit":1382.1499633789062,"stores":6,"transactions":232,"margin":56.0},{"product":"WIFI SHERBERT PRE ROLL - HIPPIES","units":244,"revenue":2217.5,"cost":915.0,"profit":1302.5,"stores":5,"transactions":214,"margin":58.70000076293945},{"product":"PERMANENT GAS PRE ROLL - HIPPIES","units":250,"revenue":2207.1749877929688,"cost":937.5,"profit":1269.6749877929688,"stores":5,"transactions":216,"margin":57.5},{"product":"GORILLA TITS PRE ROLL - HIPPIES","units":130,"revenue":1110.5000305175781,"cost":487.5,"profit":622.9999923706055,"stores":2,"transactions":116,"margin":56.099998474121094},{"product":"SWEET CHERRY BERRY GUMMIES - HIPPIES","units":40,"revenue":521.875,"cost":0.4999999701976776,"profit":521.3749694824219,"stores":1,"transactions":38,"margin":99.9000015258789},{"product":"MAZEL TOV PRE ROLL - HIPPIES","units":50,"revenue":353.25000762939453,"cost":187.5,"profit":165.75000762939453,"stores":1,"transactions":42,"margin":46.900001525878906},{"product":"GARLIC GUSHERS PRE ROLL - HIPPIES","units":50,"revenue":343.5000228881836,"cost":187.5,"profit":156.00000381469727,"stores":1,"transactions":46,"margin":45.400001525878906}],"expansion":[{"product":"TOPANGA CAKE EIGHTH - HIPPIES","current_stores":6,"total_stores":7,"missing_stores":["Elevation Downtown"],"revenue":216964.4921875},{"product":"SUPER MAC EIGHTH - HIPPIES","current_stores":6,"total_stores":7,"missing_stores":["Elevation Downtown"],"revenue":109655.44921875},{"product":"GSC X GELATO EIGHTH - HIPPIES","current_stores":6,"total_stores":7,"missing_stores":["Elevation Downtown"],"revenue":80947.900390625},{"product":"ALIEN ROCK CANDY EIGHTH - HIPPIES","current_stores":6,"total_stores":7,"missing_stores":["Elevation Downtown"],"revenue":73563.5498046875},{"product":"CHIPZ AHOY EIGHTH - HIPPIES","current_stores":6,"total_stores":7,"missing_stores":["Elevation Midtown"],"revenue":48199.1259765625},{"product":"ROYAL GORILLA EIGHTH - HIPPIES","current_stores":6,"total_stores":7,"missing_stores":["Elevation Downtown"],"revenue":42600.2978515625},{"product":"ORANGE DIESEL EIGHTH - HIPPIES","current_stores":4,"total_stores":7,"missing_stores":["Elevation Downtown","Elevation Boulevard","Elevation Parkway"],"revenue":37867.7490234375},{"product":"GORILLA ROCK CANDY EIGHTH - HIPPIES","current_stores":5,"total_stores":7,"missing_stores":["Elevation Midtown","Elevation Parkway"],"revenue":33724.09912109375},{"product":"RAZZLE DAZZLE EIGHTH - HIPPIES","current_stores":6,"total_stores":7,"missing_stores":["Elevation Downtown"],"revenue":32918.75},{"product":"FROSTED OREOZ EIGHTH - HIPPIES","current_stores":6,"total_stores":7,"missing_stores":["Elevation Downtown"],"revenue":31640.34912109375}]},"pricing_consistency":[{"product":"STRAWNANA EIGHTH - HIPPIES","min_price":39.640379685621994,"max_price":67.5,"avg_price":57.03370499957871,"std_dev":4.237735623108683,"store_count":12,"price_range":27.859620314378006,"range_pct":48.8},{"product":"SOUR GREEN APPLE BERRY GUMMIES - HIPPIES","min_price":17.891949152542374,"max_price":27.295338258904923,"avg_price":20.3255252568021,"std_dev":1.4007341666780073,"store_count":12,"price_range":9.403389106362551,"range_pct":46.3},{"product":"BISCOTTI EIGHTH - HIPPIES","min_price":50.0,"max_price":79.2,"avg_price":64.54164114082384,"std_dev":4.84613833317546,"store_count":10,"price_range":29.2,"range_pct":45.2},{"product":"MANGO MILK PRE ROLL - HIPPIES","min_price":14.260000610351561,"max_price":22.23999938964844,"avg_price":17.796705671927672,"std_dev":0.9906554957780572,"store_count":14,"price_range":7.979998779296875,"range_pct":44.8},{"product":"MAC EIGHTH - HIPPES","min_price":52.800000000000004,"max_price":77.91666666666667,"avg_price":65.35833333333333,"std_dev":7.104066128320848,"store_count":4,"price_range":25.116666666666667,"range_pct":38.4},{"product":"PERMANENT GAS PRE ROLL - HIPPIES","min_price":14.350000000000001,"max_price":21.0,"avg_price":17.657399902343748,"std_dev":0.9987191055375041,"store_count":10,"price_range":6.65,"range_pct":37.7},{"product":"ORANGE CREAMSICLE DIAMOND INFUSED GRAM - HIPPIES","min_price":37.142857142857146,"max_price":51.04166666666667,"avg_price":43.89750417710943,"std_dev":1.9059695327849728,"store_count":12,"price_range":13.898809523809526,"range_pct":31.7},{"product":"OGIESEL PRE ROLL - HIPPIES","min_price":15.352999877929687,"max_price":20.7,"avg_price":17.89052221384265,"std_dev":0.7337223024232831,"store_count":14,"price_range":5.347000122070311,"range_pct":29.9},{"product":"SWEET TIKI PUNCH GUMMIES - HIPPIES","min_price":18.078512396694215,"max_price":24.18664383561644,"avg_price":20.80399686268072,"std_dev":0.8497676118328407,"store_count":12,"price_range":6.108131438922224,"range_pct":29.4},{"product":"ICE CREAM CAKE EIGHTH - HIPPIES","min_price":53.46938775510204,"max_price":70.95,"avg_price":60.87088312298604,"std_dev":2.921929799707897,"store_count":8,"price_range":17.480612244897955,"range_pct":28.7},{"product":"ORANGE DIESEL EIGHTH - HIPPIES","min_price":50.11363636363637,"max_price":66.21428571428571,"avg_price":57.91708362423471,"std_dev":2.6848405306755474,"store_count":8,"price_range":16.10064935064934,"range_pct":27.8},{"product":"SWEET CITRUS PUNCH GUMMIES - HIPPIES","min_price":17.135416666666668,"max_price":22.18892694063927,"avg_price":18.539319684166955,"std_dev":0.7606344198193145,"store_count":12,"price_range":5.053510273972604,"range_pct":27.3},{"product":"MAC EIGHTH - HIPPIES","min_price":51.48230088495575,"max_price":66.6,"avg_price":58.543971400359,"std_dev":2.2553704111091912,"store_count":12,"price_range":15.11769911504425,"range_pct":25.8},{"product":"WIFI SHERBERT PRE ROLL - HIPPIES","min_price":16.720001220703125,"max_price":21.195652173913043,"avg_price":18.217964078377985,"std_dev":0.7078572800091872,"store_count":10,"price_range":4.475650953209918,"range_pct":24.6},{"product":"FROSTED MARSHMELLOW DIAMOND INFUSED GRAM - HIPPIES","min_price":39.166666666666664,"max_price":49.73958333333333,"avg_price":43.595486111111114,"std_dev":1.69639475390966,"store_count":12,"price_range":10.572916666666664,"range_pct":24.3},{"product":"APE S#%T PRE ROLL - HIPPIES","min_price":16.177419354838708,"max_price":20.125,"avg_price":17.326724906335123,"std_dev":0.5953237627011027,"store_count":12,"price_range":3.9475806451612927,"range_pct":22.8},{"product":"SWEET BLUE COCONUT GUMMIES - HIPPIES","min_price":18.052685950413224,"max_price":22.47817734540519,"avg_price":19.881331701687053,"std_dev":0.8053735782298244,"store_count":12,"price_range":4.425491394991967,"range_pct":22.3},{"product":"GARLIC CREAM PRE ROLL - HIPPIES","min_price":15.210000610351562,"max_price":18.313334147135414,"avg_price":16.434611603984084,"std_dev":0.4306654199578117,"store_count":14,"price_range":3.1033335367838544,"range_pct":18.9},{"product":"SOUR CHERRY BERRY GUMMIES - HIPPIES","min_price":17.9375,"max_price":21.69321997691009,"avg_price":20.03926578088501,"std_dev":0.5522645626154643,"store_count":12,"price_range":3.75571997691009,"range_pct":18.7},{"product":"ICE CREAM CAKE PRE ROLL - HIPPIES","min_price":15.442708333333332,"max_price":18.596938775510203,"avg_price":17.142828164133086,"std_dev":0.5507234604494179,"store_count":8,"price_range":3.1542304421768708,"range_pct":18.4},{"product":"CHEESEQUAKE PRE ROLL - HIPPIES","min_price":15.845999145507811,"max_price":18.93000030517578,"avg_price":17.014333343505857,"std_dev":0.45359671334005147,"store_count":12,"price_range":3.0840011596679684,"range_pct":18.1},{"product":"SUPER MAC PRE ROLL - HIPPIES","min_price":17.375,"max_price":20.635416666666664,"avg_price":19.036675019399517,"std_dev":0.3973465121269066,"store_count":14,"price_range":3.2604166666666656,"range_pct":17.1},{"product":"CHIPZ AHOY EIGHTH - HIPPIES","min_price":49.31196015456627,"max_price":58.33333333333333,"avg_price":53.46864038711218,"std_dev":1.2640722726306015,"store_count":12,"price_range":9.02137317876706,"range_pct":16.9},{"product":"ALIEN ROCK CANDY EIGHTH - HIPPIES","min_price":48.87388780381944,"max_price":57.74497487437186,"avg_price":54.537629193507826,"std_dev":1.351938306718496,"store_count":12,"price_range":8.871087070552415,"range_pct":16.3},{"product":"FROSTED OREOZ EIGHTH - HIPPIES","min_price":51.2,"max_price":59.875,"avg_price":54.733195762028764,"std_dev":1.3043252902433045,"store_count":12,"price_range":8.674999999999997,"range_pct":15.8},{"product":"FROSTED MARSHMELLOW DIAMOND INFUSED FLOWER - HIPPIES","min_price":41.333333333333336,"max_price":48.20754716981132,"avg_price":44.538078061413245,"std_dev":1.163468664988426,"store_count":10,"price_range":6.874213836477985,"range_pct":15.4},{"product":"ORANGE CREAMSICLE DIAMOND INFUSED FLOWER - HIPPIES","min_price":39.25,"max_price":45.86956521739131,"avg_price":43.71320438663173,"std_dev":0.8502885477232315,"store_count":14,"price_range":6.61956521739131,"range_pct":15.1},{"product":"GORILLA TTS EIGHTH - HIPPES","min_price":49.3,"max_price":56.3,"avg_price":52.037499999999994,"std_dev":1.3152819723035312,"store_count":8,"price_range":7.000000000000002,"range_pct":13.5},{"product":"CREAM CHEESE EIGHTH - HIPPIES","min_price":49.21875,"max_price":55.875,"avg_price":51.675223214285715,"std_dev":1.1682587912429019,"store_count":8,"price_range":6.6562500000000036,"range_pct":12.9},{"product":"APE S#%T EIGHTH - HIPPIES","min_price":49.25,"max_price":55.412499999999994,"avg_price":51.59853649398223,"std_dev":0.8031131810760519,"store_count":14,"price_range":6.1625,"range_pct":11.9}],"promotional_effectiveness":{"lift":{"fp_units_per_day":15.52,"disc_units_per_day":95.6,"lift_pct":515.7,"fp_avg_revenue_per_unit":49.275000000000006,"disc_avg_revenue_per_unit":42.275},"by_deal":[{"deal_name":"Stock & Save - 1/4 for $40","uses":7376,"revenue":593394.4999885559,"discounts":297898.0000066757,"units":23739.0,"cost":296455.0,"margin":50.0,"discount_depth":66.8},{"deal_name":"Lit4Less - 1/4 for $40","uses":4744,"revenue":374181.354165872,"discounts":187643.645832936,"units":14993.666666666666,"cost":178316.0416666667,"margin":52.3,"discount_depth":66.8},{"deal_name":"Lit4Less - PR - 5 for $30","uses":1923,"revenue":46816.175001859665,"discounts":24468.825001120567,"units":6254.0,"cost":23482.5,"margin":49.8,"discount_depth":68.6},{"deal_name":"Industry - 30% Off","uses":1697,"revenue":89781.3499879837,"discounts":38542.40000247955,"units":3869.0,"cost":41161.2749999715,"margin":54.2,"discount_depth":60.0},{"deal_name":"Industry 30% Off","uses":544,"revenue":24481.13754749298,"discounts":10688.862515091896,"units":1334.0,"cost":10509.375,"margin":57.1,"discount_depth":60.8},{"deal_name":"30% Off Special","uses":523,"revenue":26560.124987363815,"discounts":11393.625007867813,"units":1141.0,"cost":12935.0,"margin":51.3,"discount_depth":60.0},{"deal_name":"4 for $25 Hippies Gummies","uses":498,"revenue":35672.699999809265,"discounts":35608.550000190735,"units":4562.0,"cost":26616.299999915063,"margin":25.4,"discount_depth":100.0},{"deal_name":"Hippies 1/4 for $40","uses":484,"revenue":55465.0,"discounts":44335.0,"units":2214.0,"cost":27675.0,"margin":50.1,"discount_depth":88.8},{"deal_name":"Spark the Summer Sale","uses":328,"revenue":14155.825037956238,"discounts":9531.674964427948,"units":902.0,"cost":7862.5,"margin":44.5,"discount_depth":80.4},{"deal_name":"50% Off - G2B","uses":275,"revenue":8571.29583199819,"discounts":8662.870832284292,"units":731.6666666666666,"cost":5188.541666666666,"margin":39.5,"discount_depth":100.6},{"deal_name":"Senior - 10% Off","uses":220,"revenue":17037.00002670288,"discounts":1917.9999980330467,"units":726.0,"cost":5920.474999998696,"margin":65.2,"discount_depth":20.2},{"deal_name":"Jackpot - Locals 30% Off","uses":198,"revenue":10840.375008583069,"discounts":4645.875002145767,"units":476.0,"cost":4812.624999997206,"margin":55.6,"discount_depth":60.0},{"deal_name":"Stock & Save - PR - 5 for $30","uses":196,"revenue":5281.999998092651,"discounts":3392.999999523163,"units":706.0,"cost":2647.5,"margin":49.9,"discount_depth":78.2},{"deal_name":"Veterans - 10% Off","uses":185,"revenue":11612.750031352043,"discounts":1297.249998152256,"units":559.0,"cost":4015.3249999927357,"margin":65.4,"discount_depth":20.0},{"deal_name":"Lit4Less - 1/4 for $50","uses":150,"revenue":12493.75,"discounts":2506.25,"units":400.0,"cost":4763.75,"margin":61.9,"discount_depth":33.4},{"deal_name":"4/20 2025 - Flower / Infused","uses":129,"revenue":7279.049999713898,"discounts":7345.950000286102,"units":390.0,"cost":4875.0,"margin":33.0,"discount_depth":100.4},{"deal_name":"Employee 30% - NOT FRIDAYS","uses":119,"revenue":5173.137505054474,"discounts":2230.6125020980835,"units":269.0,"cost":2369.399999999441,"margin":54.2,"discount_depth":60.2},{"deal_name":"Senior / Veterans - 20% Off","uses":117,"revenue":8513.49999666214,"discounts":2187.749999165535,"units":358.0,"cost":3172.5499999988824,"margin":62.7,"discount_depth":40.8},{"deal_name":"Employee - 40% OFF","uses":78,"revenue":3997.050002217293,"discounts":2640.4499983787537,"units":207.0,"cost":2144.375,"margin":46.4,"discount_depth":79.6},{"deal_name":"LVAC - 25% Off","uses":25,"revenue":1005.0,"discounts":335.0,"units":56.0,"cost":416.25,"margin":58.6,"discount_depth":50.0}]},"growth_opportunities":[{"type":"sku_expansion","title":"Add 'ALIEN ROCK CANDY EIGHTH - HIPPIES' to 1 more store(s)","detail":"Carried in 6 stores. Missing from: Elevation Downtown","priority":"medium"},{"type":"sku_expansion","title":"Add 'ALIEN ROCK CANDY PRE ROLL - HIPPIES' to 2 more store(s)","detail":"Carried in 5 stores. Missing from: Elevation Downtown, Elevation Parkway","priority":"medium"},{"type":"sku_expansion","title":"Add 'APE S#!T EIGHTH - HIPPIES' to 2 more store(s)","detail":"Carried in 5 stores. Missing from: Elevation Oasis, Elevation Downtown","priority":"medium"},{"type":"sku_expansion","title":"Add 'APE S#%T PRE ROLL - HIPPIES' to 1 more store(s)","detail":"Carried in 6 stores. Missing from: Elevation Parkway","priority":"medium"},{"type":"sku_expansion","title":"Add 'APE S**T EIGHTH - HIPPES' to 5 more store(s)","detail":"Carried in 2 stores. Missing from: Elevation Mesa, Elevation Downtown, Elevation Midtown, Elevation Boulevard, Elevation Parkway","priority":"medium"},{"type":"velocity","title":"Improve velocity in PRE ROLL","detail":"Velocity index 40 (below category average). 8.5 units/day vs 21.2 avg.","priority":"medium"},{"type":"velocity","title":"Improve velocity in EDIBLE","detail":"Velocity index 14 (below category average). 4.9 units/day vs 35.0 avg.","priority":"medium"}],"trend":[{"period":"2024-01","revenue":1181.25,"cost":525.0,"margin":55.6,"units":42,"transactions":40,"profit":656.25,"revenue_change_pct":null,"units_change_pct":null,"margin_change_pts":null},{"period":"2024-02","revenue":50817.94921875,"cost":20250.0,"margin":60.2,"units":1620,"transactions":1290,"profit":30567.94921875,"revenue_change_pct":4202.0,"units_change_pct":3757.1,"margin_change_pts":4.6},{"period":"2024-03","revenue":31428.173828125,"cost":11150.0,"margin":64.5,"units":892,"transactions":724,"profit":20278.175048828125,"revenue_change_pct":-38.2,"units_change_pct":-44.9,"margin_change_pts":4.4},{"period":"2024-04","revenue":53781.34765625,"cost":25200.0,"margin":53.1,"units":2016,"transactions":998,"profit":28581.35009765625,"revenue_change_pct":71.1,"units_change_pct":126.0,"margin_change_pts":-11.4},{"period":"2024-05","revenue":9727.5,"cost":3000.0,"margin":69.2,"units":240,"transactions":196,"profit":6727.5,"revenue_change_pct":-81.9,"units_change_pct":-88.1,"margin_change_pts":16.0},{"period":"2024-06","revenue":41221.25,"cost":16975.0,"margin":58.8,"units":1358,"transactions":954,"profit":24246.25,"revenue_change_pct":323.8,"units_change_pct":465.8,"margin_change_pts":-10.3},{"period":"2024-07","revenue":35798.75,"cost":14675.0,"margin":59.0,"units":1174,"transactions":978,"profit":21123.75,"revenue_change_pct":-13.2,"units_change_pct":-13.5,"margin_change_pts":0.2},{"period":"2024-08","revenue":79910.0,"cost":38525.0,"margin":51.8,"units":3082,"transactions":2002,"profit":41385.0,"revenue_change_pct":123.2,"units_change_pct":162.5,"margin_change_pts":-7.2},{"period":"2024-09","revenue":58392.2509765625,"cost":28425.0,"margin":51.3,"units":2274,"transactions":1556,"profit":29967.2509765625,"revenue_change_pct":-26.9,"units_change_pct":-26.2,"margin_change_pts":-0.5},{"period":"2024-10","revenue":53461.0986328125,"cost":23520.625,"margin":56.0,"units":2524,"transactions":1522,"profit":29940.47607421875,"revenue_change_pct":-8.4,"units_change_pct":11.0,"margin_change_pts":4.7},{"period":"2024-11","revenue":63145.673828125,"cost":28312.77587890625,"margin":55.2,"units":3142,"transactions":1988,"profit":34832.900390625,"revenue_change_pct":18.1,"units_change_pct":24.5,"margin_change_pts":-0.8},{"period":"2024-12","revenue":125124.1015625,"cost":68834.4482421875,"margin":45.0,"units":8472,"transactions":3730,"profit":56289.6484375,"revenue_change_pct":98.2,"units_change_pct":169.6,"margin_change_pts":-10.2},{"period":"2025-01","revenue":92725.322265625,"cost":44702.5,"margin":51.8,"units":3898,"transactions":2760,"profit":48022.8271484375,"revenue_change_pct":-25.9,"units_change_pct":-54.0,"margin_change_pts":6.8},{"period":"2025-02","revenue":74595.6005859375,"cost":36532.5,"margin":51.0,"units":3190,"transactions":2208,"profit":38063.1005859375,"revenue_change_pct":-19.6,"units_change_pct":-18.2,"margin_change_pts":-0.8},{"period":"2025-03","revenue":83249.55078125,"cost":40607.5,"margin":51.2,"units":3290,"transactions":2238,"profit":42642.05078125,"revenue_change_pct":11.6,"units_change_pct":3.1,"margin_change_pts":0.2},{"period":"2025-04","revenue":78793.798828125,"cost":39605.0,"margin":49.7,"units":3342,"transactions":2158,"profit":39188.798828125,"revenue_change_pct":-5.4,"units_change_pct":1.6,"margin_change_pts":-1.5},{"period":"2025-05","revenue":88957.59765625,"cost":42867.5,"margin":51.8,"units":3764,"transactions":2364,"profit":46090.09765625,"revenue_change_pct":12.9,"units_change_pct":12.6,"margin_change_pts":2.1},{"period":"2025-06","revenue":55035.400390625,"cost":27080.0,"margin":50.8,"units":3158,"transactions":2226,"profit":27955.400390625,"revenue_change_pct":-38.1,"units_change_pct":-16.1,"margin_change_pts":-1.0},{"period":"2025-07","revenue":80951.0498046875,"cost":37227.5,"margin":54.0,"units":4010,"transactions":2662,"profit":43723.5498046875,"revenue_change_pct":47.1,"units_change_pct":27.0,"margin_change_pts":3.2},{"period":"2025-08","revenue":78814.3994140625,"cost":34345.0,"margin":56.4,"units":3722,"transactions":2548,"profit":44469.3994140625,"revenue_change_pct":-2.6,"units_change_pct":-7.2,"margin_change_pts":2.4},{"period":"2025-09","revenue":93848.720703125,"cost":41682.5,"margin":55.6,"units":4800,"transactions":3408,"profit":52166.2255859375,"revenue_change_pct":19.1,"units_change_pct":29.0,"margin_change_pts":-0.8},{"period":"2025-10","revenue":85777.67578125,"cost":37158.75,"margin":56.7,"units":4098,"transactions":3084,"profit":48618.92578125,"revenue_change_pct":-8.6,"units_change_pct":-14.6,"margin_change_pts":1.1},{"period":"2025-11","revenue":95534.1796875,"cost":42997.5,"margin":55.0,"units":5490,"transactions":3838,"profit":52536.6748046875,"revenue_change_pct":11.4,"units_change_pct":34.0,"margin_change_pts":-1.7},{"period":"2025-12","revenue":98762.822265625,"cost":45247.5,"margin":54.2,"units":5464,"transactions":3416,"profit":53515.3271484375,"revenue_change_pct":3.4,"units_change_pct":-0.5,"margin_change_pts":-0.8},{"period":"2026-01","revenue":60999.55078125,"cost":28110.0,"margin":53.9,"units":2388,"transactions":1616,"profit":32889.55078125,"revenue_change_pct":-38.2,"units_change_pct":-56.3,"margin_change_pts":-0.3}]}