{"brand":"HIPPIES","date_range":"2024-01-01 00:00:00 to 2026-01-31 00:00:00","period_label":"All Time","summary":{"total_units":77450,"total_revenue":1672035.0,"total_cost":777556.5625,"total_discounts":740698.75,"total_profit":894478.4375,"overall_margin":53.5,"fp_margin":69.0,"disc_margin":50.900001525878906,"pct_full_price":14.5,"avg_discount_rate":30.700000762939453,"fp_revenue":242945.0,"disc_revenue":1429090.0,"unique_customers":31074,"brand":"HIPPIES","date_range":"2024-01-01 00:00:00 to 2026-01-31 00:00:00","months_count":50,"avg_monthly_cost":31102.275,"cost_per_unit":20.075,"primary_category":"FLOWER","primary_cat_margin":54.099998474121094,"category_rank":17,"category_total":64,"margin_vs_category":-0.6000000238418579,"velocity_rank":16},"category_breakdown":[{"category_clean":"FLOWER","units":54754,"revenue":1435221.5625,"cost":673218.75,"profit":762002.8125,"discounts":653540.8984375,"margin":53.099998474121094,"category_avg_margin":54.099998474121094,"vs_category":-1.0,"rank":17.0,"total_brands":64.0},{"category_clean":"PRE ROLL","units":12964,"revenue":112326.25,"cost":48677.5,"profit":63648.75,"discounts":37901.25,"margin":56.70000076293945,"category_avg_margin":48.29999923706055,"vs_category":8.4,"rank":21.0,"total_brands":46.0},{"category_clean":"EDIBLE","units":7486,"revenue":76058.4765625,"cost":41622.8515625,"profit":34435.625,"discounts":40910.27587890625,"margin":45.29999923706055,"category_avg_margin":50.0,"vs_category":-4.7,"rank":22.0,"total_brands":32.0},{"category_clean":"INFUSED FLOWER","units":2246,"revenue":48428.701171875,"cost":14037.5,"profit":34391.201171875,"discounts":8346.300048828125,"margin":71.0,"category_avg_margin":51.79999923706055,"vs_category":19.2,"rank":3.0,"total_brands":8.0}],"trend":[{"period":"2024-01","revenue":1181.25,"cost":525.0,"margin":55.6,"units":42,"transactions":40,"profit":656.25,"revenue_change_pct":null,"units_change_pct":null,"margin_change_pts":null},{"period":"2024-02","revenue":50817.94921875,"cost":20250.0,"margin":60.2,"units":1620,"transactions":1290,"profit":30567.94921875,"revenue_change_pct":4202.0,"units_change_pct":3757.1,"margin_change_pts":4.6},{"period":"2024-03","revenue":31428.173828125,"cost":11150.0,"margin":64.5,"units":892,"transactions":724,"profit":20278.175048828125,"revenue_change_pct":-38.2,"units_change_pct":-44.9,"margin_change_pts":4.4},{"period":"2024-04","revenue":53781.34765625,"cost":25200.0,"margin":53.1,"units":2016,"transactions":998,"profit":28581.35009765625,"revenue_change_pct":71.1,"units_change_pct":126.0,"margin_change_pts":-11.4},{"period":"2024-05","revenue":9727.5,"cost":3000.0,"margin":69.2,"units":240,"transactions":196,"profit":6727.5,"revenue_change_pct":-81.9,"units_change_pct":-88.1,"margin_change_pts":16.0},{"period":"2024-06","revenue":41221.25,"cost":16975.0,"margin":58.8,"units":1358,"transactions":954,"profit":24246.25,"revenue_change_pct":323.8,"units_change_pct":465.8,"margin_change_pts":-10.3},{"period":"2024-07","revenue":35798.75,"cost":14675.0,"margin":59.0,"units":1174,"transactions":978,"profit":21123.75,"revenue_change_pct":-13.2,"units_change_pct":-13.5,"margin_change_pts":0.2},{"period":"2024-08","revenue":79910.0,"cost":38525.0,"margin":51.8,"units":3082,"transactions":2002,"profit":41385.0,"revenue_change_pct":123.2,"units_change_pct":162.5,"margin_change_pts":-7.2},{"period":"2024-09","revenue":58392.2509765625,"cost":28425.0,"margin":51.3,"units":2274,"transactions":1556,"profit":29967.2509765625,"revenue_change_pct":-26.9,"units_change_pct":-26.2,"margin_change_pts":-0.5},{"period":"2024-10","revenue":53461.0986328125,"cost":23520.625,"margin":56.0,"units":2524,"transactions":1522,"profit":29940.47607421875,"revenue_change_pct":-8.4,"units_change_pct":11.0,"margin_change_pts":4.7},{"period":"2024-11","revenue":63145.673828125,"cost":28312.77587890625,"margin":55.2,"units":3142,"transactions":1988,"profit":34832.900390625,"revenue_change_pct":18.1,"units_change_pct":24.5,"margin_change_pts":-0.8},{"period":"2024-12","revenue":125124.1015625,"cost":68834.4482421875,"margin":45.0,"units":8472,"transactions":3730,"profit":56289.6484375,"revenue_change_pct":98.2,"units_change_pct":169.6,"margin_change_pts":-10.2},{"period":"2025-01","revenue":92725.322265625,"cost":44702.5,"margin":51.8,"units":3898,"transactions":2760,"profit":48022.8271484375,"revenue_change_pct":-25.9,"units_change_pct":-54.0,"margin_change_pts":6.8},{"period":"2025-02","revenue":74595.6005859375,"cost":36532.5,"margin":51.0,"units":3190,"transactions":2208,"profit":38063.1005859375,"revenue_change_pct":-19.6,"units_change_pct":-18.2,"margin_change_pts":-0.8},{"period":"2025-03","revenue":83249.55078125,"cost":40607.5,"margin":51.2,"units":3290,"transactions":2238,"profit":42642.05078125,"revenue_change_pct":11.6,"units_change_pct":3.1,"margin_change_pts":0.2},{"period":"2025-04","revenue":78793.798828125,"cost":39605.0,"margin":49.7,"units":3342,"transactions":2158,"profit":39188.798828125,"revenue_change_pct":-5.4,"units_change_pct":1.6,"margin_change_pts":-1.5},{"period":"2025-05","revenue":88957.59765625,"cost":42867.5,"margin":51.8,"units":3764,"transactions":2364,"profit":46090.09765625,"revenue_change_pct":12.9,"units_change_pct":12.6,"margin_change_pts":2.1},{"period":"2025-06","revenue":55035.400390625,"cost":27080.0,"margin":50.8,"units":3158,"transactions":2226,"profit":27955.400390625,"revenue_change_pct":-38.1,"units_change_pct":-16.1,"margin_change_pts":-1.0},{"period":"2025-07","revenue":80951.0498046875,"cost":37227.5,"margin":54.0,"units":4010,"transactions":2662,"profit":43723.5498046875,"revenue_change_pct":47.1,"units_change_pct":27.0,"margin_change_pts":3.2},{"period":"2025-08","revenue":78814.3994140625,"cost":34345.0,"margin":56.4,"units":3722,"transactions":2548,"profit":44469.3994140625,"revenue_change_pct":-2.6,"units_change_pct":-7.2,"margin_change_pts":2.4},{"period":"2025-09","revenue":93848.720703125,"cost":41682.5,"margin":55.6,"units":4800,"transactions":3408,"profit":52166.2255859375,"revenue_change_pct":19.1,"units_change_pct":29.0,"margin_change_pts":-0.8},{"period":"2025-10","revenue":85777.67578125,"cost":37158.75,"margin":56.7,"units":4098,"transactions":3084,"profit":48618.92578125,"revenue_change_pct":-8.6,"units_change_pct":-14.6,"margin_change_pts":1.1},{"period":"2025-11","revenue":95534.1796875,"cost":42997.5,"margin":55.0,"units":5490,"transactions":3838,"profit":52536.6748046875,"revenue_change_pct":11.4,"units_change_pct":34.0,"margin_change_pts":-1.7},{"period":"2025-12","revenue":98762.822265625,"cost":45247.5,"margin":54.2,"units":5464,"transactions":3416,"profit":53515.3271484375,"revenue_change_pct":3.4,"units_change_pct":-0.5,"margin_change_pts":-0.8},{"period":"2026-01","revenue":60999.55078125,"cost":28110.0,"margin":53.9,"units":2388,"transactions":1616,"profit":32889.55078125,"revenue_change_pct":-38.2,"units_change_pct":-56.3,"margin_change_pts":-0.3}],"share_of_category":[{"category":"FLOWER","brand_revenue":1435221.5625,"category_revenue":77755450.0,"revenue_share_pct":1.7999999523162842,"brand_units":54754,"category_units":2708446,"units_share_pct":2.0},{"category":"PRE ROLL","brand_revenue":112326.25,"category_revenue":14009791.25,"revenue_share_pct":0.800000011920929,"brand_units":12964,"category_units":1485736,"units_share_pct":0.9},{"category":"EDIBLE","brand_revenue":76058.4716796875,"category_revenue":29378492.5,"revenue_share_pct":0.30000001192092896,"brand_units":7486,"category_units":1706530,"units_share_pct":0.4},{"category":"INFUSED FLOWER","brand_revenue":48428.701171875,"category_revenue":515348.203125,"revenue_share_pct":9.399999618530273,"brand_units":2246,"category_units":15824,"units_share_pct":14.2}],"share_of_category_trend":{"FLOWER":[{"period":"2024-01","brand_revenue":1181.25,"category_revenue":3552357.8125,"share_pct":0.0},{"period":"2024-02","brand_revenue":50817.94921875,"category_revenue":3535245.625,"share_pct":1.399999976158142},{"period":"2024-03","brand_revenue":31428.173828125,"category_revenue":3693805.625,"share_pct":0.8999999761581421},{"period":"2024-04","brand_revenue":53781.34765625,"category_revenue":3541899.6875,"share_pct":1.5},{"period":"2024-05","brand_revenue":9727.5,"category_revenue":3537479.375,"share_pct":0.30000001192092896},{"period":"2024-06","brand_revenue":41221.25,"category_revenue":3403269.6875,"share_pct":1.2000000476837158},{"period":"2024-07","brand_revenue":35798.75,"category_revenue":3457705.9375,"share_pct":1.0},{"period":"2024-08","brand_revenue":79910.0,"category_revenue":3453819.375,"share_pct":2.299999952316284},{"period":"2024-09","brand_revenue":58392.2509765625,"category_revenue":3316441.5625,"share_pct":1.7999999523162842},{"period":"2024-10","brand_revenue":39427.5,"category_revenue":3585775.0,"share_pct":1.100000023841858},{"period":"2024-11","brand_revenue":44243.1982421875,"category_revenue":3454855.3125,"share_pct":1.2999999523162842},{"period":"2024-12","brand_revenue":77233.75,"category_revenue":3226567.8125,"share_pct":2.4000000953674316},{"period":"2025-01","brand_revenue":87612.5,"category_revenue":2984938.125,"share_pct":2.9000000953674316},{"period":"2025-02","brand_revenue":70894.7998046875,"category_revenue":2816220.0,"share_pct":2.5},{"period":"2025-03","brand_revenue":82323.046875,"category_revenue":2911379.6875,"share_pct":2.799999952316284},{"period":"2025-04","brand_revenue":76092.548828125,"category_revenue":3118895.3125,"share_pct":2.4000000953674316},{"period":"2025-05","brand_revenue":84002.724609375,"category_revenue":2887345.0,"share_pct":2.9000000953674316},{"period":"2025-06","brand_revenue":44023.3251953125,"category_revenue":2773698.125,"share_pct":1.600000023841858},{"period":"2025-07","brand_revenue":69585.0,"category_revenue":2782763.125,"share_pct":2.5},{"period":"2025-08","brand_revenue":59607.5,"category_revenue":2733122.8125,"share_pct":2.200000047683716},{"period":"2025-09","brand_revenue":72209.5751953125,"category_revenue":2603501.5625,"share_pct":2.799999952316284},{"period":"2025-10","brand_revenue":65878.30078125,"category_revenue":2663705.0,"share_pct":2.5},{"period":"2025-11","brand_revenue":63166.2744140625,"category_revenue":2700189.0625,"share_pct":2.299999952316284},{"period":"2025-12","brand_revenue":76572.900390625,"category_revenue":2515209.53125,"share_pct":3.0},{"period":"2026-01","brand_revenue":60090.17578125,"category_revenue":2505261.875,"share_pct":2.4000000953674316}],"PRE ROLL":[{"period":"2024-01","brand_revenue":0.0,"category_revenue":508338.515625,"share_pct":0.0},{"period":"2024-02","brand_revenue":0.0,"category_revenue":489393.671875,"share_pct":0.0},{"period":"2024-03","brand_revenue":0.0,"category_revenue":520052.3828125,"share_pct":0.0},{"period":"2024-04","brand_revenue":0.0,"category_revenue":491300.6640625,"share_pct":0.0},{"period":"2024-05","brand_revenue":0.0,"category_revenue":542202.890625,"share_pct":0.0},{"period":"2024-06","brand_revenue":0.0,"category_revenue":507288.8671875,"share_pct":0.0},{"period":"2024-07","brand_revenue":0.0,"category_revenue":524250.9765625,"share_pct":0.0},{"period":"2024-08","brand_revenue":0.0,"category_revenue":612518.7109375,"share_pct":0.0},{"period":"2024-09","brand_revenue":0.0,"category_revenue":586543.0078125,"share_pct":0.0},{"period":"2024-10","brand_revenue":811.9999694824219,"category_revenue":641449.1796875,"share_pct":0.10000000149011612},{"period":"2024-11","brand_revenue":3097.5,"category_revenue":579866.71875,"share_pct":0.5},{"period":"2024-12","brand_revenue":2366.25,"category_revenue":582999.5703125,"share_pct":0.4000000059604645},{"period":"2025-01","brand_revenue":4844.075012207031,"category_revenue":544095.3125,"share_pct":0.8999999761581421},{"period":"2025-02","brand_revenue":3374.2498779296875,"category_revenue":500875.5859375,"share_pct":0.699999988079071},{"period":"2025-03","brand_revenue":13.999999761581421,"category_revenue":551422.0703125,"share_pct":0.0},{"period":"2025-04","brand_revenue":2701.25,"category_revenue":568189.375,"share_pct":0.5},{"period":"2025-05","brand_revenue":4954.8748779296875,"category_revenue":565516.875,"share_pct":0.8999999761581421},{"period":"2025-06","brand_revenue":11012.0751953125,"category_revenue":560506.71875,"share_pct":2.0},{"period":"2025-07","brand_revenue":11366.0498046875,"category_revenue":600916.09375,"share_pct":1.899999976158142},{"period":"2025-08","brand_revenue":7401.9000244140625,"category_revenue":620247.5,"share_pct":1.2000000476837158},{"period":"2025-09","brand_revenue":14091.075439453125,"category_revenue":608971.09375,"share_pct":2.299999952316284},{"period":"2025-10","brand_revenue":9149.375,"category_revenue":645293.1640625,"share_pct":1.399999976158142},{"period":"2025-11","brand_revenue":17533.7255859375,"category_revenue":581113.4765625,"share_pct":3.0},{"period":"2025-12","brand_revenue":19607.850341796875,"category_revenue":553088.5546875,"share_pct":3.5},{"period":"2026-01","brand_revenue":0.0,"category_revenue":523350.9375,"share_pct":0.0}],"EDIBLE":[{"period":"2024-01","brand_revenue":0.0,"category_revenue":1115754.921875,"share_pct":0.0},{"period":"2024-02","brand_revenue":0.0,"category_revenue":1235210.0,"share_pct":0.0},{"period":"2024-03","brand_revenue":0.0,"category_revenue":1273343.671875,"share_pct":0.0},{"period":"2024-04","brand_revenue":0.0,"category_revenue":1298159.0625,"share_pct":0.0},{"period":"2024-05","brand_revenue":0.0,"category_revenue":1215880.78125,"share_pct":0.0},{"period":"2024-06","brand_revenue":0.0,"category_revenue":1181362.421875,"share_pct":0.0},{"period":"2024-07","brand_revenue":0.0,"category_revenue":1128302.8125,"share_pct":0.0},{"period":"2024-08","brand_revenue":0.0,"category_revenue":1167724.921875,"share_pct":0.0},{"period":"2024-09","brand_revenue":0.0,"category_revenue":1114619.53125,"share_pct":0.0},{"period":"2024-10","brand_revenue":13221.600341796875,"category_revenue":1205149.0625,"share_pct":1.100000023841858},{"period":"2024-11","brand_revenue":15804.9755859375,"category_revenue":1236132.421875,"share_pct":1.2999999523162842},{"period":"2024-12","brand_revenue":45524.1015625,"category_revenue":1207318.046875,"share_pct":3.799999952316284},{"period":"2025-01","brand_revenue":268.75,"category_revenue":1176202.578125,"share_pct":0.0},{"period":"2025-02","brand_revenue":326.54998779296875,"category_revenue":1097683.359375,"share_pct":0.0},{"period":"2025-03","brand_revenue":912.5,"category_revenue":1228067.265625,"share_pct":0.10000000149011612},{"period":"2025-04","brand_revenue":0.0,"category_revenue":1290106.171875,"share_pct":0.0},{"period":"2025-05","brand_revenue":0.0,"category_revenue":1191670.3125,"share_pct":0.0},{"period":"2025-06","brand_revenue":0.0,"category_revenue":1110702.109375,"share_pct":0.0},{"period":"2025-07","brand_revenue":0.0,"category_revenue":1096938.125,"share_pct":0.0},{"period":"2025-08","brand_revenue":0.0,"category_revenue":1145920.859375,"share_pct":0.0},{"period":"2025-09","brand_revenue":0.0,"category_revenue":1070074.53125,"share_pct":0.0},{"period":"2025-10","brand_revenue":0.0,"category_revenue":1168865.78125,"share_pct":0.0},{"period":"2025-11","brand_revenue":0.0,"category_revenue":1192334.453125,"share_pct":0.0},{"period":"2025-12","brand_revenue":0.0,"category_revenue":1138094.375,"share_pct":0.0},{"period":"2026-01","brand_revenue":0.0,"category_revenue":1092874.21875,"share_pct":0.0}],"INFUSED FLOWER":[{"period":"2024-01","brand_revenue":0.0,"category_revenue":6570.250244140625,"share_pct":0.0},{"period":"2024-02","brand_revenue":0.0,"category_revenue":18343.62548828125,"share_pct":0.0},{"period":"2024-03","brand_revenue":0.0,"category_revenue":31018.3251953125,"share_pct":0.0},{"period":"2024-04","brand_revenue":0.0,"category_revenue":31596.826171875,"share_pct":0.0},{"period":"2024-05","brand_revenue":0.0,"category_revenue":21558.80126953125,"share_pct":0.0},{"period":"2024-06","brand_revenue":0.0,"category_revenue":24545.30029296875,"share_pct":0.0},{"period":"2024-07","brand_revenue":0.0,"category_revenue":16913.00048828125,"share_pct":0.0},{"period":"2024-08","brand_revenue":0.0,"category_revenue":16608.499755859375,"share_pct":0.0},{"period":"2024-09","brand_revenue":0.0,"category_revenue":19893.62548828125,"share_pct":0.0},{"period":"2024-10","brand_revenue":0.0,"category_revenue":17213.175048828125,"share_pct":0.0},{"period":"2024-11","brand_revenue":0.0,"category_revenue":15249.375,"share_pct":0.0},{"period":"2024-12","brand_revenue":0.0,"category_revenue":9560.999755859375,"share_pct":0.0},{"period":"2025-01","brand_revenue":0.0,"category_revenue":10154.500122070312,"share_pct":0.0},{"period":"2025-02","brand_revenue":0.0,"category_revenue":14429.625244140625,"share_pct":0.0},{"period":"2025-03","brand_revenue":0.0,"category_revenue":16804.69970703125,"share_pct":0.0},{"period":"2025-04","brand_revenue":0.0,"category_revenue":27190.70068359375,"share_pct":0.0},{"period":"2025-05","brand_revenue":0.0,"category_revenue":24856.12548828125,"share_pct":0.0},{"period":"2025-06","brand_revenue":0.0,"category_revenue":28754.82421875,"share_pct":0.0},{"period":"2025-07","brand_revenue":0.0,"category_revenue":26952.2998046875,"share_pct":0.0},{"period":"2025-08","brand_revenue":11805.0,"category_revenue":33438.67431640625,"share_pct":35.29999923706055},{"period":"2025-09","brand_revenue":7548.074951171875,"category_revenue":38734.65087890625,"share_pct":19.5},{"period":"2025-10","brand_revenue":10750.0,"category_revenue":22947.39990234375,"share_pct":46.79999923706055},{"period":"2025-11","brand_revenue":14834.1748046875,"category_revenue":15945.4248046875,"share_pct":93.0},{"period":"2025-12","brand_revenue":2582.0748901367188,"category_revenue":9305.8251953125,"share_pct":27.700000762939453},{"period":"2026-01","brand_revenue":909.375,"category_revenue":16761.624755859375,"share_pct":5.400000095367432}]},"discount_depth":[{"tier":"0% (Full Price)","transactions":8828,"pct_of_transactions":14.9,"revenue":242945.0,"avg_discount":0.0},{"tier":"1-10%","transactions":1158,"pct_of_transactions":2.0,"revenue":37020.3759765625,"avg_discount":19.799999237060547},{"tier":"11-20%","transactions":838,"pct_of_transactions":1.4,"revenue":28615.72509765625,"avg_discount":36.400001525878906},{"tier":"21-30%","transactions":290,"pct_of_transactions":0.5,"revenue":8363.350219726562,"avg_discount":50.0},{"tier":"31%+","transactions":40562,"pct_of_transactions":68.3,"revenue":1163863.671875,"avg_discount":72.0}],"velocity":{"units_per_day":105.8,"revenue_per_day":2284.199981689453,"avg_units_per_txn":3.06,"days_of_data":732,"total_units":77450,"total_transactions":50504},"velocity_by_category":[{"category":"FLOWER","brand_units_per_day":71.86,"category_avg_units_per_day":55.54,"velocity_index":129.4,"brand_rev_per_unit":20.97,"category_rev_per_unit":22.97,"brands_in_category":64},{"category":"INFUSED FLOWER","brand_units_per_day":2.94,"category_avg_units_per_day":2.6,"velocity_index":113.5,"brand_rev_per_unit":17.25,"category_rev_per_unit":26.05,"brands_in_category":8},{"category":"PRE ROLL","brand_units_per_day":17.02,"category_avg_units_per_day":42.38,"velocity_index":40.1,"brand_rev_per_unit":6.93,"category_rev_per_unit":7.54,"brands_in_category":46},{"category":"EDIBLE","brand_units_per_day":9.82,"category_avg_units_per_day":69.98,"velocity_index":14.0,"brand_rev_per_unit":8.13,"category_rev_per_unit":13.77,"brands_in_category":32}],"deals":[{"deal_name":"Stock & Save - 1/4 for $40","times_used":14752,"units":23739.0,"revenue":593394.4999885559,"discounts":297898.0000066757,"cost":296455.0,"profit":296939.4999998808,"pre_discount_revenue":891292.5,"margin":50.0,"avg_discount":66.8},{"deal_name":"Lit4Less - 1/4 for $40","times_used":9488,"units":14993.666666666666,"revenue":374181.354165872,"discounts":187643.645832936,"cost":178316.0416666667,"profit":195865.31249972683,"pre_discount_revenue":561825.0,"margin":52.3,"avg_discount":66.8},{"deal_name":"Lit4Less - PR - 5 for $30","times_used":3846,"units":6254.0,"revenue":46816.175001859665,"discounts":24468.825001120567,"cost":23482.5,"profit":23333.674999326468,"pre_discount_revenue":71285.0,"margin":49.8,"avg_discount":68.6},{"deal_name":"Industry - 30% Off","times_used":3394,"units":3869.0,"revenue":89781.3499879837,"discounts":38542.40000247955,"cost":41161.2749999715,"profit":48620.074968114495,"pre_discount_revenue":128323.75,"margin":54.2,"avg_discount":60.0},{"deal_name":"Industry 30% Off","times_used":1088,"units":1334.0,"revenue":24481.13754749298,"discounts":10688.862515091896,"cost":10509.375,"profit":13971.762485001236,"pre_discount_revenue":35170.0,"margin":57.1,"avg_discount":60.8},{"deal_name":"30% Off Special","times_used":1046,"units":1141.0,"revenue":26560.124987363815,"discounts":11393.625007867813,"cost":12935.0,"profit":13625.124992132187,"pre_discount_revenue":37953.75,"margin":51.3,"avg_discount":60.0},{"deal_name":"4 for $25 Hippies Gummies","times_used":996,"units":4562.0,"revenue":35672.699999809265,"discounts":35608.550000190735,"cost":26616.299999915063,"profit":9056.399913057685,"pre_discount_revenue":71281.25,"margin":25.4,"avg_discount":100.0},{"deal_name":"Hippies 1/4 for $40","times_used":968,"units":2214.0,"revenue":55465.0,"discounts":44335.0,"cost":27675.0,"profit":27790.0,"pre_discount_revenue":99800.0,"margin":50.1,"avg_discount":88.8},{"deal_name":"Spark the Summer Sale","times_used":656,"units":902.0,"revenue":14155.825037956238,"discounts":9531.674964427948,"cost":7862.5,"profit":6293.325030952692,"pre_discount_revenue":23687.5,"margin":44.5,"avg_discount":80.4},{"deal_name":"50% Off - G2B","times_used":550,"units":731.6666666666666,"revenue":8571.29583199819,"discounts":8662.870832284292,"cost":5188.541666666666,"profit":3382.7541665422423,"pre_discount_revenue":17234.166666666668,"margin":39.5,"avg_discount":100.6},{"deal_name":"Senior - 10% Off","times_used":440,"units":726.0,"revenue":17037.00002670288,"discounts":1917.9999980330467,"cost":5920.474999998696,"profit":11116.524990797043,"pre_discount_revenue":18955.0,"margin":65.2,"avg_discount":20.2},{"deal_name":"Jackpot - Locals 30% Off","times_used":396,"units":476.0,"revenue":10840.375008583069,"discounts":4645.875002145767,"cost":4812.624999997206,"profit":6027.74999499321,"pre_discount_revenue":15486.25,"margin":55.6,"avg_discount":60.0},{"deal_name":"Stock & Save - PR - 5 for $30","times_used":392,"units":706.0,"revenue":5281.999998092651,"discounts":3392.999999523163,"cost":2647.5,"profit":2634.500000476837,"pre_discount_revenue":8675.0,"margin":49.9,"avg_discount":78.2},{"deal_name":"Veterans - 10% Off","times_used":370,"units":559.0,"revenue":11612.750031352043,"discounts":1297.249998152256,"cost":4015.3249999927357,"profit":7597.42498469539,"pre_discount_revenue":12910.0,"margin":65.4,"avg_discount":20.0},{"deal_name":"Lit4Less - 1/4 for $50","times_used":300,"units":400.0,"revenue":12493.75,"discounts":2506.25,"cost":4763.75,"profit":7730.0,"pre_discount_revenue":15000.0,"margin":61.9,"avg_discount":33.4},{"deal_name":"4/20 2025 - Flower / Infused","times_used":258,"units":390.0,"revenue":7279.049999713898,"discounts":7345.950000286102,"cost":4875.0,"profit":2404.0499997138977,"pre_discount_revenue":14625.0,"margin":33.0,"avg_discount":100.4},{"deal_name":"Employee 30% - NOT FRIDAYS","times_used":238,"units":269.0,"revenue":5173.137505054474,"discounts":2230.6125020980835,"cost":2369.399999999441,"profit":2803.737497329712,"pre_discount_revenue":7403.75,"margin":54.2,"avg_discount":60.2},{"deal_name":"Senior / Veterans - 20% Off","times_used":234,"units":358.0,"revenue":8513.49999666214,"discounts":2187.749999165535,"cost":3172.5499999988824,"profit":5340.949995517731,"pre_discount_revenue":10701.25,"margin":62.7,"avg_discount":40.8},{"deal_name":"Employee - 40% OFF","times_used":156,"units":207.0,"revenue":3997.050002217293,"discounts":2640.4499983787537,"cost":2144.375,"profit":1852.6750013232231,"pre_discount_revenue":6637.5,"margin":46.4,"avg_discount":79.6},{"deal_name":"LVAC - 25% Off","times_used":50,"units":56.0,"revenue":1005.0,"discounts":335.0,"cost":416.25,"profit":588.75,"pre_discount_revenue":1340.0,"margin":58.6,"avg_discount":50.0},{"deal_name":"Store Credit - $15","times_used":38,"units":37.333333333333336,"revenue":668.3750001589458,"discounts":460.7916671037674,"cost":358.33333333333337,"profit":310.04166660209495,"pre_discount_revenue":1129.1666666666665,"margin":46.4,"avg_discount":81.6},{"deal_name":"Store Credit - $25","times_used":32,"units":32.0,"revenue":463.6249989271164,"discounts":387.6249998807907,"cost":259.375,"profit":204.24999973736703,"pre_discount_revenue":851.25,"margin":44.1,"avg_discount":91.0},{"deal_name":"Main St Happy Hour - 25% Off","times_used":24,"units":26.0,"revenue":270.0,"discounts":90.0,"cost":107.5,"profit":162.5,"pre_discount_revenue":360.0,"margin":60.2,"avg_discount":50.0},{"deal_name":"Sammy - Blowout Flower","times_used":16,"units":20.0,"revenue":479.375,"discounts":258.125,"cost":250.0,"profit":229.375,"pre_discount_revenue":737.5,"margin":47.8,"avg_discount":70.0},{"deal_name":"Store Credit - $50","times_used":14,"units":12.666666666666666,"revenue":177.3166688283285,"discounts":207.68333117167157,"cost":124.16666666666666,"profit":53.14999970297019,"pre_discount_revenue":385.0,"margin":30.0,"avg_discount":107.8},{"deal_name":"Sammy Davis Early Bird - 15% Off","times_used":14,"units":13.0,"revenue":196.78750038146973,"discounts":43.21250081062317,"cost":72.5,"profit":124.28750097751617,"pre_discount_revenue":240.0,"margin":63.2,"avg_discount":36.0},{"deal_name":"Stock & Save - Edibles 5 for $50","times_used":10,"units":24.0,"revenue":300.0,"discounts":75.0,"cost":150.0,"profit":150.0,"pre_discount_revenue":375.0,"margin":50.0,"avg_discount":40.0},{"deal_name":"Store Credit - $75","times_used":10,"units":4.666666666666666,"revenue":44.258333047231034,"discounts":109.90833242734271,"cost":46.04166666666667,"profit":-1.7833336194356275,"pre_discount_revenue":154.16666666666669,"margin":-4.0,"avg_discount":142.6},{"deal_name":"Store Credit - $100","times_used":8,"units":7.0,"revenue":74.41249907016754,"discounts":188.0875015258789,"cost":83.125,"profit":-8.712499868124723,"pre_discount_revenue":262.5,"margin":-11.7,"avg_discount":143.4},{"deal_name":"$45 Mix N Match Quarters","times_used":8,"units":8.0,"revenue":225.0,"discounts":75.0,"cost":100.0,"profit":125.0,"pre_discount_revenue":300.0,"margin":55.6,"avg_discount":50.0},{"deal_name":"Medical - 10%","times_used":6,"units":10.0,"revenue":213.75,"discounts":23.75,"cost":73.75,"profit":140.0,"pre_discount_revenue":237.5,"margin":65.5,"avg_discount":20.0},{"deal_name":"Store Credit - $150","times_used":2,"units":4.0,"revenue":6.25,"discounts":143.75,"cost":47.5,"profit":-41.25,"pre_discount_revenue":150.0,"margin":-660.0,"avg_discount":191.6},{"deal_name":"Reno - Early Bird - Senior / Veterans - 20%","times_used":2,"units":2.0,"revenue":60.0,"discounts":15.0,"cost":23.75,"profit":36.25,"pre_discount_revenue":75.0,"margin":60.4,"avg_discount":40.0},{"deal_name":"40% Off Special","times_used":2,"units":2.0,"revenue":45.0,"discounts":30.0,"cost":23.75,"profit":21.25,"pre_discount_revenue":75.0,"margin":47.2,"avg_discount":80.0},{"deal_name":"Veterans Day - 30% Off For Veterans!","times_used":2,"units":10.0,"revenue":109.375,"discounts":46.875,"cost":62.5,"profit":46.875,"pre_discount_revenue":156.25,"margin":42.9,"avg_discount":60.0}],"top_products":[{"product":"GARLIC CREAM EIGHTH - HIPPIES","units":9652,"revenue":250256.62109375,"cost":118432.5,"profit":131824.12109375,"transactions":7480,"margin":52.70000076293945},{"product":"TOPANGA CAKE EIGHTH - HIPPIES","units":8322,"revenue":216964.4921875,"cost":103493.75,"profit":113470.751953125,"transactions":6466,"margin":52.29999923706055},{"product":"APE S#%T EIGHTH - HIPPIES","units":4776,"revenue":122416.62109375,"cost":56715.0,"profit":65701.6259765625,"transactions":3398,"margin":53.70000076293945},{"product":"SUPER MAC EIGHTH - HIPPIES","units":4212,"revenue":109655.44921875,"cost":51988.75,"profit":57666.69921875,"transactions":3158,"margin":52.599998474121094},{"product":"GSC X GELATO EIGHTH - HIPPIES","units":3168,"revenue":80947.900390625,"cost":38986.25,"profit":41961.650390625,"transactions":2442,"margin":51.79999923706055},{"product":"ALIEN ROCK CANDY EIGHTH - HIPPIES","units":2666,"revenue":73563.5498046875,"cost":33325.0,"profit":40238.5498046875,"transactions":2138,"margin":54.70000076293945},{"product":"CHEESEQUAKE EIGHTH - HIPPIES","units":2468,"revenue":63509.27734375,"cost":29952.5,"profit":33556.77490234375,"transactions":1932,"margin":52.79999923706055},{"product":"CHIPZ AHOY EIGHTH - HIPPIES","units":1850,"revenue":48199.1259765625,"cost":22451.25,"profit":25747.8759765625,"transactions":1478,"margin":53.400001525878906},{"product":"ROYAL GORILLA EIGHTH - HIPPIES","units":1694,"revenue":42600.2978515625,"cost":21175.0,"profit":21425.30029296875,"transactions":1388,"margin":50.29999923706055},{"product":"ORANGE DIESEL EIGHTH - HIPPIES","units":1310,"revenue":37867.7490234375,"cost":16287.5,"profit":21580.2490234375,"transactions":1062,"margin":57.0},{"product":"GORILLA ROCK CANDY EIGHTH - HIPPIES","units":1316,"revenue":33724.09912109375,"cost":15673.75,"profit":18050.350341796875,"transactions":972,"margin":53.5},{"product":"RAZZLE DAZZLE EIGHTH - HIPPIES","units":1282,"revenue":32918.75,"cost":16025.0,"profit":16893.75,"transactions":922,"margin":51.29999923706055},{"product":"FROSTED OREOZ EIGHTH - HIPPIES","units":1148,"revenue":31640.34912109375,"cost":14256.25,"profit":17384.100341796875,"transactions":982,"margin":54.900001525878906},{"product":"MAZEL TOV EIGHTH - HIPPIES","units":1194,"revenue":30552.099609375,"cost":14456.25,"profit":16095.849609375,"transactions":906,"margin":52.70000076293945},{"product":"MAC EIGHTH - HIPPIES","units":968,"revenue":27706.25,"cost":12100.0,"profit":15606.25,"transactions":718,"margin":56.29999923706055},{"product":"ICE CREAM CAKE EIGHTH - HIPPIES","units":836,"revenue":24888.75,"cost":10390.0,"profit":14498.75,"transactions":714,"margin":58.29999923706055},{"product":"SUPER MAC PRE ROLL - HIPPIES","units":2454,"revenue":23444.45068359375,"cost":9202.5,"profit":14241.949462890625,"transactions":2058,"margin":60.70000076293945},{"product":"APE S#%T PRE ROLL - HIPPIES","units":2680,"revenue":22593.62548828125,"cost":10112.5,"profit":12481.12548828125,"transactions":1808,"margin":55.20000076293945},{"product":"BISCOTTI EIGHTH - HIPPIES","units":682,"revenue":21922.02392578125,"cost":8525.0,"profit":13397.025146484375,"transactions":554,"margin":61.099998474121094},{"product":"APE S#!T EIGHTH - HIPPIES","units":786,"revenue":20476.25,"cost":9825.0,"profit":10651.25,"transactions":646,"margin":52.0},{"product":"WIFI SHERBERT EIGHTH - HIPPIES","units":794,"revenue":20180.0,"cost":9925.0,"profit":10255.0,"transactions":580,"margin":50.79999923706055},{"product":"DARTH BUBBA EIGHTH - HIPPIES","units":766,"revenue":19692.5,"cost":9096.25,"profit":10596.25,"transactions":668,"margin":53.79999923706055},{"product":"ORANGE CREAMSICLE DIAMOND INFUSED FLOWER - HIPPIES","units":794,"revenue":17630.0,"cost":4962.5,"profit":12667.5,"transactions":622,"margin":71.9000015258789},{"product":"SOUR CHERRY BERRY GUMMIES - HIPPIES","units":1736,"revenue":17468.375244140625,"cost":10089.025268554688,"profit":7379.3499755859375,"transactions":1092,"margin":42.20000076293945},{"product":"SLIME BURGER EIGHTH - HIPPIES","units":676,"revenue":17260.550537109375,"cost":8450.0,"profit":8810.549926757812,"transactions":560,"margin":51.0}],"products_by_store":{"Elevation Springs":[{"product":"TOPANGA CAKE EIGHTH - HIPPIES","units":1866,"revenue":49148.75,"cost":23231.25,"profit":25917.5,"transactions":1594,"margin":52.70000076293945},{"product":"SUPER MAC EIGHTH - HIPPIES","units":956,"revenue":25618.75,"cost":11812.5,"profit":13806.25,"transactions":750,"margin":53.900001525878906},{"product":"GARLIC CREAM EIGHTH - HIPPIES","units":940,"revenue":24099.72412109375,"cost":11526.25,"profit":12573.475341796875,"transactions":836,"margin":52.20000076293945},{"product":"APE S#%T EIGHTH - HIPPIES","units":828,"revenue":21691.6748046875,"cost":9832.5,"profit":11859.1748046875,"transactions":650,"margin":54.70000076293945},{"product":"CHEESEQUAKE EIGHTH - HIPPIES","units":518,"revenue":13370.625,"cost":6316.25,"profit":7054.375,"transactions":470,"margin":52.79999923706055},{"product":"CHIPZ AHOY EIGHTH - HIPPIES","units":456,"revenue":12643.75,"cost":5590.0,"profit":7053.75,"transactions":396,"margin":55.79999923706055},{"product":"ALIEN ROCK CANDY EIGHTH - HIPPIES","units":398,"revenue":11491.25,"cost":4975.0,"profit":6516.25,"transactions":340,"margin":56.70000076293945},{"product":"ICE CREAM CAKE EIGHTH - HIPPIES","units":380,"revenue":11358.75,"cost":4750.0,"profit":6608.75,"transactions":336,"margin":58.20000076293945},{"product":"ROYAL GORILLA EIGHTH - HIPPIES","units":400,"revenue":10297.5,"cost":5000.0,"profit":5297.5,"transactions":370,"margin":51.400001525878906},{"product":"MAC EIGHTH - HIPPIES","units":300,"revenue":8270.0,"cost":3750.0,"profit":4520.0,"transactions":234,"margin":54.70000076293945},{"product":"ORANGE DIESEL EIGHTH - HIPPIES","units":330,"revenue":8268.75,"cost":4075.0,"profit":4193.75,"transactions":274,"margin":50.70000076293945},{"product":"CINNAMON ROLL EIGHTH - HIPPIES","units":286,"revenue":7300.0,"cost":3457.5,"profit":3842.5,"transactions":254,"margin":52.599998474121094},{"product":"GSC X GELATO EIGHTH - HIPPIES","units":256,"revenue":6641.25,"cost":3106.25,"profit":3535.0,"transactions":230,"margin":53.20000076293945},{"product":"RAZZLE DAZZLE EIGHTH - HIPPIES","units":200,"revenue":5045.0,"cost":2500.0,"profit":2545.0,"transactions":150,"margin":50.400001525878906},{"product":"SUPER MAC PRE ROLL - HIPPIES","units":496,"revenue":4803.949890136719,"cost":1860.0,"profit":2943.9498901367188,"transactions":414,"margin":61.29999923706055}],"Elevation Mesa":[{"product":"GARLIC CREAM EIGHTH - HIPPIES","units":2030,"revenue":53158.75,"cost":25026.25,"profit":28132.5,"transactions":1734,"margin":52.900001525878906},{"product":"TOPANGA CAKE EIGHTH - HIPPIES","units":1644,"revenue":43157.5,"cost":20487.5,"profit":22670.0,"transactions":1344,"margin":52.5},{"product":"SUPER MAC EIGHTH - HIPPIES","units":984,"revenue":25339.45068359375,"cost":12151.25,"profit":13188.199462890625,"transactions":794,"margin":52.0},{"product":"ALIEN ROCK CANDY EIGHTH - HIPPIES","units":798,"revenue":22295.0,"cost":9975.0,"profit":12320.0,"transactions":680,"margin":55.29999923706055},{"product":"GSC X GELATO EIGHTH - HIPPIES","units":850,"revenue":22031.25,"cost":10625.0,"profit":11406.25,"transactions":734,"margin":51.79999923706055},{"product":"APE S#%T EIGHTH - HIPPIES","units":650,"revenue":16427.80029296875,"cost":7718.75,"profit":8709.05029296875,"transactions":534,"margin":53.0},{"product":"RAZZLE DAZZLE EIGHTH - HIPPIES","units":600,"revenue":15391.25,"cost":7500.0,"profit":7891.25,"transactions":434,"margin":51.29999923706055},{"product":"CHEESEQUAKE EIGHTH - HIPPIES","units":566,"revenue":14566.25,"cost":6947.5,"profit":7618.75,"transactions":470,"margin":52.29999923706055},{"product":"ORANGE DIESEL EIGHTH - HIPPIES","units":410,"revenue":11488.75,"cost":5087.5,"profit":6401.25,"transactions":354,"margin":55.70000076293945},{"product":"ROYAL GORILLA EIGHTH - HIPPIES","units":394,"revenue":10325.0,"cost":4925.0,"profit":5400.0,"transactions":340,"margin":52.29999923706055},{"product":"GORILLA TITS EIGHTH - HIPPIES","units":350,"revenue":8470.0,"cost":4375.0,"profit":4095.0,"transactions":266,"margin":48.29999923706055},{"product":"GORILLA ROCK CANDY EIGHTH - HIPPIES","units":332,"revenue":8416.25,"cost":3942.5,"profit":4473.75,"transactions":284,"margin":53.20000076293945},{"product":"APE S#!T EIGHTH - HIPPIES","units":300,"revenue":7880.0,"cost":3750.0,"profit":4130.0,"transactions":234,"margin":52.400001525878906},{"product":"MAZEL TOV EIGHTH - HIPPIES","units":292,"revenue":7538.75,"cost":3556.25,"profit":3982.5,"transactions":260,"margin":52.79999923706055},{"product":"DARTH BUBBA EIGHTH - HIPPIES","units":268,"revenue":6905.0,"cost":3182.5,"profit":3722.5,"transactions":238,"margin":53.900001525878906}],"Elevation Oasis":[{"product":"GARLIC CREAM EIGHTH - HIPPIES","units":2870,"revenue":75300.751953125,"cost":35063.75,"profit":40236.99951171875,"transactions":1778,"margin":53.400001525878906},{"product":"TOPANGA CAKE EIGHTH - HIPPIES","units":2226,"revenue":57971.25,"cost":27575.0,"profit":30396.25,"transactions":1386,"margin":52.400001525878906},{"product":"APE S#%T EIGHTH - HIPPIES","units":1372,"revenue":34786.25,"cost":16292.5,"profit":18493.75,"transactions":672,"margin":53.20000076293945},{"product":"CHEESEQUAKE EIGHTH - HIPPIES","units":1052,"revenue":27130.52490234375,"cost":12742.5,"profit":14388.02490234375,"transactions":718,"margin":53.0},{"product":"SUPER MAC EIGHTH - HIPPIES","units":1000,"revenue":25632.2509765625,"cost":12375.0,"profit":13257.249755859375,"transactions":570,"margin":51.70000076293945},{"product":"GSC X GELATO EIGHTH - HIPPIES","units":800,"revenue":20082.5,"cost":9875.0,"profit":10207.5,"transactions":468,"margin":50.79999923706055},{"product":"CHIPZ AHOY EIGHTH - HIPPIES","units":670,"revenue":17207.5,"cost":8076.25,"profit":9131.25,"transactions":442,"margin":53.099998474121094},{"product":"ALIEN ROCK CANDY EIGHTH - HIPPIES","units":602,"revenue":17080.0,"cost":7525.0,"profit":9555.0,"transactions":396,"margin":55.900001525878906},{"product":"GORILLA ROCK CANDY EIGHTH - HIPPIES","units":600,"revenue":15642.5,"cost":7125.0,"profit":8517.5,"transactions":364,"margin":54.5},{"product":"MAZEL TOV EIGHTH - HIPPIES","units":602,"revenue":15510.849609375,"cost":7275.0,"profit":8235.850219726562,"transactions":380,"margin":53.099998474121094},{"product":"ORANGE DIESEL EIGHTH - HIPPIES","units":350,"revenue":11587.5,"cost":4375.0,"profit":7212.5,"transactions":248,"margin":62.20000076293945},{"product":"FROSTED OREOZ EIGHTH - HIPPIES","units":350,"revenue":9832.849731445312,"cost":4281.25,"profit":5551.5997314453125,"transactions":274,"margin":56.5},{"product":"WIFI SHERBERT EIGHTH - HIPPIES","units":350,"revenue":8872.5,"cost":4375.0,"profit":4497.5,"transactions":226,"margin":50.70000076293945},{"product":"SOUR CHERRY BERRY GUMMIES - HIPPIES","units":840,"revenue":8545.32470703125,"cost":5000.4998779296875,"profit":3544.8251342773438,"transactions":470,"margin":41.5},{"product":"SOUR GREEN APPLE BERRY GUMMIES - HIPPIES","units":836,"revenue":8412.5,"cost":4975.4998779296875,"profit":3437.0001220703125,"transactions":422,"margin":40.900001525878906}],"Elevation Downtown":[{"product":"APE S#!T PRE ROLL - HIPPIES","units":250,"revenue":2094.7500610351562,"cost":937.5,"profit":1157.249984741211,"transactions":176,"margin":55.20000076293945},{"product":"CHIPZ AHOY EIGHTH - HIPPIES","units":48,"revenue":1287.5,"cost":570.0,"profit":717.5,"transactions":44,"margin":55.70000076293945},{"product":"GARLIC CREAM EIGHTH - HIPPIES","units":50,"revenue":1275.0,"cost":593.75,"profit":681.25,"transactions":44,"margin":53.400001525878906},{"product":"SUPER MAC PRE ROLL - HIPPIES","units":100,"revenue":868.75,"cost":375.0,"profit":493.75,"transactions":84,"margin":56.79999923706055},{"product":"GSC X GELATO PRE ROLL - HIPPIES","units":100,"revenue":828.75,"cost":375.0,"profit":453.75,"transactions":84,"margin":54.79999923706055},{"product":"ORANGE CREAMSICLE DIAMOND INFUSED FLOWER - HIPPIES","units":40,"revenue":785.0,"cost":250.0,"profit":535.0,"transactions":40,"margin":68.19999694824219},{"product":"GARLIC CREAM PRE ROLL - HIPPIES","units":98,"revenue":781.5000152587891,"cost":367.5,"profit":414.00001525878906,"transactions":78,"margin":53.0},{"product":"CHEESEQUAKE EIGHTH - HIPPIES","units":20,"revenue":522.5,"cost":241.25,"profit":281.25,"transactions":18,"margin":53.79999923706055},{"product":"GORILLA ROCK CANDY EIGHTH - HIPPIES","units":20,"revenue":520.0,"cost":243.75,"profit":276.25,"transactions":18,"margin":53.099998474121094},{"product":"OGIESEL PRE ROLL - HIPPIES","units":50,"revenue":517.5,"cost":187.5,"profit":330.0,"transactions":40,"margin":63.79999923706055},{"product":"APE S#%T EIGHTH - HIPPIES","units":20,"revenue":492.5,"cost":237.5,"profit":255.0,"transactions":16,"margin":51.79999923706055},{"product":"WIFI SHERBERT PRE ROLL - HIPPIES","units":50,"revenue":435.49999237060547,"cost":187.5,"profit":247.99999237060547,"transactions":48,"margin":56.900001525878906},{"product":"SUGAR DADDY DIAMOND INFUSED FLOWER - HIPPIES","units":20,"revenue":425.0,"cost":125.0,"profit":300.0,"transactions":20,"margin":70.5999984741211},{"product":"GORILLA TITS PRE ROLL - HIPPIES","units":50,"revenue":413.75,"cost":187.5,"profit":226.25,"transactions":48,"margin":54.70000076293945},{"product":"PERMANENT GAS PRE ROLL - HIPPIES","units":50,"revenue":413.42498779296875,"cost":187.5,"profit":225.92500686645508,"transactions":44,"margin":54.599998474121094}],"Elevation Midtown":[{"product":"GARLIC CREAM EIGHTH - HIPPIES","units":1534,"revenue":39621.826171875,"cost":18885.0,"profit":20736.826171875,"transactions":1242,"margin":52.29999923706055},{"product":"TOPANGA CAKE EIGHTH - HIPPIES","units":1170,"revenue":31056.37451171875,"cost":14562.5,"profit":16493.87451171875,"transactions":960,"margin":53.099998474121094},{"product":"GSC X GELATO EIGHTH - HIPPIES","units":540,"revenue":13426.4501953125,"cost":6656.25,"profit":6770.2001953125,"transactions":410,"margin":50.400001525878906},{"product":"APE S#%T EIGHTH - HIPPIES","units":398,"revenue":10410.875244140625,"cost":4726.25,"profit":5684.625244140625,"transactions":312,"margin":54.599998474121094},{"product":"ALIEN ROCK CANDY EIGHTH - HIPPIES","units":350,"revenue":9787.5,"cost":4375.0,"profit":5412.5,"transactions":294,"margin":55.29999923706055},{"product":"SUPER MAC EIGHTH - HIPPIES","units":352,"revenue":9222.5,"cost":4400.0,"profit":4822.5,"transactions":288,"margin":52.29999923706055},{"product":"ORANGE DIESEL EIGHTH - HIPPIES","units":220,"revenue":6522.750244140625,"cost":2750.0,"profit":3772.7499389648438,"transactions":186,"margin":57.79999923706055},{"product":"APE S#%T PRE ROLL - HIPPIES","units":670,"revenue":5438.75,"cost":2575.0,"profit":2863.75,"transactions":430,"margin":52.70000076293945},{"product":"RAZZLE DAZZLE EIGHTH - HIPPIES","units":140,"revenue":3792.5,"cost":1750.0,"profit":2042.5,"transactions":106,"margin":53.900001525878906},{"product":"WIFI SHERBERT EIGHTH - HIPPIES","units":146,"revenue":3792.5,"cost":1825.0,"profit":1967.5,"transactions":122,"margin":51.900001525878906},{"product":"ROYAL GORILLA EIGHTH - HIPPIES","units":120,"revenue":3037.5,"cost":1500.0,"profit":1537.5,"transactions":98,"margin":50.599998474121094},{"product":"ORANGE CREAMSICLE DIAMOND INFUSED FLOWER - HIPPIES","units":134,"revenue":2980.0,"cost":837.5,"profit":2142.5,"transactions":110,"margin":71.9000015258789},{"product":"SUGAR DADDY DIAMOND INFUSED FLOWER - HIPPIES","units":150,"revenue":2913.125,"cost":937.5,"profit":1975.625,"transactions":112,"margin":67.80000305175781},{"product":"MAC EIGHTH - HIPPIES","units":82,"revenue":2617.5,"cost":1025.0,"profit":1592.5,"transactions":72,"margin":60.79999923706055},{"product":"FROSTED OREOZ EIGHTH - HIPPIES","units":100,"revenue":2617.5,"cost":1250.0,"profit":1367.5,"transactions":76,"margin":52.20000076293945}],"Elevation Boulevard":[{"product":"GARLIC CREAM EIGHTH - HIPPIES","units":1402,"revenue":35506.826171875,"cost":17012.5,"profit":18494.324951171875,"transactions":1146,"margin":52.099998474121094},{"product":"APE S#%T EIGHTH - HIPPIES","units":1308,"revenue":33066.2744140625,"cost":15532.5,"profit":17533.7744140625,"transactions":1048,"margin":53.0},{"product":"SUPER MAC EIGHTH - HIPPIES","units":722,"revenue":18465.0,"cost":8806.25,"profit":9658.75,"transactions":574,"margin":52.29999923706055},{"product":"TOPANGA CAKE EIGHTH - HIPPIES","units":606,"revenue":14416.25,"cost":7512.5,"profit":6903.75,"transactions":460,"margin":47.900001525878906},{"product":"GSC X GELATO EIGHTH - HIPPIES","units":482,"revenue":12431.4501953125,"cost":5723.75,"profit":6707.7001953125,"transactions":398,"margin":54.0},{"product":"CHIPZ AHOY EIGHTH - HIPPIES","units":464,"revenue":11440.374755859375,"cost":5635.0,"profit":5805.374755859375,"transactions":426,"margin":50.70000076293945},{"product":"ROYAL GORILLA EIGHTH - HIPPIES","units":460,"revenue":10677.80029296875,"cost":5750.0,"profit":4927.799987792969,"transactions":350,"margin":46.099998474121094},{"product":"ALIEN ROCK CANDY EIGHTH - HIPPIES","units":360,"revenue":8797.2998046875,"cost":4500.0,"profit":4297.300109863281,"transactions":288,"margin":48.79999923706055},{"product":"FROSTED OREOZ EIGHTH - HIPPIES","units":288,"revenue":7578.75,"cost":3600.0,"profit":3978.75,"transactions":264,"margin":52.5},{"product":"MAZEL TOV EIGHTH - HIPPIES","units":300,"revenue":7502.5,"cost":3625.0,"profit":3877.5,"transactions":266,"margin":51.70000076293945},{"product":"GORILLA ROCK CANDY EIGHTH - HIPPIES","units":300,"revenue":7486.5997314453125,"cost":3562.5,"profit":3924.1000366210938,"transactions":246,"margin":52.400001525878906},{"product":"GORILLA TTS EIGHTH - HIPPES","units":250,"revenue":6162.5,"cost":3125.0,"profit":3037.5,"transactions":222,"margin":49.29999923706055},{"product":"CHEESEQUAKE EIGHTH - HIPPIES","units":246,"revenue":6099.375,"cost":2921.25,"profit":3178.125,"transactions":206,"margin":52.099998474121094},{"product":"APE S#%T PRE ROLL - HIPPIES","units":696,"revenue":6001.624755859375,"cost":2610.0,"profit":3391.6250610351562,"transactions":472,"margin":56.5},{"product":"ICE CREAM CAKE EIGHTH - HIPPIES","units":196,"revenue":5240.0,"cost":2390.0,"profit":2850.0,"transactions":178,"margin":54.400001525878906}],"Elevation Parkway":[{"product":"GARLIC CREAM EIGHTH - HIPPIES","units":826,"revenue":21293.75,"cost":10325.0,"profit":10968.75,"transactions":700,"margin":51.5},{"product":"TOPANGA CAKE EIGHTH - HIPPIES","units":810,"revenue":21214.375,"cost":10125.0,"profit":11089.375,"transactions":722,"margin":52.29999923706055},{"product":"GSC X GELATO EIGHTH - HIPPIES","units":240,"revenue":6335.0,"cost":3000.0,"profit":3335.0,"transactions":202,"margin":52.599998474121094},{"product":"APE S#%T EIGHTH - HIPPIES","units":200,"revenue":5541.25,"cost":2375.0,"profit":3166.25,"transactions":166,"margin":57.099998474121094},{"product":"SUPER MAC EIGHTH - HIPPIES","units":198,"revenue":5377.5,"cost":2443.75,"profit":2933.75,"transactions":182,"margin":54.599998474121094},{"product":"ALIEN ROCK CANDY EIGHTH - HIPPIES","units":158,"revenue":4112.5,"cost":1975.0,"profit":2137.5,"transactions":140,"margin":52.0},{"product":"BISCOTTI EIGHTH - HIPPIES","units":106,"revenue":3900.0,"cost":1325.0,"profit":2575.0,"transactions":84,"margin":66.0},{"product":"WIFI SHERBERT EIGHTH - HIPPIES","units":148,"revenue":3787.5,"cost":1850.0,"profit":1937.5,"transactions":134,"margin":51.20000076293945},{"product":"ROYAL GORILLA EIGHTH - HIPPIES","units":120,"revenue":3137.5,"cost":1500.0,"profit":1637.5,"transactions":114,"margin":52.20000076293945},{"product":"SUPER MAC PRE ROLL - HIPPIES","units":240,"revenue":2476.25,"cost":900.0,"profit":1576.25,"transactions":198,"margin":63.70000076293945},{"product":"MAC EIGHTH - HIPPIES","units":80,"revenue":2267.5,"cost":1000.0,"profit":1267.5,"transactions":68,"margin":55.900001525878906},{"product":"STRAWNANA EIGHTH - HIPPIES","units":78,"revenue":2245.0,"cost":975.0,"profit":1270.0,"transactions":68,"margin":56.599998474121094},{"product":"APE S#!T PRE ROLL - HIPPIES","units":200,"revenue":1670.3750610351562,"cost":750.0,"profit":920.3749847412109,"transactions":144,"margin":55.099998474121094},{"product":"SOUR GREEN APPLE BERRY GUMMIES - HIPPIES","units":118,"revenue":1610.4249572753906,"cost":737.5,"profit":872.9249572753906,"transactions":86,"margin":54.20000076293945},{"product":"GORILLA TTS EIGHTH - HIPPES","units":50,"revenue":1407.5,"cost":625.0,"profit":782.5,"transactions":40,"margin":55.599998474121094}]},"store_summary":[{"store_clean":"Elevation Oasis","units":20256,"revenue":454473.90625,"cost":211873.75,"profit":242600.17578125,"discounts":199332.32421875,"margin":53.400001525878906,"discount_rate":30.5},{"store_clean":"Elevation Mesa","units":16950,"revenue":373562.8125,"cost":172490.0,"profit":201072.83203125,"discounts":166387.16796875,"margin":53.79999923706055,"discount_rate":30.799999237060547},{"store_clean":"Elevation Springs","units":13400,"revenue":290056.0546875,"cost":133707.5,"profit":156348.5546875,"discounts":121815.1953125,"margin":53.900001525878906,"discount_rate":29.600000381469727},{"store_clean":"Elevation Boulevard","units":12458,"revenue":257417.578125,"cost":122562.5,"profit":134855.078125,"discounts":128062.421875,"margin":52.400001525878906,"discount_rate":33.20000076293945},{"store_clean":"Elevation Midtown","units":8364,"revenue":178001.34765625,"cost":82520.0,"profit":95481.34765625,"discounts":75532.40234375,"margin":53.599998474121094,"discount_rate":29.799999237060547},{"store_clean":"Elevation Parkway","units":4926,"revenue":105723.75,"cost":48849.1015625,"profit":56874.6484375,"discounts":44631.25,"margin":53.79999923706055,"discount_rate":29.700000762939453},{"store_clean":"Elevation Downtown","units":1096,"revenue":12799.549560546875,"cost":5553.75,"profit":7245.8001708984375,"discounts":4937.950134277344,"margin":56.599998474121094,"discount_rate":27.799999237060547}],"recommendations":[{"severity":"red","title":"HIGH PROMOTION DEPENDENCY","detail":"Only 14% sells at full price. Heavy discounting required.","action":"Test reducing deal frequency \u2014 track velocity without promos."},{"severity":"info","title":"VOLUME LEVERAGE","detail":"$668,814 revenue provides negotiating leverage.","action":"Use volume as leverage in next vendor meeting."}],"comparison":null}