{"brand":"Metrix","date_range":"2024-01-01 00:00:00 to 2026-01-31 00:00:00","period_label":"All Time","summary":{"total_units":538,"total_revenue":9256.25,"total_cost":4029.249267578125,"total_discounts":343.75,"total_profit":5227.000732421875,"overall_margin":56.5,"fp_margin":58.0,"disc_margin":49.29999923706055,"pct_full_price":82.80000305175781,"avg_discount_rate":3.5999999046325684,"fp_revenue":7662.5,"disc_revenue":1593.75,"brand":"Metrix","date_range":"2024-01-01 00:00:00 to 2026-01-31 00:00:00","primary_category":"BATTERY","store_coverage":"1/7","stores_present":["Elevation Midtown"],"stores_missing":["Elevation Springs","Elevation Mesa","Elevation Oasis","Elevation Downtown","Elevation Boulevard","Elevation Parkway"],"velocity_rank":12,"velocity_total":19},"distribution":[{"store":"Elevation Springs","carries_brand":false,"sku_count":0,"revenue":0.0,"units":0,"store_total_revenue":51138750.0,"brand_share_pct":0},{"store":"Elevation Mesa","carries_brand":false,"sku_count":0,"revenue":0.0,"units":0,"store_total_revenue":47532240.0,"brand_share_pct":0},{"store":"Elevation Oasis","carries_brand":false,"sku_count":0,"revenue":0.0,"units":0,"store_total_revenue":56050145.0,"brand_share_pct":0},{"store":"Elevation Downtown","carries_brand":false,"sku_count":0,"revenue":0.0,"units":0,"store_total_revenue":1945237.1875,"brand_share_pct":0},{"store":"Elevation Midtown","carries_brand":true,"sku_count":6,"revenue":9256.25,"units":538,"store_total_revenue":30850185.0,"brand_share_pct":0.0},{"store":"Elevation Boulevard","carries_brand":false,"sku_count":0,"revenue":0.0,"units":0,"store_total_revenue":28757865.0,"brand_share_pct":0},{"store":"Elevation Parkway","carries_brand":false,"sku_count":0,"revenue":0.0,"units":0,"store_total_revenue":21987007.5,"brand_share_pct":0}],"share_of_category":[{"category":"BATTERY","brand_revenue":9256.25,"category_revenue":1041867.1875,"revenue_share_pct":0.8999999761581421,"brand_units":538,"category_units":41118,"units_share_pct":1.3}],"share_of_category_trend":{"BATTERY":[{"period":"2024-01","brand_revenue":0.0,"category_revenue":78523.75,"share_pct":0.0},{"period":"2024-02","brand_revenue":0.0,"category_revenue":79510.9765625,"share_pct":0.0},{"period":"2024-03","brand_revenue":0.0,"category_revenue":80066.9482421875,"share_pct":0.0},{"period":"2024-04","brand_revenue":0.0,"category_revenue":65688.7744140625,"share_pct":0.0},{"period":"2024-05","brand_revenue":0.0,"category_revenue":61493.57421875,"share_pct":0.0},{"period":"2024-06","brand_revenue":0.0,"category_revenue":67340.751953125,"share_pct":0.0},{"period":"2024-07","brand_revenue":0.0,"category_revenue":70591.1767578125,"share_pct":0.0},{"period":"2024-08","brand_revenue":0.0,"category_revenue":64657.8759765625,"share_pct":0.0},{"period":"2024-09","brand_revenue":0.0,"category_revenue":52538.3740234375,"share_pct":0.0},{"period":"2024-10","brand_revenue":0.0,"category_revenue":49278.92578125,"share_pct":0.0},{"period":"2024-11","brand_revenue":0.0,"category_revenue":39889.69970703125,"share_pct":0.0},{"period":"2024-12","brand_revenue":0.0,"category_revenue":38273.87451171875,"share_pct":0.0},{"period":"2025-01","brand_revenue":0.0,"category_revenue":24301.0498046875,"share_pct":0.0},{"period":"2025-02","brand_revenue":0.0,"category_revenue":15730.625,"share_pct":0.0},{"period":"2025-03","brand_revenue":0.0,"category_revenue":17904.124755859375,"share_pct":0.0},{"period":"2025-04","brand_revenue":0.0,"category_revenue":17018.02490234375,"share_pct":0.0},{"period":"2025-05","brand_revenue":0.0,"category_revenue":21588.3740234375,"share_pct":0.0},{"period":"2025-06","brand_revenue":0.0,"category_revenue":20285.274658203125,"share_pct":0.0},{"period":"2025-07","brand_revenue":716.25,"category_revenue":26462.7490234375,"share_pct":2.700000047683716},{"period":"2025-08","brand_revenue":1791.25,"category_revenue":27441.025390625,"share_pct":6.5},{"period":"2025-09","brand_revenue":1158.75,"category_revenue":24531.35009765625,"share_pct":4.699999809265137},{"period":"2025-10","brand_revenue":1413.75,"category_revenue":27787.275390625,"share_pct":5.099999904632568},{"period":"2025-11","brand_revenue":1593.75,"category_revenue":23690.8251953125,"share_pct":6.699999809265137},{"period":"2025-12","brand_revenue":1307.5,"category_revenue":24923.798828125,"share_pct":5.199999809265137},{"period":"2026-01","brand_revenue":1275.0,"category_revenue":22347.9248046875,"share_pct":5.699999809265137}]},"velocity_by_category":[{"category":"BATTERY","brand_units_per_day":0.7,"category_avg_units_per_day":2.84,"velocity_index":24.9,"brand_rev_per_unit":13.76,"category_rev_per_unit":20.27,"brands_in_category":19}],"store_gaps":[{"store":"Elevation Springs","category":"BATTERY","category_revenue_at_store":239396.2890625,"opportunity":"Brand not carried"},{"store":"Elevation Oasis","category":"BATTERY","category_revenue_at_store":223712.75390625,"opportunity":"Brand not carried"},{"store":"Elevation Mesa","category":"BATTERY","category_revenue_at_store":158984.21875,"opportunity":"Brand not carried"},{"store":"Elevation Boulevard","category":"BATTERY","category_revenue_at_store":126218.046875,"opportunity":"Brand not carried"},{"store":"Elevation Parkway","category":"BATTERY","category_revenue_at_store":120492.40234375,"opportunity":"Brand not carried"},{"store":"Elevation Downtown","category":"BATTERY","category_revenue_at_store":6820.7501220703125,"opportunity":"Brand not carried"}],"product_mix":{"top":[{"product":"METRIX BATTERY - ALL COLORS","units":314,"revenue":5215.0,"cost":2352.0498657226562,"profit":2862.9501342773438,"stores":1,"transactions":298,"margin":54.900001525878906},{"product":"Metrix Battery- all colors","units":154,"revenue":2766.25,"cost":1153.074951171875,"profit":1613.175048828125,"stores":1,"transactions":142,"margin":58.29999923706055},{"product":"METRIX BATTERY","units":70,"revenue":1275.0,"cost":524.1249847412109,"profit":750.8750152587891,"stores":1,"transactions":62,"margin":58.900001525878906}],"bottom":[],"expansion":[]},"pricing_consistency":[],"promotional_effectiveness":{"lift":{"fp_units_per_day":3.78,"disc_units_per_day":2.64,"lift_pct":-30.2,"fp_avg_revenue_per_unit":35.65,"disc_avg_revenue_per_unit":29.525000000000002},"by_deal":[{"deal_name":"Senior - 10% Off","uses":10,"revenue":393.75,"discounts":43.75,"units":24.0,"cost":179.7249937057495,"margin":54.4,"discount_depth":20.0},{"deal_name":"Industry 30% Off","uses":5,"revenue":131.25,"discounts":56.25,"units":10.0,"cost":74.87499713897705,"margin":43.0,"discount_depth":60.0},{"deal_name":"Veterans - 10% Off","uses":4,"revenue":123.75,"discounts":13.75,"units":8.0,"cost":59.92499828338623,"margin":51.6,"discount_depth":20.0},{"deal_name":"Senior / Veterans - 20% Off","uses":2,"revenue":60.0,"discounts":15.0,"units":4.0,"cost":29.94999885559082,"margin":50.1,"discount_depth":40.0},{"deal_name":"Senior Sunday - RENO ONLY - 20% Off","uses":1,"revenue":30.0,"discounts":7.5,"units":2.0,"cost":14.97499942779541,"margin":50.1,"discount_depth":40.0}]},"growth_opportunities":[{"type":"distribution","title":"Expand to Elevation Springs","detail":"Store has $95,759 in BATTERY \u2014 categories where Metrix competes.","priority":"high"},{"type":"distribution","title":"Expand to Elevation Mesa","detail":"Store has $63,594 in BATTERY \u2014 categories where Metrix competes.","priority":"high"},{"type":"distribution","title":"Expand to Elevation Oasis","detail":"Store has $89,485 in BATTERY \u2014 categories where Metrix competes.","priority":"high"},{"type":"distribution","title":"Expand to Elevation Downtown","detail":"Store has $2,728 in BATTERY \u2014 categories where Metrix competes.","priority":"medium"},{"type":"distribution","title":"Expand to Elevation Boulevard","detail":"Store has $50,487 in BATTERY \u2014 categories where Metrix competes.","priority":"high"},{"type":"distribution","title":"Expand to Elevation Parkway","detail":"Store has $48,197 in BATTERY \u2014 categories where Metrix competes.","priority":"high"},{"type":"velocity","title":"Improve velocity in BATTERY","detail":"Velocity index 25 (below category average). 0.3 units/day vs 1.4 avg.","priority":"medium"}],"trend":[{"period":"2025-07","revenue":716.25,"cost":299.4999885559082,"margin":58.2,"units":40,"transactions":38,"profit":416.7500305175781,"revenue_change_pct":null,"units_change_pct":null,"margin_change_pts":null},{"period":"2025-08","revenue":1791.25,"cost":748.75,"margin":58.2,"units":100,"transactions":90,"profit":1042.5,"revenue_change_pct":150.1,"units_change_pct":150.0,"margin_change_pts":0.0},{"period":"2025-09","revenue":1158.75,"cost":464.22496795654297,"margin":59.9,"units":62,"transactions":62,"profit":694.5249938964844,"revenue_change_pct":-35.3,"units_change_pct":-38.0,"margin_change_pts":1.7},{"period":"2025-10","revenue":1413.75,"cost":584.0249633789062,"margin":58.7,"units":78,"transactions":72,"profit":829.7250366210938,"revenue_change_pct":22.0,"units_change_pct":25.8,"margin_change_pts":-1.2},{"period":"2025-11","revenue":1593.75,"cost":673.8749694824219,"margin":57.7,"units":90,"transactions":84,"profit":919.8750305175781,"revenue_change_pct":12.7,"units_change_pct":15.4,"margin_change_pts":-1.0},{"period":"2025-12","revenue":1307.5,"cost":734.7499847412109,"margin":43.8,"units":98,"transactions":94,"profit":572.7500152587891,"revenue_change_pct":-18.0,"units_change_pct":8.9,"margin_change_pts":-13.9},{"period":"2026-01","revenue":1275.0,"cost":524.1249847412109,"margin":58.9,"units":70,"transactions":62,"profit":750.8750152587891,"revenue_change_pct":-2.5,"units_change_pct":-28.6,"margin_change_pts":15.1}]}