{"brand":"JOB","date_range":"2024-01-01 00:00:00 to 2026-01-31 00:00:00","period_label":"All Time","summary":{"total_units":34,"total_revenue":38.60000133514404,"total_cost":127.5,"total_discounts":3.474999964237213,"total_profit":-88.90000343322754,"overall_margin":-230.3000030517578,"fp_margin":-203.0,"disc_margin":-295.6000061035156,"pct_full_price":70.5,"avg_discount_rate":8.300000190734863,"fp_revenue":27.224998474121094,"disc_revenue":11.375000476837158,"unique_customers":14,"brand":"JOB","date_range":"2024-01-01 00:00:00 to 2026-01-31 00:00:00","months_count":4,"avg_monthly_cost":63.75,"cost_per_unit":7.5,"primary_category":"ACCESSORY","primary_cat_margin":61.099998474121094,"category_rank":129,"category_total":136,"margin_vs_category":-291.3999938964844,"velocity_rank":63},"category_breakdown":[{"category_clean":"ACCESSORY","units":34,"revenue":38.60000133514404,"cost":127.5,"profit":-88.90000343322754,"discounts":3.474999964237213,"margin":-230.3000030517578,"category_avg_margin":61.099998474121094,"vs_category":-291.4,"rank":129.0,"total_brands":136.0}],"trend":[{"period":"2024-08","revenue":8.899999856948853,"cost":30.0,"margin":-237.1,"units":8,"transactions":4,"profit":-21.100001335144043,"revenue_change_pct":null,"units_change_pct":null,"margin_change_pts":null},{"period":"2024-09","revenue":29.700000286102295,"cost":97.5,"margin":-228.3,"units":26,"transactions":10,"profit":-67.8000020980835,"revenue_change_pct":233.7,"units_change_pct":225.0,"margin_change_pts":8.8}],"share_of_category":[{"category":"ACCESSORY","brand_revenue":38.60000133514404,"category_revenue":4128754.0625,"revenue_share_pct":0.0,"brand_units":34,"category_units":2130096,"units_share_pct":0.0}],"share_of_category_trend":{"ACCESSORY":[{"period":"2024-01","brand_revenue":0.0,"category_revenue":153543.9453125,"share_pct":0.0},{"period":"2024-02","brand_revenue":0.0,"category_revenue":152399.47265625,"share_pct":0.0},{"period":"2024-03","brand_revenue":0.0,"category_revenue":154678.876953125,"share_pct":0.0},{"period":"2024-04","brand_revenue":0.0,"category_revenue":163353.65234375,"share_pct":0.0},{"period":"2024-05","brand_revenue":0.0,"category_revenue":179676.4453125,"share_pct":0.0},{"period":"2024-06","brand_revenue":0.0,"category_revenue":185008.828125,"share_pct":0.0},{"period":"2024-07","brand_revenue":0.0,"category_revenue":186675.46875,"share_pct":0.0},{"period":"2024-08","brand_revenue":8.899999856948853,"category_revenue":180226.328125,"share_pct":0.0},{"period":"2024-09","brand_revenue":29.700000286102295,"category_revenue":162386.298828125,"share_pct":0.0},{"period":"2024-10","brand_revenue":0.0,"category_revenue":166088.73046875,"share_pct":0.0},{"period":"2024-11","brand_revenue":0.0,"category_revenue":171706.09375,"share_pct":0.0},{"period":"2024-12","brand_revenue":0.0,"category_revenue":176502.03125,"share_pct":0.0},{"period":"2025-01","brand_revenue":0.0,"category_revenue":167261.34765625,"share_pct":0.0},{"period":"2025-02","brand_revenue":0.0,"category_revenue":155260.927734375,"share_pct":0.0},{"period":"2025-03","brand_revenue":0.0,"category_revenue":176420.390625,"share_pct":0.0},{"period":"2025-04","brand_revenue":0.0,"category_revenue":182694.82421875,"share_pct":0.0},{"period":"2025-05","brand_revenue":0.0,"category_revenue":179904.4921875,"share_pct":0.0},{"period":"2025-06","brand_revenue":0.0,"category_revenue":161148.75,"share_pct":0.0},{"period":"2025-07","brand_revenue":0.0,"category_revenue":165549.8046875,"share_pct":0.0},{"period":"2025-08","brand_revenue":0.0,"category_revenue":171752.05078125,"share_pct":0.0},{"period":"2025-09","brand_revenue":0.0,"category_revenue":168198.9453125,"share_pct":0.0},{"period":"2025-10","brand_revenue":0.0,"category_revenue":171844.55078125,"share_pct":0.0},{"period":"2025-11","brand_revenue":0.0,"category_revenue":172839.74609375,"share_pct":0.0},{"period":"2025-12","brand_revenue":0.0,"category_revenue":141954.873046875,"share_pct":0.0},{"period":"2026-01","brand_revenue":0.0,"category_revenue":81677.1484375,"share_pct":0.0}]},"discount_depth":[{"tier":"0% (Full Price)","transactions":8,"pct_of_transactions":57.1,"revenue":27.224998474121094,"avg_discount":0.0},{"tier":"1-10%","transactions":0,"pct_of_transactions":0.0,"revenue":0.0,"avg_discount":0},{"tier":"11-20%","transactions":0,"pct_of_transactions":0.0,"revenue":0.0,"avg_discount":0},{"tier":"21-30%","transactions":6,"pct_of_transactions":42.9,"revenue":11.375000476837158,"avg_discount":46.79999923706055},{"tier":"31%+","transactions":0,"pct_of_transactions":0.0,"revenue":0.0,"avg_discount":0}],"velocity":{"units_per_day":0.76,"revenue_per_day":0.8500000089406967,"avg_units_per_txn":4.86,"days_of_data":45,"total_units":34,"total_transactions":14},"velocity_by_category":[{"category":"ACCESSORY","brand_units_per_day":0.04,"category_avg_units_per_day":20.56,"velocity_index":0.2,"brand_rev_per_unit":0.91,"category_rev_per_unit":1.55,"brands_in_category":136}],"deals":[{"deal_name":"Senior / Veterans - 20% Off","times_used":2,"units":4.0,"revenue":3.9500001072883606,"discounts":1.0000000149011612,"cost":15.0,"profit":-11.050000190734863,"pre_discount_revenue":4.950000047683716,"margin":-279.7,"avg_discount":40.4}],"top_products":[{"product":"UNBLEACHED CONES","units":34,"revenue":38.60000133514404,"cost":127.5,"profit":-88.90000343322754,"transactions":14,"margin":-230.3000030517578}],"products_by_store":{"Elevation Midtown":[{"product":"UNBLEACHED CONES","units":34,"revenue":38.60000133514404,"cost":127.5,"profit":-88.90000343322754,"transactions":14,"margin":-230.3000030517578}]},"store_summary":[{"store_clean":"Elevation Midtown","units":34,"revenue":38.60000133514404,"cost":127.5,"profit":-88.90000343322754,"discounts":3.474999964237213,"margin":-230.3000030517578,"discount_rate":8.300000190734863}],"recommendations":[{"severity":"red","title":"ACCESSORY: BELOW CATEGORY AVERAGE","detail":"Margin (-230.3%) is 291 pts below ACCESSORY average. Ranked #129 of 136. Strong case for cost negotiation.","action":"Request 146% cost reduction or evaluate alternative ACCESSORY brands."},{"severity":"yellow","title":"CATEGORY BENCHMARK GAP","detail":"Overall margin (-230.3%) trails ACCESSORY average (61.1%) by 291.4 pts.","action":"Negotiate cost reduction or increase retail price."},{"severity":"red","title":"LOW DISCOUNTED MARGIN","detail":"Margin drops to -295.6% when discounted.","action":"Cap discount depth at 20% or negotiate lower wholesale cost."}],"comparison":null}