{"brand":"PHOENIX","date_range":"2024-01-01 00:00:00 to 2026-01-31 00:00:00","period_label":"All Time","summary":{"total_units":56,"total_revenue":1451.4999389648438,"total_cost":607.5,"total_discounts":540.9999847412109,"total_profit":844.0000152587891,"overall_margin":58.099998474121094,"fp_margin":72.0,"disc_margin":52.599998474121094,"pct_full_price":28.600000381469727,"avg_discount_rate":27.200000762939453,"fp_revenue":415.0,"disc_revenue":1036.500015258789,"unique_customers":56,"brand":"PHOENIX","date_range":"2024-01-01 00:00:00 to 2026-01-31 00:00:00","months_count":8,"avg_monthly_cost":151.875,"cost_per_unit":21.7,"primary_category":"ACCESSORY","primary_cat_margin":61.099998474121094,"category_rank":41,"category_total":136,"margin_vs_category":-3.0,"velocity_rank":50},"category_breakdown":[{"category_clean":"ACCESSORY","units":56,"revenue":1451.4999389648438,"cost":607.5,"profit":844.0000152587891,"discounts":540.9999847412109,"margin":58.099998474121094,"category_avg_margin":61.099998474121094,"vs_category":-3.0,"rank":41.0,"total_brands":136.0}],"trend":[{"period":"2025-09","revenue":983.4999847412109,"cost":347.5,"margin":64.7,"units":30,"transactions":30,"profit":635.9999847412109,"revenue_change_pct":null,"units_change_pct":null,"margin_change_pts":null},{"period":"2025-10","revenue":300.0,"cost":122.5,"margin":59.2,"units":16,"transactions":16,"profit":177.5,"revenue_change_pct":-69.5,"units_change_pct":-46.7,"margin_change_pts":-5.5},{"period":"2025-12","revenue":52.5,"cost":27.5,"margin":47.6,"units":2,"transactions":2,"profit":25.0,"revenue_change_pct":-82.5,"units_change_pct":-87.5,"margin_change_pts":-11.5},{"period":"2026-01","revenue":115.49999237060547,"cost":110.0,"margin":4.8,"units":8,"transactions":8,"profit":5.500000715255737,"revenue_change_pct":120.0,"units_change_pct":300.0,"margin_change_pts":-42.9}],"share_of_category":[{"category":"ACCESSORY","brand_revenue":1451.4999389648438,"category_revenue":4128754.0625,"revenue_share_pct":0.0,"brand_units":56,"category_units":2130096,"units_share_pct":0.0}],"share_of_category_trend":{"ACCESSORY":[{"period":"2024-01","brand_revenue":0.0,"category_revenue":153543.9453125,"share_pct":0.0},{"period":"2024-02","brand_revenue":0.0,"category_revenue":152399.47265625,"share_pct":0.0},{"period":"2024-03","brand_revenue":0.0,"category_revenue":154678.876953125,"share_pct":0.0},{"period":"2024-04","brand_revenue":0.0,"category_revenue":163353.65234375,"share_pct":0.0},{"period":"2024-05","brand_revenue":0.0,"category_revenue":179676.4453125,"share_pct":0.0},{"period":"2024-06","brand_revenue":0.0,"category_revenue":185008.828125,"share_pct":0.0},{"period":"2024-07","brand_revenue":0.0,"category_revenue":186675.46875,"share_pct":0.0},{"period":"2024-08","brand_revenue":0.0,"category_revenue":180226.328125,"share_pct":0.0},{"period":"2024-09","brand_revenue":0.0,"category_revenue":162386.298828125,"share_pct":0.0},{"period":"2024-10","brand_revenue":0.0,"category_revenue":166088.73046875,"share_pct":0.0},{"period":"2024-11","brand_revenue":0.0,"category_revenue":171706.09375,"share_pct":0.0},{"period":"2024-12","brand_revenue":0.0,"category_revenue":176502.03125,"share_pct":0.0},{"period":"2025-01","brand_revenue":0.0,"category_revenue":167261.34765625,"share_pct":0.0},{"period":"2025-02","brand_revenue":0.0,"category_revenue":155260.927734375,"share_pct":0.0},{"period":"2025-03","brand_revenue":0.0,"category_revenue":176420.390625,"share_pct":0.0},{"period":"2025-04","brand_revenue":0.0,"category_revenue":182694.82421875,"share_pct":0.0},{"period":"2025-05","brand_revenue":0.0,"category_revenue":179904.4921875,"share_pct":0.0},{"period":"2025-06","brand_revenue":0.0,"category_revenue":161148.75,"share_pct":0.0},{"period":"2025-07","brand_revenue":0.0,"category_revenue":165549.8046875,"share_pct":0.0},{"period":"2025-08","brand_revenue":0.0,"category_revenue":171752.05078125,"share_pct":0.0},{"period":"2025-09","brand_revenue":983.4999847412109,"category_revenue":168198.9453125,"share_pct":0.6000000238418579},{"period":"2025-10","brand_revenue":300.0,"category_revenue":171844.55078125,"share_pct":0.20000000298023224},{"period":"2025-11","brand_revenue":0.0,"category_revenue":172839.74609375,"share_pct":0.0},{"period":"2025-12","brand_revenue":52.5,"category_revenue":141954.873046875,"share_pct":0.0},{"period":"2026-01","brand_revenue":115.49999237060547,"category_revenue":81677.1484375,"share_pct":0.10000000149011612}]},"discount_depth":[{"tier":"0% (Full Price)","transactions":12,"pct_of_transactions":21.4,"revenue":415.0,"avg_discount":0.0},{"tier":"1-10%","transactions":2,"pct_of_transactions":3.6,"revenue":85.50000190734863,"avg_discount":20.0},{"tier":"11-20%","transactions":0,"pct_of_transactions":0.0,"revenue":0.0,"avg_discount":0},{"tier":"21-30%","transactions":10,"pct_of_transactions":17.9,"revenue":281.25,"avg_discount":58.0},{"tier":"31%+","transactions":10,"pct_of_transactions":17.9,"revenue":144.75000381469727,"avg_discount":120.0}],"velocity":{"units_per_day":0.44,"revenue_per_day":11.425000429153442,"avg_units_per_txn":2.0,"days_of_data":127,"total_units":56,"total_transactions":56},"velocity_by_category":[{"category":"ACCESSORY","brand_units_per_day":0.08,"category_avg_units_per_day":20.56,"velocity_index":0.4,"brand_rev_per_unit":20.74,"category_rev_per_unit":1.55,"brands_in_category":136}],"deals":[{"deal_name":"Industry 30% Off","times_used":6,"units":6.0,"revenue":129.49999809265137,"discounts":55.49999952316284,"cost":82.5,"profit":47.00000047683716,"pre_discount_revenue":185.0,"margin":36.3,"avg_discount":60.0},{"deal_name":"Employee 30% - NOT FRIDAYS","times_used":2,"units":2.0,"revenue":11.000000238418579,"discounts":44.000000953674316,"cost":27.5,"profit":-16.49999976158142,"pre_discount_revenue":55.0,"margin":-150.0,"avg_discount":160.0},{"deal_name":"Jackpot - Locals 30% Off","times_used":2,"units":2.0,"revenue":11.25,"discounts":26.25,"cost":11.25,"profit":0.0,"pre_discount_revenue":37.5,"margin":0.0,"avg_discount":140.0},{"deal_name":"Senior - 10% Off","times_used":2,"units":2.0,"revenue":85.50000190734863,"discounts":9.49999988079071,"cost":27.5,"profit":58.00000190734863,"pre_discount_revenue":95.0,"margin":67.8,"avg_discount":20.0}],"top_products":[{"product":"GLYCERIN ROLLER","units":26,"revenue":742.7500152587891,"cost":357.5,"profit":385.25001525878906,"transactions":26,"margin":51.900001525878906},{"product":"PHOENIXSTAR BIG BUBBLE","units":10,"revenue":427.5,"cost":137.5,"profit":290.0,"transactions":10,"margin":67.80000305175781},{"product":"PHOENIXSTAR W / FILTER","units":20,"revenue":281.25,"cost":112.5,"profit":168.75,"transactions":20,"margin":60.0}],"products_by_store":{"Elevation Oasis":[{"product":"GLYCERIN ROLLER","units":16,"revenue":574.7500228881836,"cost":220.0,"profit":354.74998474121094,"transactions":16,"margin":61.70000076293945},{"product":"PHOENIXSTAR BIG BUBBLE","units":10,"revenue":427.5,"cost":137.5,"profit":290.0,"transactions":10,"margin":67.80000305175781},{"product":"PHOENIXSTAR W / FILTER","units":20,"revenue":281.25,"cost":112.5,"profit":168.75,"transactions":20,"margin":60.0}],"Elevation Boulevard":[{"product":"GLYCERIN ROLLER","units":10,"revenue":167.99999237060547,"cost":137.5,"profit":30.500001907348633,"transactions":10,"margin":18.200000762939453}]},"store_summary":[{"store_clean":"Elevation Oasis","units":46,"revenue":1283.5000610351562,"cost":470.0,"profit":813.4999847412109,"discounts":414.00001525878906,"margin":63.400001525878906,"discount_rate":24.399999618530273},{"store_clean":"Elevation Boulevard","units":10,"revenue":167.99999237060547,"cost":137.5,"profit":30.500001907348633,"discounts":127.00000762939453,"margin":18.200000762939453,"discount_rate":43.099998474121094}],"recommendations":[],"comparison":null}