{"brand":"FLEUR","date_range":"2024-01-01 00:00:00 to 2026-01-31 00:00:00","period_label":"All Time","summary":{"total_units":46716,"total_revenue":1206725.0,"total_cost":587978.515625,"total_discounts":286601.25,"total_profit":618746.484375,"overall_margin":51.29999923706055,"fp_margin":59.900001525878906,"disc_margin":45.599998474121094,"pct_full_price":39.400001525878906,"avg_discount_rate":19.200000762939453,"fp_revenue":475882.5,"disc_revenue":730842.5,"brand":"FLEUR","date_range":"2024-01-01 00:00:00 to 2026-01-31 00:00:00","primary_category":"FLOWER","store_coverage":"7/7","stores_present":["Elevation Springs","Elevation Mesa","Elevation Oasis","Elevation Downtown","Elevation Midtown","Elevation Boulevard","Elevation Parkway"],"stores_missing":[],"velocity_rank":21,"velocity_total":64},"distribution":[{"store":"Elevation Springs","carries_brand":true,"sku_count":50,"revenue":264400.1953125,"units":10786,"store_total_revenue":51138750.0,"brand_share_pct":0.5},{"store":"Elevation Mesa","carries_brand":true,"sku_count":46,"revenue":237041.171875,"units":9370,"store_total_revenue":47532240.0,"brand_share_pct":0.5},{"store":"Elevation Oasis","carries_brand":true,"sku_count":46,"revenue":221052.421875,"units":6738,"store_total_revenue":56050145.0,"brand_share_pct":0.4000000059604645},{"store":"Elevation Downtown","carries_brand":true,"sku_count":6,"revenue":6829.749755859375,"units":346,"store_total_revenue":1945237.1875,"brand_share_pct":0.4000000059604645},{"store":"Elevation Midtown","carries_brand":true,"sku_count":50,"revenue":177708.9453125,"units":6474,"store_total_revenue":30850185.0,"brand_share_pct":0.6000000238418579},{"store":"Elevation Boulevard","carries_brand":true,"sku_count":40,"revenue":165986.25,"units":7072,"store_total_revenue":28757865.0,"brand_share_pct":0.6000000238418579},{"store":"Elevation Parkway","carries_brand":true,"sku_count":48,"revenue":133706.25,"units":5930,"store_total_revenue":21987007.5,"brand_share_pct":0.6000000238418579}],"share_of_category":[{"category":"FLOWER","brand_revenue":946594.84375,"category_revenue":77755450.0,"revenue_share_pct":1.2000000476837158,"brand_units":26572,"category_units":2708446,"units_share_pct":1.0},{"category":"PRE ROLL","brand_revenue":260130.1171875,"category_revenue":14009791.25,"revenue_share_pct":1.899999976158142,"brand_units":20144,"category_units":1485736,"units_share_pct":1.4}],"share_of_category_trend":{"FLOWER":[{"period":"2024-01","brand_revenue":29484.326171875,"category_revenue":3552357.8125,"share_pct":0.800000011920929},{"period":"2024-02","brand_revenue":31848.9501953125,"category_revenue":3535245.625,"share_pct":0.8999999761581421},{"period":"2024-03","brand_revenue":47583.75,"category_revenue":3693805.625,"share_pct":1.2999999523162842},{"period":"2024-04","brand_revenue":84161.728515625,"category_revenue":3541899.6875,"share_pct":2.4000000953674316},{"period":"2024-05","brand_revenue":75263.22265625,"category_revenue":3537479.375,"share_pct":2.0999999046325684},{"period":"2024-06","brand_revenue":48020.52734375,"category_revenue":3403269.6875,"share_pct":1.399999976158142},{"period":"2024-07","brand_revenue":65456.0498046875,"category_revenue":3457705.9375,"share_pct":1.899999976158142},{"period":"2024-08","brand_revenue":53362.5,"category_revenue":3453819.375,"share_pct":1.5},{"period":"2024-09","brand_revenue":66810.2978515625,"category_revenue":3316441.5625,"share_pct":2.0},{"period":"2024-10","brand_revenue":74946.298828125,"category_revenue":3585775.0,"share_pct":2.0999999046325684},{"period":"2024-11","brand_revenue":64070.625,"category_revenue":3454855.3125,"share_pct":1.899999976158142},{"period":"2024-12","brand_revenue":77979.6728515625,"category_revenue":3226567.8125,"share_pct":2.4000000953674316},{"period":"2025-01","brand_revenue":71270.2978515625,"category_revenue":2984938.125,"share_pct":2.4000000953674316},{"period":"2025-02","brand_revenue":50822.7001953125,"category_revenue":2816220.0,"share_pct":1.7999999523162842},{"period":"2025-03","brand_revenue":27301.8505859375,"category_revenue":2911379.6875,"share_pct":0.8999999761581421},{"period":"2025-04","brand_revenue":21550.625,"category_revenue":3118895.3125,"share_pct":0.699999988079071},{"period":"2025-05","brand_revenue":5496.25,"category_revenue":2887345.0,"share_pct":0.20000000298023224},{"period":"2025-06","brand_revenue":31990.2001953125,"category_revenue":2773698.125,"share_pct":1.2000000476837158},{"period":"2025-07","brand_revenue":13695.0,"category_revenue":2782763.125,"share_pct":0.5},{"period":"2025-08","brand_revenue":4802.5,"category_revenue":2733122.8125,"share_pct":0.20000000298023224},{"period":"2025-09","brand_revenue":652.5,"category_revenue":2603501.5625,"share_pct":0.0},{"period":"2025-10","brand_revenue":25.0,"category_revenue":2663705.0,"share_pct":0.0},{"period":"2025-11","brand_revenue":0.0,"category_revenue":2700189.0625,"share_pct":0.0},{"period":"2025-12","brand_revenue":0.0,"category_revenue":2515209.53125,"share_pct":0.0},{"period":"2026-01","brand_revenue":0.0,"category_revenue":2505261.875,"share_pct":0.0}],"PRE ROLL":[{"period":"2024-01","brand_revenue":0.0,"category_revenue":508338.515625,"share_pct":0.0},{"period":"2024-02","brand_revenue":0.0,"category_revenue":489393.671875,"share_pct":0.0},{"period":"2024-03","brand_revenue":0.0,"category_revenue":520052.3828125,"share_pct":0.0},{"period":"2024-04","brand_revenue":11270.999755859375,"category_revenue":491300.6640625,"share_pct":2.299999952316284},{"period":"2024-05","brand_revenue":21245.2001953125,"category_revenue":542202.890625,"share_pct":3.9000000953674316},{"period":"2024-06","brand_revenue":19892.82470703125,"category_revenue":507288.8671875,"share_pct":3.9000000953674316},{"period":"2024-07","brand_revenue":20097.374267578125,"category_revenue":524250.9765625,"share_pct":3.799999952316284},{"period":"2024-08","brand_revenue":18701.500244140625,"category_revenue":612518.7109375,"share_pct":3.0999999046325684},{"period":"2024-09","brand_revenue":26760.50048828125,"category_revenue":586543.0078125,"share_pct":4.599999904632568},{"period":"2024-10","brand_revenue":32157.7490234375,"category_revenue":641449.1796875,"share_pct":5.0},{"period":"2024-11","brand_revenue":15669.49951171875,"category_revenue":579866.71875,"share_pct":2.700000047683716},{"period":"2024-12","brand_revenue":22608.5009765625,"category_revenue":582999.5703125,"share_pct":3.9000000953674316},{"period":"2025-01","brand_revenue":15637.025146484375,"category_revenue":544095.3125,"share_pct":2.9000000953674316},{"period":"2025-02","brand_revenue":11664.25048828125,"category_revenue":500875.5859375,"share_pct":2.299999952316284},{"period":"2025-03","brand_revenue":10565.74951171875,"category_revenue":551422.0703125,"share_pct":1.899999976158142},{"period":"2025-04","brand_revenue":7710.4998779296875,"category_revenue":568189.375,"share_pct":1.399999976158142},{"period":"2025-05","brand_revenue":1271.9999694824219,"category_revenue":565516.875,"share_pct":0.20000000298023224},{"period":"2025-06","brand_revenue":16591.4501953125,"category_revenue":560506.71875,"share_pct":3.0},{"period":"2025-07","brand_revenue":5775.999755859375,"category_revenue":600916.09375,"share_pct":1.0},{"period":"2025-08","brand_revenue":1111.500015258789,"category_revenue":620247.5,"share_pct":0.20000000298023224},{"period":"2025-09","brand_revenue":572.9999923706055,"category_revenue":608971.09375,"share_pct":0.10000000149011612},{"period":"2025-10","brand_revenue":525.0,"category_revenue":645293.1640625,"share_pct":0.10000000149011612},{"period":"2025-11","brand_revenue":299.50000762939453,"category_revenue":581113.4765625,"share_pct":0.10000000149011612},{"period":"2025-12","brand_revenue":0.0,"category_revenue":553088.5546875,"share_pct":0.0},{"period":"2026-01","brand_revenue":0.0,"category_revenue":523350.9375,"share_pct":0.0}]},"velocity_by_category":[{"category":"FLOWER","brand_units_per_day":34.88,"category_avg_units_per_day":55.54,"velocity_index":62.8,"brand_rev_per_unit":28.5,"category_rev_per_unit":22.97,"brands_in_category":64},{"category":"PRE ROLL","brand_units_per_day":26.44,"category_avg_units_per_day":42.38,"velocity_index":62.4,"brand_rev_per_unit":10.33,"category_rev_per_unit":7.54,"brands_in_category":46}],"store_gaps":[],"product_mix":{"top":[{"product":"BUSHIDO OG EIGHTH - FLEUR","units":8892,"revenue":329264.7265625,"cost":162506.396484375,"profit":166758.3203125,"stores":7,"transactions":6802,"margin":50.599998474121094},{"product":"GRAPE MONSTER EIGHTH - FLEUR","units":4210,"revenue":153884.345703125,"cost":74849.7265625,"profit":79034.6240234375,"stores":6,"transactions":3262,"margin":51.400001525878906},{"product":"TIGER HEAD EIGHTH - FLEUR","units":3630,"revenue":123193.974609375,"cost":62186.552734375,"profit":61007.4267578125,"stores":6,"transactions":3026,"margin":49.5},{"product":"MISS AFRICA EIGHTH - FLEUR","units":2502,"revenue":91842.421875,"cost":44317.1533203125,"profit":47525.2734375,"stores":6,"transactions":2066,"margin":51.70000076293945},{"product":"BETTER THAN YOUR OG EIGHTH - FLEUR","units":2506,"revenue":85013.37890625,"cost":41479.501953125,"profit":43533.876953125,"stores":7,"transactions":2028,"margin":51.20000076293945},{"product":"BUSHIDO OG PRE ROLL - FLEUR","units":4332,"revenue":56579.248046875,"cost":26402.5,"profit":30176.75048828125,"stores":6,"transactions":3330,"margin":53.29999923706055},{"product":"GRAPE MONSTER PRE ROLL - FLEUR","units":3738,"revenue":50923.9013671875,"cost":23157.5,"profit":27766.39892578125,"stores":6,"transactions":2972,"margin":54.5},{"product":"SKY KUSH CAKE EIGHTH - FLEUR","units":1546,"revenue":50240.0,"cost":24620.34912109375,"profit":25619.65087890625,"stores":6,"transactions":1292,"margin":51.0},{"product":"BETTER THAN YOUR OG PRE ROLL - FLEUR","units":2992,"revenue":37514.74853515625,"cost":18700.0,"profit":18814.749755859375,"stores":6,"transactions":2536,"margin":50.20000076293945},{"product":"KATANA OG EIGHTH - FLEUR","units":1046,"revenue":37049.7509765625,"cost":17268.050537109375,"profit":19781.700439453125,"stores":6,"transactions":872,"margin":53.400001525878906},{"product":"TIGER HEAD PRE ROLL - FLEUR","units":2200,"revenue":27376.32568359375,"cost":13387.5,"profit":13988.82568359375,"stores":6,"transactions":1900,"margin":51.099998474121094},{"product":"SIN CITY CBD EIGHTH - FLEUR","units":740,"revenue":25967.5244140625,"cost":12276.199951171875,"profit":13691.32568359375,"stores":6,"transactions":508,"margin":52.70000076293945},{"product":"MISS AFRICA PRE ROLL - FLEUR","units":1586,"revenue":20631.14990234375,"cost":9350.0,"profit":11281.14990234375,"stores":6,"transactions":1340,"margin":54.70000076293945},{"product":"MELONS X CHAUFFEUR EIGHTH - FLEUR","units":552,"revenue":19686.875,"cost":9701.400146484375,"profit":9985.474853515625,"stores":6,"transactions":482,"margin":50.70000076293945},{"product":"KATANA OG PRE ROLL - FLEUR","units":1062,"revenue":14295.0,"cost":6326.25,"profit":7968.75,"stores":5,"transactions":920,"margin":55.70000076293945},{"product":"SIN CITY CBD PRE ROLL - FLEUR","units":958,"revenue":12858.75,"cost":5623.75,"profit":7235.0,"stores":6,"transactions":682,"margin":56.29999923706055},{"product":"MAC BREATH EIGHTH - FLEUR","units":336,"revenue":10336.25,"cost":5250.0,"profit":5086.25,"stores":3,"transactions":298,"margin":49.20000076293945},{"product":"MAC BREATH PRE ROLL - FLEUR","units":970,"revenue":10175.250244140625,"cost":6062.5,"profit":4112.749938964844,"stores":5,"transactions":804,"margin":40.400001525878906},{"product":"WOOKIES N CREAM EIGHTH - FLEUR","units":276,"revenue":9631.875,"cost":4850.7000732421875,"profit":4781.1749267578125,"stores":6,"transactions":244,"margin":49.599998474121094},{"product":"SKY KUSH CAKE PRE ROLL - FLEUR","units":630,"revenue":8015.4998779296875,"cost":3937.5,"profit":4077.9998779296875,"stores":4,"transactions":538,"margin":50.900001525878906}],"bottom":[{"product":"ORANGE COOKIES PRE ROLL - FLEUR","units":328,"revenue":4548.999938964844,"cost":2050.0,"profit":2498.9999389648438,"stores":3,"transactions":266,"margin":54.900001525878906},{"product":"PIXIE STIX EIGHTH - FLEUR","units":152,"revenue":4402.5,"cost":2375.0,"profit":2027.5,"stores":3,"transactions":108,"margin":46.099998474121094},{"product":"WOOKIES N CREAM PRE ROLL - FLEUR","units":326,"revenue":4081.0000610351562,"cost":2037.5,"profit":2043.5000610351562,"stores":3,"transactions":274,"margin":50.099998474121094},{"product":"LA CONFIDENTIAL PRE ROLL - FLEUR","units":240,"revenue":3169.5001220703125,"cost":1500.0,"profit":1669.4999694824219,"stores":2,"transactions":214,"margin":52.70000076293945},{"product":"FIRE ANGEL EIGHTH - FLEUR","units":92,"revenue":3161.25,"cost":1437.5,"profit":1723.75,"stores":2,"transactions":68,"margin":54.5},{"product":"PIXIE STICKS EIGHTH - FLEUR","units":92,"revenue":2920.0,"cost":1437.5,"profit":1482.5,"stores":2,"transactions":64,"margin":50.79999923706055},{"product":"FIRE ANGEL PRE ROLL - FLEUR","units":118,"revenue":1443.0000305175781,"cost":737.5,"profit":705.5000305175781,"stores":3,"transactions":86,"margin":48.900001525878906},{"product":"FACE ON FIRE PRE ROLL - FLEUR","units":94,"revenue":1273.499984741211,"cost":587.5,"profit":685.9999847412109,"stores":1,"transactions":80,"margin":53.900001525878906},{"product":"MELONS X CHAUFFER PRE ROLL - FLEUR","units":100,"revenue":1241.9999694824219,"cost":625.0,"profit":617.0000076293945,"stores":1,"transactions":60,"margin":49.70000076293945},{"product":"PIXIE STICKS PRE ROLL - FLEUR","units":76,"revenue":909.0000152587891,"cost":475.0,"profit":434.00001525878906,"stores":2,"transactions":58,"margin":47.70000076293945}],"expansion":[{"product":"GRAPE MONSTER EIGHTH - FLEUR","current_stores":6,"total_stores":7,"missing_stores":["Elevation Downtown"],"revenue":153884.345703125},{"product":"TIGER HEAD EIGHTH - FLEUR","current_stores":6,"total_stores":7,"missing_stores":["Elevation Downtown"],"revenue":123193.974609375},{"product":"MISS AFRICA EIGHTH - FLEUR","current_stores":6,"total_stores":7,"missing_stores":["Elevation Downtown"],"revenue":91842.421875},{"product":"BUSHIDO OG PRE ROLL - FLEUR","current_stores":6,"total_stores":7,"missing_stores":["Elevation Downtown"],"revenue":56579.248046875},{"product":"GRAPE MONSTER PRE ROLL - FLEUR","current_stores":6,"total_stores":7,"missing_stores":["Elevation Downtown"],"revenue":50923.9013671875},{"product":"SKY KUSH CAKE EIGHTH - FLEUR","current_stores":6,"total_stores":7,"missing_stores":["Elevation Downtown"],"revenue":50240.0},{"product":"BETTER THAN YOUR OG PRE ROLL - FLEUR","current_stores":6,"total_stores":7,"missing_stores":["Elevation Downtown"],"revenue":37514.74853515625},{"product":"KATANA OG EIGHTH - FLEUR","current_stores":6,"total_stores":7,"missing_stores":["Elevation Downtown"],"revenue":37049.7509765625},{"product":"TIGER HEAD PRE ROLL - FLEUR","current_stores":6,"total_stores":7,"missing_stores":["Elevation Downtown"],"revenue":27376.32568359375},{"product":"SIN CITY CBD EIGHTH - FLEUR","current_stores":6,"total_stores":7,"missing_stores":["Elevation Downtown"],"revenue":25967.5244140625}]},"pricing_consistency":[{"product":"MAC BREATH PRE ROLL - FLEUR","min_price":18.227273519937096,"max_price":28.30851128760805,"avg_price":21.56985060953238,"std_dev":1.6099056784101828,"store_count":10,"price_range":10.081237767670952,"range_pct":46.7},{"product":"PIXIE STICKS PRE ROLL - FLEUR","min_price":17.78571401323591,"max_price":27.5,"avg_price":22.64285700661795,"std_dev":2.747614998250537,"store_count":4,"price_range":9.714285986764091,"range_pct":42.9},{"product":"BUSHIDO OG EIGHTH - FLEUR","min_price":58.046875,"max_price":77.88509356734856,"avg_price":71.80208919267622,"std_dev":2.686731688553413,"store_count":14,"price_range":19.838218567348562,"range_pct":27.6},{"product":"FIRE ANGEL PRE ROLL - FLEUR","min_price":20.8000005086263,"max_price":27.14999771118164,"avg_price":24.14999877081977,"std_dev":1.2757736954226393,"store_count":6,"price_range":6.34999720255534,"range_pct":26.3},{"product":"GRAPE MONSTER EIGHTH - FLEUR","min_price":63.804848094403525,"max_price":82.81518240343347,"avg_price":72.2229978041526,"std_dev":2.6576808022483083,"store_count":12,"price_range":19.01033430902995,"range_pct":26.3},{"product":"MELONS X CHAUFFEUR EIGHTH - FLEUR","min_price":60.9156976744186,"max_price":79.49468085106383,"avg_price":71.15496963844208,"std_dev":2.9318277731756797,"store_count":12,"price_range":18.578983176645227,"range_pct":26.1},{"product":"WOOKIES N CREAM EIGHTH - FLEUR","min_price":61.46739130434782,"max_price":78.94021739130434,"avg_price":69.7961956521739,"std_dev":2.5212776001940127,"store_count":12,"price_range":17.472826086956523,"range_pct":25.0},{"product":"SKY KUSH CAKE EIGHTH - FLEUR","min_price":57.19444444444444,"max_price":71.29186602870814,"avg_price":63.905643151479346,"std_dev":2.223148620210501,"store_count":12,"price_range":14.097421584263694,"range_pct":22.1},{"product":"PIXIE STIX EIGHTH - FLEUR","min_price":52.88461538461539,"max_price":65.67307692307692,"avg_price":58.59423076923076,"std_dev":2.6013006532804703,"store_count":6,"price_range":12.788461538461542,"range_pct":21.8},{"product":"BETTER THAN YOUR OG EIGHTH - FLEUR","min_price":55.0,"max_price":69.2780172413793,"avg_price":66.25616340037381,"std_dev":2.132547722729755,"store_count":14,"price_range":14.278017241379306,"range_pct":21.5},{"product":"DESIGNER RUNTZ PRE ROLL - FLEUR","min_price":22.66000061035156,"max_price":28.062502543131508,"avg_price":26.16244584604162,"std_dev":0.7559535855637257,"store_count":12,"price_range":5.402501932779948,"range_pct":20.6},{"product":"TIGER HEAD PRE ROLL - FLEUR","min_price":22.750000953674316,"max_price":27.76064279917124,"avg_price":25.394127289812122,"std_dev":0.728583113133562,"store_count":12,"price_range":5.010641845496924,"range_pct":19.7},{"product":"KATANA OG EIGHTH - FLEUR","min_price":66.23005319148936,"max_price":80.17857142857142,"avg_price":71.94230580018998,"std_dev":1.8744019048985276,"store_count":12,"price_range":13.948518237082066,"range_pct":19.4},{"product":"MAC BREATH EIGHTH - FLEUR","min_price":59.25347222222222,"max_price":71.35416666666667,"avg_price":63.70949074074073,"std_dev":2.6602963310372103,"store_count":6,"price_range":12.100694444444446,"range_pct":19.0},{"product":"MISS AFRICA EIGHTH - FLEUR","min_price":66.09893054496952,"max_price":78.6961860161323,"avg_price":72.65154231866265,"std_dev":2.0116489064697776,"store_count":12,"price_range":12.59725547116279,"range_pct":17.3},{"product":"SKY KUSH CAKE PRE ROLL - FLEUR","min_price":23.018181540749293,"max_price":27.362503051757812,"avg_price":25.21251778847359,"std_dev":0.8095830398245667,"store_count":8,"price_range":4.34432151100852,"range_pct":17.2},{"product":"MISS AFRICA PRE ROLL - FLEUR","min_price":23.55,"max_price":27.872562563516258,"avg_price":26.1188831214999,"std_dev":0.5882030260709534,"store_count":12,"price_range":4.322562563516259,"range_pct":16.5},{"product":"BETTER THAN YOUR OG PRE ROLL - FLEUR","min_price":24.22083536783854,"max_price":28.122221770109952,"avg_price":25.361356586661557,"std_dev":0.5579685994038494,"store_count":12,"price_range":3.901386402271414,"range_pct":15.4},{"product":"FIRE ANGEL EIGHTH - FLEUR","min_price":63.75,"max_price":73.69565217391305,"avg_price":68.72282608695653,"std_dev":2.8130552381986575,"store_count":4,"price_range":9.945652173913047,"range_pct":14.5},{"product":"ORANGE COOKIES PRE ROLL - FLEUR","min_price":25.26000213623047,"max_price":29.068180431019176,"avg_price":27.66653762751327,"std_dev":0.8374162612880711,"store_count":6,"price_range":3.8081782947887044,"range_pct":13.8},{"product":"SIN CITY CBD PRE ROLL - FLEUR","min_price":25.84285845075335,"max_price":29.021427699497767,"avg_price":26.838919691650162,"std_dev":0.511107596638042,"store_count":12,"price_range":3.1785692487444184,"range_pct":11.8},{"product":"BUSHIDO OG PRE ROLL - FLEUR","min_price":25.202020202020204,"max_price":27.817817850315826,"avg_price":26.37211336370305,"std_dev":0.4102373233134476,"store_count":12,"price_range":2.6157976482956213,"range_pct":9.9},{"product":"SIN CITY CBD EIGHTH - FLEUR","min_price":66.2594696969697,"max_price":72.875,"avg_price":70.07734879138286,"std_dev":0.9403068509432798,"store_count":12,"price_range":6.615530303030299,"range_pct":9.4},{"product":"KATANA OG PRE ROLL - FLEUR","min_price":25.639999389648438,"max_price":28.116280016048933,"avg_price":26.740123935981167,"std_dev":0.42358507888869035,"store_count":10,"price_range":2.4762806264004977,"range_pct":9.3},{"product":"TIGER HEAD EIGHTH - FLEUR","min_price":65.38033807829181,"max_price":71.43817204301075,"avg_price":68.1930326213161,"std_dev":0.8546911675079234,"store_count":12,"price_range":6.057833964718933,"range_pct":8.9},{"product":"GRAPE MONSTER PRE ROLL - FLEUR","min_price":25.726853358892747,"max_price":28.167583759014427,"avg_price":27.279879432938984,"std_dev":0.43391042748743575,"store_count":12,"price_range":2.44073040012168,"range_pct":8.9},{"product":"WOOKIES N CREAM PRE ROLL - FLEUR","min_price":24.341774469689476,"max_price":26.00999755859375,"avg_price":25.190786006545927,"std_dev":0.3338042774823057,"store_count":6,"price_range":1.6682230889042726,"range_pct":6.6},{"product":"LA CONFIDENTIAL PRE ROLL - FLEUR","min_price":26.100001743861604,"max_price":26.85,"avg_price":26.475000871930803,"std_dev":0.2121315411174179,"store_count":4,"price_range":0.7499982561383955,"range_pct":2.8},{"product":"PIXIE STICKS EIGHTH - FLEUR","min_price":63.17857142857143,"max_price":64.43181818181819,"avg_price":63.80519480519481,"std_dev":0.3544717110883211,"store_count":4,"price_range":1.2532467532467528,"range_pct":2.0}],"promotional_effectiveness":{"lift":{"fp_units_per_day":31.6,"disc_units_per_day":49.84,"lift_pct":57.8,"fp_avg_revenue_per_unit":53.9,"disc_avg_revenue_per_unit":50.300000000000004},"by_deal":[{"deal_name":"Industry - 30% Off","uses":3542,"revenue":202164.0985584259,"discounts":86997.1496462822,"units":9028.0,"cost":115293.47629070282,"margin":43.0,"discount_depth":60.2},{"deal_name":"Senior - 10% Off","uses":583,"revenue":63157.375140190125,"discounts":7086.375023126602,"units":1960.0,"cost":27772.212789058685,"margin":56.0,"discount_depth":20.2},{"deal_name":"Stock & Save - 1/4 for $50","uses":516,"revenue":53085.425000190735,"discounts":21283.324999809265,"units":1702.0,"cost":26714.95001077652,"margin":49.7,"discount_depth":57.2},{"deal_name":"Fleur 1/4 for $50","uses":412,"revenue":60576.25,"discounts":24630.0,"units":1940.0,"cost":30386.600017547607,"margin":49.8,"discount_depth":57.8},{"deal_name":"Fleur 1/4 for $55","uses":382,"revenue":61295.625,"discounts":21410.625,"units":1784.0,"cost":32851.188135147095,"margin":46.4,"discount_depth":51.8},{"deal_name":"30% Off Special","uses":319,"revenue":13630.249967575073,"discounts":5802.249990701675,"units":760.0,"cost":7787.5,"margin":42.9,"discount_depth":59.8},{"deal_name":"Veterans - 10% Off","uses":309,"revenue":25971.62514925003,"discounts":2912.1250185370445,"units":958.0,"cost":11465.125107765198,"margin":55.9,"discount_depth":20.2},{"deal_name":"Senior / Veterans - 20% Off","uses":263,"revenue":21344.50011730194,"discounts":5395.500029325485,"units":790.0,"cost":10654.22512292862,"margin":50.1,"discount_depth":40.4},{"deal_name":"4/20 50% Off!!!!","uses":221,"revenue":13418.75,"discounts":13418.75,"units":740.0,"cost":10657.350177764893,"margin":20.6,"discount_depth":100.0},{"deal_name":"GW - 50% Off Flower","uses":212,"revenue":15261.875,"discounts":15244.375,"units":666.0,"cost":10941.57506942749,"margin":28.3,"discount_depth":100.0},{"deal_name":"Industry 30% Off","uses":143,"revenue":7675.999927520752,"discounts":3341.499981880188,"units":378.0,"cost":4181.25,"margin":45.5,"discount_depth":60.6},{"deal_name":"Jackpot - Locals 30% Off","uses":143,"revenue":9889.249963760376,"discounts":4238.249990940094,"units":392.0,"cost":5395.025055408478,"margin":45.4,"discount_depth":60.0},{"deal_name":"4/20 2025 - Flower / Infused","uses":113,"revenue":4637.5,"discounts":4690.0,"units":312.0,"cost":3543.75,"margin":23.6,"discount_depth":100.6},{"deal_name":"Fluer 1/4 for $55","uses":91,"revenue":14098.75,"discounts":4688.75,"units":410.0,"cost":7613.950133323669,"margin":46.0,"discount_depth":50.0},{"deal_name":"LVAC - 25% Off","uses":85,"revenue":3646.875,"discounts":1215.625,"units":208.0,"cost":1980.5000114440918,"margin":45.7,"discount_depth":50.0},{"deal_name":"Employee 30% - NOT FRIDAYS","uses":69,"revenue":3607.624969482422,"discounts":1546.1249923706055,"units":160.0,"cost":1971.100013256073,"margin":45.4,"discount_depth":60.0},{"deal_name":"30% Off Special!","uses":61,"revenue":1365.0,"discounts":585.0,"units":156.0,"cost":975.0,"margin":28.6,"discount_depth":60.0},{"deal_name":"Lit4Less - 1/4 for $50","uses":53,"revenue":6125.0,"discounts":2050.0,"units":196.0,"cost":3062.5,"margin":50.0,"discount_depth":50.2},{"deal_name":"Employee - 40% OFF","uses":42,"revenue":2605.4999899864197,"discounts":1862.0000100135803,"units":136.0,"cost":1732.0250177383423,"margin":33.5,"discount_depth":83.4},{"deal_name":"Fleur 1/4 for $40","uses":20,"revenue":2100.0,"discounts":1050.0,"units":84.0,"cost":1312.5,"margin":37.5,"discount_depth":66.6}]},"growth_opportunities":[{"type":"sku_expansion","title":"Add 'BETTER THAN YOUR OG PRE ROLL - FLEUR' to 1 more store(s)","detail":"Carried in 6 stores. Missing from: Elevation Downtown","priority":"medium"},{"type":"sku_expansion","title":"Add 'BUSHIDO OG PRE ROLL - FLEUR' to 1 more store(s)","detail":"Carried in 6 stores. Missing from: Elevation Downtown","priority":"medium"},{"type":"sku_expansion","title":"Add 'DESIGNER RUNTZ PRE ROLL - FLEUR' to 1 more store(s)","detail":"Carried in 6 stores. Missing from: Elevation Downtown","priority":"medium"},{"type":"sku_expansion","title":"Add 'FIRE ANGEL EIGHTH - FLEUR' to 5 more store(s)","detail":"Carried in 2 stores. Missing from: Elevation Springs, Elevation Downtown, Elevation Midtown, Elevation Boulevard, Elevation Parkway","priority":"medium"},{"type":"sku_expansion","title":"Add 'FIRE ANGEL PRE ROLL - FLEUR' to 4 more store(s)","detail":"Carried in 3 stores. Missing from: Elevation Springs, Elevation Mesa, Elevation Downtown, Elevation Boulevard","priority":"medium"},{"type":"velocity","title":"Improve velocity in FLOWER","detail":"Velocity index 63 (below category average). 17.4 units/day vs 27.8 avg.","priority":"medium"},{"type":"velocity","title":"Improve velocity in PRE ROLL","detail":"Velocity index 62 (below category average). 13.2 units/day vs 21.2 avg.","priority":"medium"}],"trend":[{"period":"2024-01","revenue":29484.326171875,"cost":14845.350341796875,"margin":49.7,"units":796,"transactions":660,"profit":14638.974609375,"revenue_change_pct":null,"units_change_pct":null,"margin_change_pts":null},{"period":"2024-02","revenue":31848.9501953125,"cost":16385.675048828125,"margin":48.6,"units":866,"transactions":706,"profit":15463.275146484375,"revenue_change_pct":8.0,"units_change_pct":8.8,"margin_change_pts":-1.1},{"period":"2024-03","revenue":47583.75,"cost":23237.9248046875,"margin":51.2,"units":1234,"transactions":930,"profit":24345.8251953125,"revenue_change_pct":49.4,"units_change_pct":42.5,"margin_change_pts":2.6},{"period":"2024-04","revenue":95432.724609375,"cost":49450.048828125,"margin":48.2,"units":3364,"transactions":2404,"profit":45982.67578125,"revenue_change_pct":100.6,"units_change_pct":172.6,"margin_change_pts":-3.0},{"period":"2024-05","revenue":96508.427734375,"cost":46531.42578125,"margin":51.8,"units":3624,"transactions":2650,"profit":49977.001953125,"revenue_change_pct":1.1,"units_change_pct":7.7,"margin_change_pts":3.6},{"period":"2024-06","revenue":67913.349609375,"cost":32775.30029296875,"margin":51.7,"units":2798,"transactions":2054,"profit":35138.04931640625,"revenue_change_pct":-29.6,"units_change_pct":-22.8,"margin_change_pts":-0.0},{"period":"2024-07","revenue":85553.427734375,"cost":41995.4248046875,"margin":50.9,"units":3308,"transactions":2326,"profit":43557.998046875,"revenue_change_pct":26.0,"units_change_pct":18.2,"margin_change_pts":-0.8},{"period":"2024-08","revenue":72063.9990234375,"cost":34976.2744140625,"margin":51.5,"units":2844,"transactions":2086,"profit":37087.724609375,"revenue_change_pct":-15.8,"units_change_pct":-14.0,"margin_change_pts":0.6},{"period":"2024-09","revenue":93570.80078125,"cost":44854.55078125,"margin":52.1,"units":3750,"transactions":2750,"profit":48716.25,"revenue_change_pct":29.8,"units_change_pct":31.9,"margin_change_pts":0.6},{"period":"2024-10","revenue":107104.052734375,"cost":51554.423828125,"margin":51.9,"units":4366,"transactions":3110,"profit":55549.6240234375,"revenue_change_pct":14.5,"units_change_pct":16.4,"margin_change_pts":-0.2},{"period":"2024-11","revenue":79740.126953125,"cost":40976.0009765625,"margin":48.6,"units":3074,"transactions":2264,"profit":38764.1259765625,"revenue_change_pct":-25.5,"units_change_pct":-29.6,"margin_change_pts":-3.3},{"period":"2024-12","revenue":100588.173828125,"cost":44617.5244140625,"margin":55.6,"units":3856,"transactions":2542,"profit":55970.6494140625,"revenue_change_pct":26.1,"units_change_pct":25.4,"margin_change_pts":7.0},{"period":"2025-01","revenue":86907.32421875,"cost":39551.14990234375,"margin":54.5,"units":3238,"transactions":2280,"profit":47356.1767578125,"revenue_change_pct":-13.6,"units_change_pct":-16.0,"margin_change_pts":-1.2},{"period":"2025-02","revenue":62486.9482421875,"cost":29225.0,"margin":53.2,"units":2420,"transactions":1672,"profit":33261.95068359375,"revenue_change_pct":-28.1,"units_change_pct":-25.3,"margin_change_pts":-1.3},{"period":"2025-03","revenue":37867.60009765625,"cost":19889.949951171875,"margin":47.5,"units":1844,"transactions":1382,"profit":17977.650146484375,"revenue_change_pct":-39.4,"units_change_pct":-23.8,"margin_change_pts":-5.8},{"period":"2025-04","revenue":29261.12548828125,"cost":16475.0,"margin":43.7,"units":1526,"transactions":1102,"profit":12786.12548828125,"revenue_change_pct":-22.7,"units_change_pct":-17.2,"margin_change_pts":-3.8},{"period":"2025-05","revenue":6768.2501220703125,"cost":3493.75,"margin":48.4,"units":298,"transactions":242,"profit":3274.5001220703125,"revenue_change_pct":-76.9,"units_change_pct":-80.5,"margin_change_pts":4.7},{"period":"2025-06","revenue":48581.650390625,"cost":23256.25,"margin":52.1,"units":2236,"transactions":1654,"profit":25325.400390625,"revenue_change_pct":617.8,"units_change_pct":650.3,"margin_change_pts":3.7},{"period":"2025-07","revenue":19470.999755859375,"cost":9631.25,"margin":50.5,"units":884,"transactions":686,"profit":9839.749755859375,"revenue_change_pct":-59.9,"units_change_pct":-60.5,"margin_change_pts":-1.6},{"period":"2025-08","revenue":5914.000244140625,"cost":3218.75,"margin":45.6,"units":260,"transactions":184,"profit":2695.2499389648438,"revenue_change_pct":-69.6,"units_change_pct":-70.6,"margin_change_pts":-5.0},{"period":"2025-09","revenue":1225.5000305175781,"cost":618.75,"margin":49.5,"units":66,"transactions":60,"profit":606.7499923706055,"revenue_change_pct":-79.3,"units_change_pct":-74.6,"margin_change_pts":3.9},{"period":"2025-10","revenue":550.0,"cost":268.75,"margin":51.1,"units":40,"transactions":32,"profit":281.25,"revenue_change_pct":-55.1,"units_change_pct":-39.4,"margin_change_pts":1.6},{"period":"2025-11","revenue":299.50000762939453,"cost":150.0,"margin":49.9,"units":24,"transactions":18,"profit":149.49999809265137,"revenue_change_pct":-45.5,"units_change_pct":-40.0,"margin_change_pts":-1.2}]}