{"brand":"FLEUR","date_range":"2024-01-01 00:00:00 to 2026-01-31 00:00:00","period_label":"All Time","summary":{"total_units":46716,"total_revenue":1206725.0,"total_cost":587978.515625,"total_discounts":286601.25,"total_profit":618746.484375,"overall_margin":51.29999923706055,"fp_margin":59.900001525878906,"disc_margin":45.599998474121094,"pct_full_price":39.400001525878906,"avg_discount_rate":19.200000762939453,"fp_revenue":475882.5,"disc_revenue":730842.5,"unique_customers":21380,"brand":"FLEUR","date_range":"2024-01-01 00:00:00 to 2026-01-31 00:00:00","months_count":46,"avg_monthly_cost":25564.274999999998,"cost_per_unit":25.175,"primary_category":"FLOWER","primary_cat_margin":54.099998474121094,"category_rank":23,"category_total":64,"margin_vs_category":-2.799999952316284,"velocity_rank":21},"category_breakdown":[{"category_clean":"FLOWER","units":26572,"revenue":946594.84375,"cost":464556.015625,"profit":482038.8671875,"discounts":248136.3671875,"margin":50.900001525878906,"category_avg_margin":54.099998474121094,"vs_category":-3.2,"rank":23.0,"total_brands":64.0},{"category_clean":"PRE ROLL","units":20144,"revenue":260130.1171875,"cost":123422.5,"profit":136707.626953125,"discounts":38464.87548828125,"margin":52.599998474121094,"category_avg_margin":48.29999923706055,"vs_category":4.3,"rank":14.0,"total_brands":46.0}],"trend":[{"period":"2024-01","revenue":29484.326171875,"cost":14845.350341796875,"margin":49.7,"units":796,"transactions":660,"profit":14638.974609375,"revenue_change_pct":null,"units_change_pct":null,"margin_change_pts":null},{"period":"2024-02","revenue":31848.9501953125,"cost":16385.675048828125,"margin":48.6,"units":866,"transactions":706,"profit":15463.275146484375,"revenue_change_pct":8.0,"units_change_pct":8.8,"margin_change_pts":-1.1},{"period":"2024-03","revenue":47583.75,"cost":23237.9248046875,"margin":51.2,"units":1234,"transactions":930,"profit":24345.8251953125,"revenue_change_pct":49.4,"units_change_pct":42.5,"margin_change_pts":2.6},{"period":"2024-04","revenue":95432.724609375,"cost":49450.048828125,"margin":48.2,"units":3364,"transactions":2404,"profit":45982.67578125,"revenue_change_pct":100.6,"units_change_pct":172.6,"margin_change_pts":-3.0},{"period":"2024-05","revenue":96508.427734375,"cost":46531.42578125,"margin":51.8,"units":3624,"transactions":2650,"profit":49977.001953125,"revenue_change_pct":1.1,"units_change_pct":7.7,"margin_change_pts":3.6},{"period":"2024-06","revenue":67913.349609375,"cost":32775.30029296875,"margin":51.7,"units":2798,"transactions":2054,"profit":35138.04931640625,"revenue_change_pct":-29.6,"units_change_pct":-22.8,"margin_change_pts":-0.0},{"period":"2024-07","revenue":85553.427734375,"cost":41995.4248046875,"margin":50.9,"units":3308,"transactions":2326,"profit":43557.998046875,"revenue_change_pct":26.0,"units_change_pct":18.2,"margin_change_pts":-0.8},{"period":"2024-08","revenue":72063.9990234375,"cost":34976.2744140625,"margin":51.5,"units":2844,"transactions":2086,"profit":37087.724609375,"revenue_change_pct":-15.8,"units_change_pct":-14.0,"margin_change_pts":0.6},{"period":"2024-09","revenue":93570.80078125,"cost":44854.55078125,"margin":52.1,"units":3750,"transactions":2750,"profit":48716.25,"revenue_change_pct":29.8,"units_change_pct":31.9,"margin_change_pts":0.6},{"period":"2024-10","revenue":107104.052734375,"cost":51554.423828125,"margin":51.9,"units":4366,"transactions":3110,"profit":55549.6240234375,"revenue_change_pct":14.5,"units_change_pct":16.4,"margin_change_pts":-0.2},{"period":"2024-11","revenue":79740.126953125,"cost":40976.0009765625,"margin":48.6,"units":3074,"transactions":2264,"profit":38764.1259765625,"revenue_change_pct":-25.5,"units_change_pct":-29.6,"margin_change_pts":-3.3},{"period":"2024-12","revenue":100588.173828125,"cost":44617.5244140625,"margin":55.6,"units":3856,"transactions":2542,"profit":55970.6494140625,"revenue_change_pct":26.1,"units_change_pct":25.4,"margin_change_pts":7.0},{"period":"2025-01","revenue":86907.32421875,"cost":39551.14990234375,"margin":54.5,"units":3238,"transactions":2280,"profit":47356.1767578125,"revenue_change_pct":-13.6,"units_change_pct":-16.0,"margin_change_pts":-1.2},{"period":"2025-02","revenue":62486.9482421875,"cost":29225.0,"margin":53.2,"units":2420,"transactions":1672,"profit":33261.95068359375,"revenue_change_pct":-28.1,"units_change_pct":-25.3,"margin_change_pts":-1.3},{"period":"2025-03","revenue":37867.60009765625,"cost":19889.949951171875,"margin":47.5,"units":1844,"transactions":1382,"profit":17977.650146484375,"revenue_change_pct":-39.4,"units_change_pct":-23.8,"margin_change_pts":-5.8},{"period":"2025-04","revenue":29261.12548828125,"cost":16475.0,"margin":43.7,"units":1526,"transactions":1102,"profit":12786.12548828125,"revenue_change_pct":-22.7,"units_change_pct":-17.2,"margin_change_pts":-3.8},{"period":"2025-05","revenue":6768.2501220703125,"cost":3493.75,"margin":48.4,"units":298,"transactions":242,"profit":3274.5001220703125,"revenue_change_pct":-76.9,"units_change_pct":-80.5,"margin_change_pts":4.7},{"period":"2025-06","revenue":48581.650390625,"cost":23256.25,"margin":52.1,"units":2236,"transactions":1654,"profit":25325.400390625,"revenue_change_pct":617.8,"units_change_pct":650.3,"margin_change_pts":3.7},{"period":"2025-07","revenue":19470.999755859375,"cost":9631.25,"margin":50.5,"units":884,"transactions":686,"profit":9839.749755859375,"revenue_change_pct":-59.9,"units_change_pct":-60.5,"margin_change_pts":-1.6},{"period":"2025-08","revenue":5914.000244140625,"cost":3218.75,"margin":45.6,"units":260,"transactions":184,"profit":2695.2499389648438,"revenue_change_pct":-69.6,"units_change_pct":-70.6,"margin_change_pts":-5.0},{"period":"2025-09","revenue":1225.5000305175781,"cost":618.75,"margin":49.5,"units":66,"transactions":60,"profit":606.7499923706055,"revenue_change_pct":-79.3,"units_change_pct":-74.6,"margin_change_pts":3.9},{"period":"2025-10","revenue":550.0,"cost":268.75,"margin":51.1,"units":40,"transactions":32,"profit":281.25,"revenue_change_pct":-55.1,"units_change_pct":-39.4,"margin_change_pts":1.6},{"period":"2025-11","revenue":299.50000762939453,"cost":150.0,"margin":49.9,"units":24,"transactions":18,"profit":149.49999809265137,"revenue_change_pct":-45.5,"units_change_pct":-40.0,"margin_change_pts":-1.2}],"share_of_category":[{"category":"FLOWER","brand_revenue":946594.84375,"category_revenue":77755450.0,"revenue_share_pct":1.2000000476837158,"brand_units":26572,"category_units":2708446,"units_share_pct":1.0},{"category":"PRE ROLL","brand_revenue":260130.1171875,"category_revenue":14009791.25,"revenue_share_pct":1.899999976158142,"brand_units":20144,"category_units":1485736,"units_share_pct":1.4}],"share_of_category_trend":{"FLOWER":[{"period":"2024-01","brand_revenue":29484.326171875,"category_revenue":3552357.8125,"share_pct":0.800000011920929},{"period":"2024-02","brand_revenue":31848.9501953125,"category_revenue":3535245.625,"share_pct":0.8999999761581421},{"period":"2024-03","brand_revenue":47583.75,"category_revenue":3693805.625,"share_pct":1.2999999523162842},{"period":"2024-04","brand_revenue":84161.728515625,"category_revenue":3541899.6875,"share_pct":2.4000000953674316},{"period":"2024-05","brand_revenue":75263.22265625,"category_revenue":3537479.375,"share_pct":2.0999999046325684},{"period":"2024-06","brand_revenue":48020.52734375,"category_revenue":3403269.6875,"share_pct":1.399999976158142},{"period":"2024-07","brand_revenue":65456.0498046875,"category_revenue":3457705.9375,"share_pct":1.899999976158142},{"period":"2024-08","brand_revenue":53362.5,"category_revenue":3453819.375,"share_pct":1.5},{"period":"2024-09","brand_revenue":66810.2978515625,"category_revenue":3316441.5625,"share_pct":2.0},{"period":"2024-10","brand_revenue":74946.298828125,"category_revenue":3585775.0,"share_pct":2.0999999046325684},{"period":"2024-11","brand_revenue":64070.625,"category_revenue":3454855.3125,"share_pct":1.899999976158142},{"period":"2024-12","brand_revenue":77979.6728515625,"category_revenue":3226567.8125,"share_pct":2.4000000953674316},{"period":"2025-01","brand_revenue":71270.2978515625,"category_revenue":2984938.125,"share_pct":2.4000000953674316},{"period":"2025-02","brand_revenue":50822.7001953125,"category_revenue":2816220.0,"share_pct":1.7999999523162842},{"period":"2025-03","brand_revenue":27301.8505859375,"category_revenue":2911379.6875,"share_pct":0.8999999761581421},{"period":"2025-04","brand_revenue":21550.625,"category_revenue":3118895.3125,"share_pct":0.699999988079071},{"period":"2025-05","brand_revenue":5496.25,"category_revenue":2887345.0,"share_pct":0.20000000298023224},{"period":"2025-06","brand_revenue":31990.2001953125,"category_revenue":2773698.125,"share_pct":1.2000000476837158},{"period":"2025-07","brand_revenue":13695.0,"category_revenue":2782763.125,"share_pct":0.5},{"period":"2025-08","brand_revenue":4802.5,"category_revenue":2733122.8125,"share_pct":0.20000000298023224},{"period":"2025-09","brand_revenue":652.5,"category_revenue":2603501.5625,"share_pct":0.0},{"period":"2025-10","brand_revenue":25.0,"category_revenue":2663705.0,"share_pct":0.0},{"period":"2025-11","brand_revenue":0.0,"category_revenue":2700189.0625,"share_pct":0.0},{"period":"2025-12","brand_revenue":0.0,"category_revenue":2515209.53125,"share_pct":0.0},{"period":"2026-01","brand_revenue":0.0,"category_revenue":2505261.875,"share_pct":0.0}],"PRE ROLL":[{"period":"2024-01","brand_revenue":0.0,"category_revenue":508338.515625,"share_pct":0.0},{"period":"2024-02","brand_revenue":0.0,"category_revenue":489393.671875,"share_pct":0.0},{"period":"2024-03","brand_revenue":0.0,"category_revenue":520052.3828125,"share_pct":0.0},{"period":"2024-04","brand_revenue":11270.999755859375,"category_revenue":491300.6640625,"share_pct":2.299999952316284},{"period":"2024-05","brand_revenue":21245.2001953125,"category_revenue":542202.890625,"share_pct":3.9000000953674316},{"period":"2024-06","brand_revenue":19892.82470703125,"category_revenue":507288.8671875,"share_pct":3.9000000953674316},{"period":"2024-07","brand_revenue":20097.374267578125,"category_revenue":524250.9765625,"share_pct":3.799999952316284},{"period":"2024-08","brand_revenue":18701.500244140625,"category_revenue":612518.7109375,"share_pct":3.0999999046325684},{"period":"2024-09","brand_revenue":26760.50048828125,"category_revenue":586543.0078125,"share_pct":4.599999904632568},{"period":"2024-10","brand_revenue":32157.7490234375,"category_revenue":641449.1796875,"share_pct":5.0},{"period":"2024-11","brand_revenue":15669.49951171875,"category_revenue":579866.71875,"share_pct":2.700000047683716},{"period":"2024-12","brand_revenue":22608.5009765625,"category_revenue":582999.5703125,"share_pct":3.9000000953674316},{"period":"2025-01","brand_revenue":15637.025146484375,"category_revenue":544095.3125,"share_pct":2.9000000953674316},{"period":"2025-02","brand_revenue":11664.25048828125,"category_revenue":500875.5859375,"share_pct":2.299999952316284},{"period":"2025-03","brand_revenue":10565.74951171875,"category_revenue":551422.0703125,"share_pct":1.899999976158142},{"period":"2025-04","brand_revenue":7710.4998779296875,"category_revenue":568189.375,"share_pct":1.399999976158142},{"period":"2025-05","brand_revenue":1271.9999694824219,"category_revenue":565516.875,"share_pct":0.20000000298023224},{"period":"2025-06","brand_revenue":16591.4501953125,"category_revenue":560506.71875,"share_pct":3.0},{"period":"2025-07","brand_revenue":5775.999755859375,"category_revenue":600916.09375,"share_pct":1.0},{"period":"2025-08","brand_revenue":1111.500015258789,"category_revenue":620247.5,"share_pct":0.20000000298023224},{"period":"2025-09","brand_revenue":572.9999923706055,"category_revenue":608971.09375,"share_pct":0.10000000149011612},{"period":"2025-10","brand_revenue":525.0,"category_revenue":645293.1640625,"share_pct":0.10000000149011612},{"period":"2025-11","brand_revenue":299.50000762939453,"category_revenue":581113.4765625,"share_pct":0.10000000149011612},{"period":"2025-12","brand_revenue":0.0,"category_revenue":553088.5546875,"share_pct":0.0},{"period":"2026-01","brand_revenue":0.0,"category_revenue":523350.9375,"share_pct":0.0}]},"discount_depth":[{"tier":"0% (Full Price)","transactions":15088,"pct_of_transactions":40.2,"revenue":475882.5,"avg_discount":0.0},{"tier":"1-10%","transactions":2742,"pct_of_transactions":7.3,"revenue":117083.33984375,"avg_discount":20.0},{"tier":"11-20%","transactions":1332,"pct_of_transactions":3.5,"revenue":48315.0,"avg_discount":38.20000076293945},{"tier":"21-30%","transactions":7776,"pct_of_transactions":20.7,"revenue":214809.6875,"avg_discount":56.599998474121094},{"tier":"31%+","transactions":3084,"pct_of_transactions":8.2,"revenue":98196.953125,"avg_discount":88.5999984741211}],"velocity":{"units_per_day":69.1,"revenue_per_day":1785.0999450683594,"avg_units_per_txn":2.76,"days_of_data":676,"total_units":46716,"total_transactions":33794},"velocity_by_category":[{"category":"FLOWER","brand_units_per_day":34.88,"category_avg_units_per_day":55.54,"velocity_index":62.8,"brand_rev_per_unit":28.5,"category_rev_per_unit":22.97,"brands_in_category":64},{"category":"PRE ROLL","brand_units_per_day":26.44,"category_avg_units_per_day":42.38,"velocity_index":62.4,"brand_rev_per_unit":10.33,"category_rev_per_unit":7.54,"brands_in_category":46}],"deals":[{"deal_name":"Industry - 30% Off","times_used":7084,"units":9028.0,"revenue":202164.0985584259,"discounts":86997.1496462822,"cost":115293.47629070282,"profit":86870.62407523394,"pre_discount_revenue":289161.25,"margin":43.0,"avg_discount":60.2},{"deal_name":"Senior - 10% Off","times_used":1166,"units":1960.0,"revenue":63157.375140190125,"discounts":7086.375023126602,"cost":27772.212789058685,"profit":35385.16314506531,"pre_discount_revenue":70243.75,"margin":56.0,"avg_discount":20.2},{"deal_name":"Stock & Save - 1/4 for $50","times_used":1032,"units":1702.0,"revenue":53085.425000190735,"discounts":21283.324999809265,"cost":26714.95001077652,"profit":26370.474989414215,"pre_discount_revenue":74368.75,"margin":49.7,"avg_discount":57.2},{"deal_name":"Fleur 1/4 for $50","times_used":824,"units":1940.0,"revenue":60576.25,"discounts":24630.0,"cost":30386.600017547607,"profit":30189.649982452393,"pre_discount_revenue":85206.25,"margin":49.8,"avg_discount":57.8},{"deal_name":"Fleur 1/4 for $55","times_used":764,"units":1784.0,"revenue":61295.625,"discounts":21410.625,"cost":32851.188135147095,"profit":28444.436864852905,"pre_discount_revenue":82706.25,"margin":46.4,"avg_discount":51.8},{"deal_name":"30% Off Special","times_used":638,"units":760.0,"revenue":13630.249967575073,"discounts":5802.249990701675,"cost":7787.5,"profit":5842.750009298325,"pre_discount_revenue":19432.5,"margin":42.9,"avg_discount":59.8},{"deal_name":"Veterans - 10% Off","times_used":618,"units":958.0,"revenue":25971.62514925003,"discounts":2912.1250185370445,"cost":11465.125107765198,"profit":14506.500271558762,"pre_discount_revenue":28883.75,"margin":55.9,"avg_discount":20.2},{"deal_name":"Senior / Veterans - 20% Off","times_used":526,"units":790.0,"revenue":21344.50011730194,"discounts":5395.500029325485,"cost":10654.22512292862,"profit":10690.275011062622,"pre_discount_revenue":26740.0,"margin":50.1,"avg_discount":40.4},{"deal_name":"4/20 50% Off!!!!","times_used":442,"units":740.0,"revenue":13418.75,"discounts":13418.75,"cost":10657.350177764893,"profit":2761.3999927043915,"pre_discount_revenue":26837.5,"margin":20.6,"avg_discount":100.0},{"deal_name":"GW - 50% Off Flower","times_used":424,"units":666.0,"revenue":15261.875,"discounts":15244.375,"cost":10941.57506942749,"profit":4320.299996137619,"pre_discount_revenue":30506.25,"margin":28.3,"avg_discount":100.0},{"deal_name":"Industry 30% Off","times_used":286,"units":378.0,"revenue":7675.999927520752,"discounts":3341.499981880188,"cost":4181.25,"profit":3494.750018119812,"pre_discount_revenue":11017.5,"margin":45.5,"avg_discount":60.6},{"deal_name":"Jackpot - Locals 30% Off","times_used":286,"units":392.0,"revenue":9889.249963760376,"discounts":4238.249990940094,"cost":5395.025055408478,"profit":4494.224953651428,"pre_discount_revenue":14127.5,"margin":45.4,"avg_discount":60.0},{"deal_name":"4/20 2025 - Flower / Infused","times_used":226,"units":312.0,"revenue":4637.5,"discounts":4690.0,"cost":3543.75,"profit":1093.75,"pre_discount_revenue":9327.5,"margin":23.6,"avg_discount":100.6},{"deal_name":"Fluer 1/4 for $55","times_used":182,"units":410.0,"revenue":14098.75,"discounts":4688.75,"cost":7613.950133323669,"profit":6484.799866676331,"pre_discount_revenue":18787.5,"margin":46.0,"avg_discount":50.0},{"deal_name":"LVAC - 25% Off","times_used":170,"units":208.0,"revenue":3646.875,"discounts":1215.625,"cost":1980.5000114440918,"profit":1666.3749885559082,"pre_discount_revenue":4862.5,"margin":45.7,"avg_discount":50.0},{"deal_name":"Employee 30% - NOT FRIDAYS","times_used":138,"units":160.0,"revenue":3607.624969482422,"discounts":1546.1249923706055,"cost":1971.100013256073,"profit":1636.5249943733215,"pre_discount_revenue":5153.75,"margin":45.4,"avg_discount":60.0},{"deal_name":"30% Off Special!","times_used":122,"units":156.0,"revenue":1365.0,"discounts":585.0,"cost":975.0,"profit":390.0,"pre_discount_revenue":1950.0,"margin":28.6,"avg_discount":60.0},{"deal_name":"Lit4Less - 1/4 for $50","times_used":106,"units":196.0,"revenue":6125.0,"discounts":2050.0,"cost":3062.5,"profit":3062.5,"pre_discount_revenue":8175.0,"margin":50.0,"avg_discount":50.2},{"deal_name":"Employee - 40% OFF","times_used":84,"units":136.0,"revenue":2605.4999899864197,"discounts":1862.0000100135803,"cost":1732.0250177383423,"profit":873.4750029444695,"pre_discount_revenue":4467.5,"margin":33.5,"avg_discount":83.4},{"deal_name":"Fleur 1/4 for $40","times_used":40,"units":84.0,"revenue":2100.0,"discounts":1050.0,"cost":1312.5,"profit":787.5,"pre_discount_revenue":3150.0,"margin":37.5,"avg_discount":66.6},{"deal_name":"Veterans Day - 30% Off For Veterans!","times_used":4,"units":4.0,"revenue":90.99999904632568,"discounts":38.99999976158142,"cost":51.575000286102295,"profit":39.424999952316284,"pre_discount_revenue":130.0,"margin":43.3,"avg_discount":60.0},{"deal_name":"Senior Sunday - RENO ONLY - 20% Off","times_used":2,"units":4.0,"revenue":48.00000190734863,"discounts":12.000000476837158,"cost":25.0,"profit":22.999999523162842,"pre_discount_revenue":60.0,"margin":47.9,"avg_discount":40.0},{"deal_name":"Medical - 10%","times_used":2,"units":2.0,"revenue":27.000000476837158,"discounts":3.0000001192092896,"cost":12.5,"profit":14.500000476837158,"pre_discount_revenue":30.0,"margin":53.7,"avg_discount":20.0}],"top_products":[{"product":"BUSHIDO OG EIGHTH - FLEUR","units":8892,"revenue":329264.7265625,"cost":162506.396484375,"profit":166758.3203125,"transactions":6802,"margin":50.599998474121094},{"product":"GRAPE MONSTER EIGHTH - FLEUR","units":4210,"revenue":153884.345703125,"cost":74849.7265625,"profit":79034.6240234375,"transactions":3262,"margin":51.400001525878906},{"product":"TIGER HEAD EIGHTH - FLEUR","units":3630,"revenue":123193.974609375,"cost":62186.552734375,"profit":61007.4267578125,"transactions":3026,"margin":49.5},{"product":"MISS AFRICA EIGHTH - FLEUR","units":2502,"revenue":91842.421875,"cost":44317.1533203125,"profit":47525.2734375,"transactions":2066,"margin":51.70000076293945},{"product":"BETTER THAN YOUR OG EIGHTH - FLEUR","units":2506,"revenue":85013.37890625,"cost":41479.501953125,"profit":43533.876953125,"transactions":2028,"margin":51.20000076293945},{"product":"BUSHIDO OG PRE ROLL - FLEUR","units":4332,"revenue":56579.248046875,"cost":26402.5,"profit":30176.75048828125,"transactions":3330,"margin":53.29999923706055},{"product":"GRAPE MONSTER PRE ROLL - FLEUR","units":3738,"revenue":50923.9013671875,"cost":23157.5,"profit":27766.39892578125,"transactions":2972,"margin":54.5},{"product":"SKY KUSH CAKE EIGHTH - FLEUR","units":1546,"revenue":50240.0,"cost":24620.34912109375,"profit":25619.65087890625,"transactions":1292,"margin":51.0},{"product":"BETTER THAN YOUR OG PRE ROLL - FLEUR","units":2992,"revenue":37514.74853515625,"cost":18700.0,"profit":18814.749755859375,"transactions":2536,"margin":50.20000076293945},{"product":"KATANA OG EIGHTH - FLEUR","units":1046,"revenue":37049.7509765625,"cost":17268.050537109375,"profit":19781.700439453125,"transactions":872,"margin":53.400001525878906},{"product":"TIGER HEAD PRE ROLL - FLEUR","units":2200,"revenue":27376.32568359375,"cost":13387.5,"profit":13988.82568359375,"transactions":1900,"margin":51.099998474121094},{"product":"SIN CITY CBD EIGHTH - FLEUR","units":740,"revenue":25967.5244140625,"cost":12276.199951171875,"profit":13691.32568359375,"transactions":508,"margin":52.70000076293945},{"product":"MISS AFRICA PRE ROLL - FLEUR","units":1586,"revenue":20631.14990234375,"cost":9350.0,"profit":11281.14990234375,"transactions":1340,"margin":54.70000076293945},{"product":"MELONS X CHAUFFEUR EIGHTH - FLEUR","units":552,"revenue":19686.875,"cost":9701.400146484375,"profit":9985.474853515625,"transactions":482,"margin":50.70000076293945},{"product":"KATANA OG PRE ROLL - FLEUR","units":1062,"revenue":14295.0,"cost":6326.25,"profit":7968.75,"transactions":920,"margin":55.70000076293945},{"product":"SIN CITY CBD PRE ROLL - FLEUR","units":958,"revenue":12858.75,"cost":5623.75,"profit":7235.0,"transactions":682,"margin":56.29999923706055},{"product":"MAC BREATH EIGHTH - FLEUR","units":336,"revenue":10336.25,"cost":5250.0,"profit":5086.25,"transactions":298,"margin":49.20000076293945},{"product":"MAC BREATH PRE ROLL - FLEUR","units":970,"revenue":10175.250244140625,"cost":6062.5,"profit":4112.749938964844,"transactions":804,"margin":40.400001525878906},{"product":"WOOKIES N CREAM EIGHTH - FLEUR","units":276,"revenue":9631.875,"cost":4850.7000732421875,"profit":4781.1749267578125,"transactions":244,"margin":49.599998474121094},{"product":"SKY KUSH CAKE PRE ROLL - FLEUR","units":630,"revenue":8015.4998779296875,"cost":3937.5,"profit":4077.9998779296875,"transactions":538,"margin":50.900001525878906},{"product":"DESIGNER RUNTZ PRE ROLL - FLEUR","units":394,"revenue":5093.2501220703125,"cost":2462.5,"profit":2630.7501220703125,"transactions":354,"margin":51.70000076293945},{"product":"ORANGE COOKIES PRE ROLL - FLEUR","units":328,"revenue":4548.999938964844,"cost":2050.0,"profit":2498.9999389648438,"transactions":266,"margin":54.900001525878906},{"product":"PIXIE STIX EIGHTH - FLEUR","units":152,"revenue":4402.5,"cost":2375.0,"profit":2027.5,"transactions":108,"margin":46.099998474121094},{"product":"WOOKIES N CREAM PRE ROLL - FLEUR","units":326,"revenue":4081.0000610351562,"cost":2037.5,"profit":2043.5000610351562,"transactions":274,"margin":50.099998474121094},{"product":"LA CONFIDENTIAL PRE ROLL - FLEUR","units":240,"revenue":3169.5001220703125,"cost":1500.0,"profit":1669.4999694824219,"transactions":214,"margin":52.70000076293945}],"products_by_store":{"Elevation Springs":[{"product":"BUSHIDO OG EIGHTH - FLEUR","units":1758,"revenue":66329.6728515625,"cost":32476.75048828125,"profit":33852.9248046875,"transactions":1384,"margin":51.0},{"product":"TIGER HEAD EIGHTH - FLEUR","units":984,"revenue":33615.80078125,"cost":16845.30029296875,"profit":16770.50048828125,"transactions":870,"margin":49.900001525878906},{"product":"GRAPE MONSTER EIGHTH - FLEUR","units":788,"revenue":29309.05029296875,"cost":13624.425048828125,"profit":15684.625244140625,"transactions":656,"margin":53.5},{"product":"BETTER THAN YOUR OG EIGHTH - FLEUR","units":596,"revenue":20638.62548828125,"cost":10228.02490234375,"profit":10410.6005859375,"transactions":512,"margin":50.400001525878906},{"product":"BUSHIDO OG PRE ROLL - FLEUR","units":1104,"revenue":14469.000244140625,"cost":6787.5,"profit":7681.500244140625,"transactions":782,"margin":53.099998474121094},{"product":"MISS AFRICA EIGHTH - FLEUR","units":376,"revenue":14243.42529296875,"cost":6792.6751708984375,"profit":7450.7501220703125,"transactions":328,"margin":52.29999923706055},{"product":"GRAPE MONSTER PRE ROLL - FLEUR","units":992,"revenue":13741.500244140625,"cost":6137.5,"profit":7604.000244140625,"transactions":722,"margin":55.29999923706055},{"product":"BETTER THAN YOUR OG PRE ROLL - FLEUR","units":1030,"revenue":12741.500244140625,"cost":6437.5,"profit":6304.000244140625,"transactions":830,"margin":49.5},{"product":"SKY KUSH CAKE EIGHTH - FLEUR","units":334,"revenue":10310.0,"cost":5218.75,"profit":5091.25,"transactions":296,"margin":49.400001525878906},{"product":"KATANA OG EIGHTH - FLEUR","units":236,"revenue":8349.375,"cost":3870.8001708984375,"profit":4478.5748291015625,"transactions":198,"margin":53.599998474121094},{"product":"TIGER HEAD PRE ROLL - FLEUR","units":594,"revenue":7152.0001220703125,"cost":3651.25,"profit":3500.7501220703125,"transactions":500,"margin":48.900001525878906},{"product":"SIN CITY CBD EIGHTH - FLEUR","units":140,"revenue":5101.25,"cost":2277.2000122070312,"profit":2824.0499877929688,"transactions":104,"margin":55.400001525878906},{"product":"MAC BREATH EIGHTH - FLEUR","units":144,"revenue":4266.25,"cost":2250.0,"profit":2016.25,"transactions":134,"margin":47.29999923706055},{"product":"MISS AFRICA PRE ROLL - FLEUR","units":302,"revenue":3905.4998779296875,"cost":1792.5,"profit":2113.000030517578,"transactions":244,"margin":54.099998474121094},{"product":"MELONS X CHAUFFEUR EIGHTH - FLEUR","units":90,"revenue":3141.25,"cost":1581.7500305175781,"profit":1559.4999694824219,"transactions":82,"margin":49.599998474121094}],"Elevation Mesa":[{"product":"BUSHIDO OG EIGHTH - FLEUR","units":1606,"revenue":55846.376953125,"cost":28794.9755859375,"profit":27051.4013671875,"transactions":1344,"margin":48.400001525878906},{"product":"TIGER HEAD EIGHTH - FLEUR","units":920,"revenue":30566.298828125,"cost":15724.400634765625,"profit":14841.8994140625,"transactions":782,"margin":48.599998474121094},{"product":"GRAPE MONSTER EIGHTH - FLEUR","units":752,"revenue":25864.7998046875,"cost":13301.800537109375,"profit":12563.00048828125,"transactions":656,"margin":48.599998474121094},{"product":"BETTER THAN YOUR OG EIGHTH - FLEUR","units":704,"revenue":23998.00048828125,"cost":11923.349609375,"profit":12074.649658203125,"transactions":606,"margin":50.29999923706055},{"product":"MISS AFRICA EIGHTH - FLEUR","units":426,"revenue":14784.200439453125,"cost":7488.1500244140625,"profit":7296.0498046875,"transactions":386,"margin":49.400001525878906},{"product":"SKY KUSH CAKE EIGHTH - FLEUR","units":382,"revenue":11525.0,"cost":5968.75,"profit":5556.25,"transactions":342,"margin":48.20000076293945},{"product":"BUSHIDO OG PRE ROLL - FLEUR","units":814,"revenue":10288.499755859375,"cost":4928.75,"profit":5359.749755859375,"transactions":692,"margin":52.099998474121094},{"product":"KATANA OG EIGHTH - FLEUR","units":284,"revenue":9841.875,"cost":4714.4000244140625,"profit":5127.4749755859375,"transactions":238,"margin":52.099998474121094},{"product":"GRAPE MONSTER PRE ROLL - FLEUR","units":648,"revenue":8335.499877929688,"cost":3997.5,"profit":4338.000183105469,"transactions":522,"margin":52.0},{"product":"BETTER THAN YOUR OG PRE ROLL - FLEUR","units":588,"revenue":7401.4996337890625,"cost":3675.0,"profit":3726.4999389648438,"transactions":486,"margin":50.29999923706055},{"product":"TIGER HEAD PRE ROLL - FLEUR","units":512,"revenue":5824.000244140625,"cost":3145.0,"profit":2678.9999389648438,"transactions":448,"margin":46.0},{"product":"SIN CITY CBD EIGHTH - FLEUR","units":140,"revenue":4954.175109863281,"cost":2366.9000244140625,"profit":2587.2750854492188,"transactions":110,"margin":52.20000076293945},{"product":"MAC BREATH EIGHTH - FLEUR","units":144,"revenue":4357.5,"cost":2250.0,"profit":2107.5,"transactions":118,"margin":48.400001525878906},{"product":"MISS AFRICA PRE ROLL - FLEUR","units":330,"revenue":4320.199890136719,"cost":1968.75,"profit":2351.4500427246094,"transactions":278,"margin":54.400001525878906},{"product":"MELONS X CHAUFFEUR EIGHTH - FLEUR","units":92,"revenue":3053.75,"cost":1616.9000244140625,"profit":1436.8499755859375,"transactions":66,"margin":47.099998474121094}],"Elevation Oasis":[{"product":"BUSHIDO OG EIGHTH - FLEUR","units":1882,"revenue":73289.873046875,"cost":33631.75048828125,"profit":39658.125,"transactions":1166,"margin":54.099998474121094},{"product":"GRAPE MONSTER EIGHTH - FLEUR","units":932,"revenue":38591.875,"cost":16684.400634765625,"profit":21907.4755859375,"transactions":600,"margin":56.79999923706055},{"product":"MISS AFRICA EIGHTH - FLEUR","units":616,"revenue":24238.42529296875,"cost":10541.500244140625,"profit":13696.925048828125,"transactions":426,"margin":56.5},{"product":"TIGER HEAD EIGHTH - FLEUR","units":600,"revenue":20803.125,"cost":10268.1005859375,"profit":10535.0244140625,"transactions":380,"margin":50.599998474121094},{"product":"BETTER THAN YOUR OG EIGHTH - FLEUR","units":470,"revenue":16229.375,"cost":7460.92529296875,"profit":8768.450317382812,"transactions":336,"margin":54.0},{"product":"SKY KUSH CAKE EIGHTH - FLEUR","units":228,"revenue":7973.75,"cost":3652.2000122070312,"profit":4321.549987792969,"transactions":158,"margin":54.20000076293945},{"product":"SIN CITY CBD EIGHTH - FLEUR","units":140,"revenue":5000.0,"cost":2366.9000244140625,"profit":2633.0999755859375,"transactions":80,"margin":52.70000076293945},{"product":"BUSHIDO OG PRE ROLL - FLEUR","units":338,"revenue":4501.499938964844,"cost":1993.75,"profit":2507.7499389648438,"transactions":264,"margin":55.70000076293945},{"product":"GRAPE MONSTER PRE ROLL - FLEUR","units":300,"revenue":4182.0001220703125,"cost":1785.0,"profit":2396.999969482422,"transactions":218,"margin":57.29999923706055},{"product":"KATANA OG EIGHTH - FLEUR","units":98,"revenue":3928.75,"cost":1531.25,"profit":2397.5,"transactions":60,"margin":61.0},{"product":"MELONS X CHAUFFEUR EIGHTH - FLEUR","units":94,"revenue":3736.25,"cost":1652.0500183105469,"profit":2084.199981689453,"transactions":80,"margin":55.79999923706055},{"product":"TIGER HEAD PRE ROLL - FLEUR","units":206,"revenue":2767.9998779296875,"cost":1225.0,"profit":1543.0000305175781,"transactions":172,"margin":55.70000076293945},{"product":"MISS AFRICA PRE ROLL - FLEUR","units":178,"revenue":2322.1249389648438,"cost":1017.5,"profit":1304.6249389648438,"transactions":148,"margin":56.20000076293945},{"product":"PIXIE STICKS EIGHTH - FLEUR","units":70,"revenue":2211.25,"cost":1093.75,"profit":1117.5,"transactions":50,"margin":50.5},{"product":"BETTER THAN YOUR OG PRE ROLL - FLEUR","units":170,"revenue":2135.2499389648438,"cost":1062.5,"profit":1072.750015258789,"transactions":148,"margin":50.20000076293945}],"Elevation Downtown":[{"product":"BUSHIDO OG EIGHTH - FLEUR","units":96,"revenue":2786.25,"cost":1500.0,"profit":1286.25,"transactions":68,"margin":46.20000076293945},{"product":"BETTER THAN YOUR OG EIGHTH - FLEUR","units":96,"revenue":2640.0,"cost":1500.0,"profit":1140.0,"transactions":80,"margin":43.20000076293945},{"product":"MAC BREATH PRE ROLL - FLEUR","units":154,"revenue":1403.5000610351562,"cost":962.5,"profit":440.99998474121094,"transactions":128,"margin":31.399999618530273}],"Elevation Midtown":[{"product":"BUSHIDO OG EIGHTH - FLEUR","units":1372,"revenue":52056.875,"cost":25123.076171875,"profit":26933.80126953125,"transactions":1010,"margin":51.70000076293945},{"product":"GRAPE MONSTER EIGHTH - FLEUR","units":558,"revenue":20923.125,"cost":10070.425415039062,"profit":10852.7001953125,"transactions":500,"margin":51.900001525878906},{"product":"MISS AFRICA EIGHTH - FLEUR","units":420,"revenue":16089.599609375,"cost":7565.975341796875,"profit":8523.624877929688,"transactions":346,"margin":53.0},{"product":"SKY KUSH CAKE EIGHTH - FLEUR","units":418,"revenue":14900.0,"cost":6890.050048828125,"profit":8009.949951171875,"transactions":342,"margin":53.79999923706055},{"product":"TIGER HEAD EIGHTH - FLEUR","units":372,"revenue":13287.5,"cost":6350.7000732421875,"profit":6936.7999267578125,"transactions":330,"margin":52.20000076293945},{"product":"BETTER THAN YOUR OG EIGHTH - FLEUR","units":286,"revenue":9889.5751953125,"cost":4558.450012207031,"profit":5331.1248779296875,"transactions":214,"margin":53.900001525878906},{"product":"GRAPE MONSTER PRE ROLL - FLEUR","units":450,"revenue":6326.9000244140625,"cost":2812.5,"profit":3514.4000244140625,"transactions":424,"margin":55.5},{"product":"BUSHIDO OG PRE ROLL - FLEUR","units":376,"revenue":5229.749755859375,"cost":2288.75,"profit":2941.0000610351562,"transactions":322,"margin":56.20000076293945},{"product":"TIGER HEAD PRE ROLL - FLEUR","units":296,"revenue":4108.575134277344,"cost":1788.75,"profit":2319.824981689453,"transactions":270,"margin":56.5},{"product":"BETTER THAN YOUR OG PRE ROLL - FLEUR","units":270,"revenue":3796.4999389648438,"cost":1687.5,"profit":2108.9999389648438,"transactions":256,"margin":55.599998474121094},{"product":"MELONS X CHAUFFEUR EIGHTH - FLEUR","units":94,"revenue":3736.25,"cost":1652.0500183105469,"profit":2084.199981689453,"transactions":90,"margin":55.79999923706055},{"product":"KATANA OG PRE ROLL - FLEUR","units":258,"revenue":3627.0001220703125,"cost":1551.25,"profit":2075.749969482422,"transactions":226,"margin":57.20000076293945},{"product":"KATANA OG EIGHTH - FLEUR","units":96,"revenue":3497.5,"cost":1500.0,"profit":1997.5,"transactions":84,"margin":57.099998474121094},{"product":"MISS AFRICA PRE ROLL - FLEUR","units":246,"revenue":3428.3248901367188,"cost":1476.25,"profit":1952.0750427246094,"transactions":226,"margin":56.900001525878906},{"product":"SIN CITY CBD EIGHTH - FLEUR","units":94,"revenue":3320.8499145507812,"cost":1558.4500122070312,"profit":1762.4000549316406,"transactions":62,"margin":53.099998474121094}],"Elevation Boulevard":[{"product":"BUSHIDO OG EIGHTH - FLEUR","units":1318,"revenue":46808.525390625,"cost":24741.0009765625,"profit":22067.5244140625,"transactions":1118,"margin":47.099998474121094},{"product":"GRAPE MONSTER EIGHTH - FLEUR","units":654,"revenue":22414.82421875,"cost":11582.149658203125,"profit":10832.674560546875,"transactions":552,"margin":48.29999923706055},{"product":"TIGER HEAD EIGHTH - FLEUR","units":562,"revenue":18371.875,"cost":9623.650512695312,"profit":8748.22509765625,"transactions":504,"margin":47.599998474121094},{"product":"BUSHIDO OG PRE ROLL - FLEUR","units":990,"revenue":12475.0,"cost":6096.25,"profit":6378.75,"transactions":680,"margin":51.099998474121094},{"product":"MISS AFRICA EIGHTH - FLEUR","units":328,"revenue":10840.224609375,"cost":5949.0753173828125,"profit":4891.14990234375,"transactions":292,"margin":45.099998474121094},{"product":"GRAPE MONSTER PRE ROLL - FLEUR","units":620,"revenue":8085.0,"cost":3875.0,"profit":4210.0,"transactions":520,"margin":52.099998474121094},{"product":"BETTER THAN YOUR OG EIGHTH - FLEUR","units":238,"revenue":7599.67529296875,"cost":3808.4500122070312,"profit":3791.2249755859375,"transactions":180,"margin":49.900001525878906},{"product":"KATANA OG EIGHTH - FLEUR","units":188,"revenue":6225.625,"cost":3214.4000244140625,"profit":3011.2249755859375,"transactions":172,"margin":48.400001525878906},{"product":"BETTER THAN YOUR OG PRE ROLL - FLEUR","units":480,"revenue":5812.9998779296875,"cost":3000.0,"profit":2813.0001831054688,"transactions":430,"margin":48.400001525878906},{"product":"SIN CITY CBD EIGHTH - FLEUR","units":132,"revenue":4373.125,"cost":2148.300018310547,"profit":2224.824981689453,"transactions":106,"margin":50.900001525878906},{"product":"MISS AFRICA PRE ROLL - FLEUR","units":300,"revenue":3532.5,"cost":1781.25,"profit":1751.25,"transactions":244,"margin":49.599998474121094},{"product":"TIGER HEAD PRE ROLL - FLEUR","units":248,"revenue":3180.0,"cost":1488.75,"profit":1691.25,"transactions":222,"margin":53.20000076293945},{"product":"MELONS X CHAUFFEUR EIGHTH - FLEUR","units":86,"revenue":2619.375,"cost":1511.4500427246094,"profit":1107.9249572753906,"transactions":78,"margin":42.29999923706055},{"product":"SIN CITY CBD PRE ROLL - FLEUR","units":188,"revenue":2607.9998779296875,"cost":1120.0,"profit":1488.0000305175781,"transactions":148,"margin":57.099998474121094},{"product":"KATANA OG PRE ROLL - FLEUR","units":200,"revenue":2593.5000610351562,"cost":1187.5,"profit":1406.0000610351562,"transactions":166,"margin":54.20000076293945}],"Elevation Parkway":[{"product":"BUSHIDO OG EIGHTH - FLEUR","units":860,"revenue":32147.15087890625,"cost":16238.85009765625,"profit":15908.30078125,"transactions":712,"margin":49.5},{"product":"GRAPE MONSTER EIGHTH - FLEUR","units":526,"revenue":16780.675048828125,"cost":9586.525268554688,"profit":7194.1497802734375,"transactions":298,"margin":42.900001525878906},{"product":"MISS AFRICA EIGHTH - FLEUR","units":336,"revenue":11646.55029296875,"cost":5979.775390625,"profit":5666.77490234375,"transactions":288,"margin":48.70000076293945},{"product":"GRAPE MONSTER PRE ROLL - FLEUR","units":728,"revenue":10253.00048828125,"cost":4550.0,"profit":5702.9998779296875,"transactions":566,"margin":55.599998474121094},{"product":"BUSHIDO OG PRE ROLL - FLEUR","units":710,"revenue":9615.499877929688,"cost":4307.5,"profit":5307.9998779296875,"transactions":590,"margin":55.20000076293945},{"product":"TIGER HEAD EIGHTH - FLEUR","units":192,"revenue":6549.375,"cost":3374.4000244140625,"profit":3174.9749755859375,"transactions":160,"margin":48.5},{"product":"BETTER THAN YOUR OG PRE ROLL - FLEUR","units":454,"revenue":5627.0001220703125,"cost":2837.5,"profit":2789.5001220703125,"transactions":386,"margin":49.599998474121094},{"product":"KATANA OG EIGHTH - FLEUR","units":144,"revenue":5206.624755859375,"cost":2437.2000122070312,"profit":2769.425048828125,"transactions":120,"margin":53.20000076293945},{"product":"TIGER HEAD PRE ROLL - FLEUR","units":344,"revenue":4343.75,"cost":2088.75,"profit":2255.0,"transactions":288,"margin":51.900001525878906},{"product":"KATANA OG PRE ROLL - FLEUR","units":304,"revenue":4187.5,"cost":1837.5,"profit":2350.0,"transactions":262,"margin":56.099998474121094},{"product":"BETTER THAN YOUR OG EIGHTH - FLEUR","units":116,"revenue":4018.125,"cost":2000.2999877929688,"profit":2017.8250122070312,"transactions":100,"margin":50.20000076293945},{"product":"MELONS X CHAUFFEUR EIGHTH - FLEUR","units":96,"revenue":3400.0,"cost":1687.2000122070312,"profit":1712.7999877929688,"transactions":86,"margin":50.400001525878906},{"product":"SIN CITY CBD EIGHTH - FLEUR","units":94,"revenue":3218.125,"cost":1558.4500122070312,"profit":1659.6749877929688,"transactions":46,"margin":51.599998474121094},{"product":"MISS AFRICA PRE ROLL - FLEUR","units":230,"revenue":3122.5,"cost":1313.75,"profit":1808.75,"transactions":200,"margin":57.900001525878906},{"product":"SKY KUSH CAKE EIGHTH - FLEUR","units":94,"revenue":2957.5,"cost":1468.75,"profit":1488.75,"transactions":78,"margin":50.29999923706055}]},"store_summary":[{"store_clean":"Elevation Springs","units":10786,"revenue":264400.1953125,"cost":128605.380859375,"profit":135794.82421875,"discounts":62601.0498046875,"margin":51.400001525878906,"discount_rate":19.100000381469727},{"store_clean":"Elevation Mesa","units":9370,"revenue":237041.171875,"cost":120059.326171875,"profit":116981.845703125,"discounts":65635.0732421875,"margin":49.400001525878906,"discount_rate":21.700000762939453},{"store_clean":"Elevation Oasis","units":6738,"revenue":221052.421875,"cost":100148.779296875,"profit":120903.65234375,"discounts":41152.5732421875,"margin":54.70000076293945,"discount_rate":15.699999809265137},{"store_clean":"Elevation Midtown","units":6474,"revenue":177708.9453125,"cost":83207.626953125,"profit":94501.328125,"discounts":31309.7998046875,"margin":53.20000076293945,"discount_rate":15.0},{"store_clean":"Elevation Boulevard","units":7072,"revenue":165986.25,"cost":85882.529296875,"profit":80103.7255859375,"discounts":50730.0,"margin":48.29999923706055,"discount_rate":23.399999618530273},{"store_clean":"Elevation Parkway","units":5930,"revenue":133706.25,"cost":66112.40234375,"profit":67593.8525390625,"discounts":31815.0,"margin":50.599998474121094,"discount_rate":19.200000762939453},{"store_clean":"Elevation Downtown","units":346,"revenue":6829.749755859375,"cost":3962.5,"profit":2867.2500610351562,"discounts":3357.7499389648438,"margin":42.0,"discount_rate":33.0}],"recommendations":[{"severity":"info","title":"VOLUME LEVERAGE","detail":"$482,690 revenue provides negotiating leverage.","action":"Use volume as leverage in next vendor meeting."}],"comparison":null}