{"brand":"WYLD","date_range":"2024-01-01 00:00:00 to 2026-01-31 00:00:00","period_label":"All Time","summary":{"total_units":469536,"total_revenue":9702480.0,"total_cost":4912535.625,"total_discounts":1994347.96875,"total_profit":4789944.0625,"overall_margin":49.400001525878906,"fp_margin":57.79999923706055,"disc_margin":42.599998474121094,"pct_full_price":44.5,"avg_discount_rate":17.100000381469727,"fp_revenue":4321665.0,"disc_revenue":5380814.375,"brand":"WYLD","date_range":"2024-01-01 00:00:00 to 2026-01-31 00:00:00","primary_category":"EDIBLE","store_coverage":"7/7","stores_present":["Elevation Springs","Elevation Mesa","Elevation Oasis","Elevation Downtown","Elevation Midtown","Elevation Boulevard","Elevation Parkway"],"stores_missing":[],"velocity_rank":1,"velocity_total":32},"distribution":[{"store":"Elevation Springs","carries_brand":true,"sku_count":40,"revenue":2045595.46875,"units":100568,"store_total_revenue":51138750.0,"brand_share_pct":4.0},{"store":"Elevation Mesa","carries_brand":true,"sku_count":44,"revenue":1726558.125,"units":87788,"store_total_revenue":47532240.0,"brand_share_pct":3.5999999046325684},{"store":"Elevation Oasis","carries_brand":true,"sku_count":40,"revenue":2278856.5625,"units":107032,"store_total_revenue":56050145.0,"brand_share_pct":4.099999904632568},{"store":"Elevation Downtown","carries_brand":true,"sku_count":28,"revenue":80785.37109375,"units":4170,"store_total_revenue":1945237.1875,"brand_share_pct":4.199999809265137},{"store":"Elevation Midtown","carries_brand":true,"sku_count":40,"revenue":1980453.125,"units":91788,"store_total_revenue":30850185.0,"brand_share_pct":6.400000095367432},{"store":"Elevation Boulevard","carries_brand":true,"sku_count":38,"revenue":828034.21875,"units":42550,"store_total_revenue":28757865.0,"brand_share_pct":2.9000000953674316},{"store":"Elevation Parkway","carries_brand":true,"sku_count":40,"revenue":762196.71875,"units":35640,"store_total_revenue":21987007.5,"brand_share_pct":3.5}],"share_of_category":[{"category":"EDIBLE","brand_revenue":9435971.25,"category_revenue":29378492.5,"revenue_share_pct":32.099998474121094,"brand_units":458658,"category_units":1706530,"units_share_pct":26.9},{"category":"CBD","brand_revenue":266508.671875,"category_revenue":389585.8984375,"revenue_share_pct":68.4000015258789,"brand_units":10878,"category_units":15010,"units_share_pct":72.5}],"share_of_category_trend":{"EDIBLE":[{"period":"2024-01","brand_revenue":439548.3203125,"category_revenue":1115754.921875,"share_pct":39.400001525878906},{"period":"2024-02","brand_revenue":454587.109375,"category_revenue":1235210.0,"share_pct":36.79999923706055},{"period":"2024-03","brand_revenue":429512.65625,"category_revenue":1273343.671875,"share_pct":33.70000076293945},{"period":"2024-04","brand_revenue":418755.15625,"category_revenue":1298159.0625,"share_pct":32.29999923706055},{"period":"2024-05","brand_revenue":408668.5546875,"category_revenue":1215880.78125,"share_pct":33.599998474121094},{"period":"2024-06","brand_revenue":415422.4609375,"category_revenue":1181362.421875,"share_pct":35.20000076293945},{"period":"2024-07","brand_revenue":364952.421875,"category_revenue":1128302.8125,"share_pct":32.29999923706055},{"period":"2024-08","brand_revenue":399318.7109375,"category_revenue":1167724.921875,"share_pct":34.20000076293945},{"period":"2024-09","brand_revenue":361371.953125,"category_revenue":1114619.53125,"share_pct":32.400001525878906},{"period":"2024-10","brand_revenue":368266.3671875,"category_revenue":1205149.0625,"share_pct":30.600000381469727},{"period":"2024-11","brand_revenue":404023.359375,"category_revenue":1236132.421875,"share_pct":32.70000076293945},{"period":"2024-12","brand_revenue":386359.765625,"category_revenue":1207318.046875,"share_pct":32.0},{"period":"2025-01","brand_revenue":363194.4140625,"category_revenue":1176202.578125,"share_pct":30.899999618530273},{"period":"2025-02","brand_revenue":317670.05859375,"category_revenue":1097683.359375,"share_pct":28.899999618530273},{"period":"2025-03","brand_revenue":363507.65625,"category_revenue":1228067.265625,"share_pct":29.600000381469727},{"period":"2025-04","brand_revenue":376697.6953125,"category_revenue":1290106.171875,"share_pct":29.200000762939453},{"period":"2025-05","brand_revenue":339681.0546875,"category_revenue":1191670.3125,"share_pct":28.5},{"period":"2025-06","brand_revenue":348501.015625,"category_revenue":1110702.109375,"share_pct":31.399999618530273},{"period":"2025-07","brand_revenue":303583.28125,"category_revenue":1096938.125,"share_pct":27.700000762939453},{"period":"2025-08","brand_revenue":357914.921875,"category_revenue":1145920.859375,"share_pct":31.200000762939453},{"period":"2025-09","brand_revenue":321407.7734375,"category_revenue":1070074.53125,"share_pct":30.0},{"period":"2025-10","brand_revenue":353101.3671875,"category_revenue":1168865.78125,"share_pct":30.200000762939453},{"period":"2025-11","brand_revenue":372804.296875,"category_revenue":1192334.453125,"share_pct":31.299999237060547},{"period":"2025-12","brand_revenue":368901.640625,"category_revenue":1138094.375,"share_pct":32.400001525878906},{"period":"2026-01","brand_revenue":398218.828125,"category_revenue":1092874.21875,"share_pct":36.400001525878906}],"CBD":[{"period":"2024-01","brand_revenue":10365.999755859375,"category_revenue":19620.775146484375,"share_pct":52.79999923706055},{"period":"2024-02","brand_revenue":16615.899658203125,"category_revenue":20743.40087890625,"share_pct":80.0999984741211},{"period":"2024-03","brand_revenue":13668.02490234375,"category_revenue":24168.27392578125,"share_pct":56.599998474121094},{"period":"2024-04","brand_revenue":13448.399658203125,"category_revenue":28758.525390625,"share_pct":46.79999923706055},{"period":"2024-05","brand_revenue":12115.12451171875,"category_revenue":25626.875,"share_pct":47.29999923706055},{"period":"2024-06","brand_revenue":11827.574462890625,"category_revenue":22527.39990234375,"share_pct":52.5},{"period":"2024-07","brand_revenue":14906.875,"category_revenue":18794.625244140625,"share_pct":79.30000305175781},{"period":"2024-08","brand_revenue":16418.675537109375,"category_revenue":16418.675537109375,"share_pct":100.0},{"period":"2024-09","brand_revenue":14859.9755859375,"category_revenue":14859.9755859375,"share_pct":100.0},{"period":"2024-10","brand_revenue":15387.37548828125,"category_revenue":18964.625244140625,"share_pct":81.0999984741211},{"period":"2024-11","brand_revenue":7950.574951171875,"category_revenue":20255.250244140625,"share_pct":39.29999923706055},{"period":"2024-12","brand_revenue":6427.60009765625,"category_revenue":15511.099853515625,"share_pct":41.400001525878906},{"period":"2025-01","brand_revenue":9766.375122070312,"category_revenue":15601.500244140625,"share_pct":62.599998474121094},{"period":"2025-02","brand_revenue":7796.624755859375,"category_revenue":13476.57470703125,"share_pct":57.900001525878906},{"period":"2025-03","brand_revenue":11582.125244140625,"category_revenue":14939.949951171875,"share_pct":77.5},{"period":"2025-04","brand_revenue":8877.249755859375,"category_revenue":10690.4248046875,"share_pct":83.0},{"period":"2025-05","brand_revenue":10716.875,"category_revenue":13433.375244140625,"share_pct":79.80000305175781},{"period":"2025-06","brand_revenue":4781.1248779296875,"category_revenue":9377.874755859375,"share_pct":51.0},{"period":"2025-07","brand_revenue":6774.2498779296875,"category_revenue":9109.500122070312,"share_pct":74.4000015258789},{"period":"2025-08","brand_revenue":9209.874877929688,"category_revenue":10390.374755859375,"share_pct":88.5999984741211},{"period":"2025-09","brand_revenue":9063.3251953125,"category_revenue":10083.074951171875,"share_pct":89.9000015258789},{"period":"2025-10","brand_revenue":5451.3751220703125,"category_revenue":6646.3751220703125,"share_pct":82.0},{"period":"2025-11","brand_revenue":7054.000244140625,"category_revenue":7504.000244140625,"share_pct":94.0},{"period":"2025-12","brand_revenue":10988.499755859375,"category_revenue":11148.499755859375,"share_pct":98.5999984741211},{"period":"2026-01","brand_revenue":10454.87548828125,"category_revenue":10934.87548828125,"share_pct":95.5999984741211}]},"velocity_by_category":[{"category":"EDIBLE","brand_units_per_day":601.92,"category_avg_units_per_day":69.98,"velocity_index":860.1,"brand_rev_per_unit":16.46,"category_rev_per_unit":13.77,"brands_in_category":32},{"category":"CBD","brand_units_per_day":14.28,"category_avg_units_per_day":6.56,"velocity_index":217.4,"brand_rev_per_unit":19.6,"category_rev_per_unit":20.76,"brands_in_category":3}],"store_gaps":[],"product_mix":{"top":[{"product":"2:1 THC/CBN ELDERBERRY GUMMIES - WYLD","units":77722,"revenue":1753026.40625,"cost":886269.375,"profit":866756.953125,"stores":7,"transactions":41152,"margin":49.400001525878906},{"product":"1:1:1 THC/CBD/CBN BOYSENBERRY GUMMIES - WYLD","units":46582,"revenue":1049562.578125,"cost":510963.0078125,"profit":538599.609375,"stores":7,"transactions":25628,"margin":51.29999923706055},{"product":"RASPBERRY SATIVA GUMMIES - WYLD","units":45612,"revenue":861568.828125,"cost":441024.609375,"profit":420544.21875,"stores":7,"transactions":28332,"margin":48.79999923706055},{"product":"HUCKLEBERRY HYBRID GUMMIES - WYLD","units":41926,"revenue":799762.8125,"cost":407516.25,"profit":392246.5625,"stores":7,"transactions":26956,"margin":49.0},{"product":"SOUR APPLE SATIVA GUMMIES - WYLD","units":41854,"revenue":785131.171875,"cost":404507.734375,"profit":380623.4375,"stores":7,"transactions":28050,"margin":48.5},{"product":"MARIONBERRY INDICA GUMMIES - WYLD","units":40826,"revenue":759323.203125,"cost":396865.0,"profit":362458.1640625,"stores":7,"transactions":23486,"margin":47.70000076293945},{"product":"1:1 THC/CBD POMEGRANATE GUMMIES - WYLD","units":28844,"revenue":642638.4765625,"cost":327323.30078125,"profit":315315.17578125,"stores":7,"transactions":17456,"margin":49.099998474121094},{"product":"1:1 THC/CBC BLOOD ORANGE GUMMIES - WYLD","units":26526,"revenue":601299.6875,"cost":302391.7578125,"profit":298907.9296875,"stores":7,"transactions":18120,"margin":49.70000076293945},{"product":"1:1 THC/CBG PEAR GUMMIES - WYLD","units":24198,"revenue":548073.828125,"cost":273784.4921875,"profit":274289.35546875,"stores":7,"transactions":16366,"margin":50.0},{"product":"SOUR CHERRY INDICA GUMMIES - WYLD","units":27020,"revenue":501889.84375,"cost":262016.25,"profit":239873.57421875,"stores":7,"transactions":17296,"margin":47.79999923706055},{"product":"SOUR TANGERINE HYBRID GUMMIES - WYLD","units":18124,"revenue":345015.9375,"cost":175019.375,"profit":169996.58203125,"stores":7,"transactions":13184,"margin":49.29999923706055},{"product":"20:1 CBD/THC STRAWBERRY GUMMIES - WYLD","units":16848,"revenue":326068.359375,"cost":162992.998046875,"profit":163075.3515625,"stores":7,"transactions":11414,"margin":50.0},{"product":"2:1 CBD/THC PEACH GUMMIES - WYLD","units":13578,"revenue":260063.65234375,"cost":131348.623046875,"profit":128715.029296875,"stores":7,"transactions":9866,"margin":49.5},{"product":"1:1:1 THC/CBG/CBC GRAPEFRUIT GUMMIES - WYLD","units":8798,"revenue":195750.078125,"cost":94593.876953125,"profit":101156.201171875,"stores":7,"transactions":6102,"margin":51.70000076293945},{"product":"BLACKBERRY CBD GUMMIES 500MG - WYLD","units":3822,"revenue":104841.15234375,"cost":50940.751953125,"profit":53900.400390625,"stores":6,"transactions":3012,"margin":51.400001525878906},{"product":"5:1 CBD/CBN ELDERBERRY GUMMIES 500MG - WYLD","units":2622,"revenue":91103.154296875,"cost":45645.0,"profit":45458.1494140625,"stores":6,"transactions":1976,"margin":49.900001525878906},{"product":"5:1 CBD/CBN ELDERBERRY GUMMIES - WYLD","units":1660,"revenue":57180.2490234375,"cost":28556.25,"profit":28623.9990234375,"stores":5,"transactions":1338,"margin":50.099998474121094},{"product":"CBD BLOOD ORANGE SPARKLING WATER - WYLD","units":1488,"revenue":8932.575073242188,"cost":4894.725036621094,"profit":4037.8500366210938,"stores":6,"transactions":774,"margin":45.20000076293945},{"product":"2:1 CBD/CBG GRAPEFRUIT SPARKLING WATER - WYLD","units":1330,"revenue":8162.0501708984375,"cost":4453.22509765625,"profit":3708.8250732421875,"stores":6,"transactions":660,"margin":45.400001525878906},{"product":"RASPBERRY CBD GUMMIES - WYLD","units":96,"revenue":2668.75,"cost":1194.5000457763672,"profit":1474.2500305175781,"stores":1,"transactions":76,"margin":55.20000076293945}],"bottom":[{"product":"BLACKBERRY CBD GUMMIES 500MG - WYLD","units":3822,"revenue":104841.15234375,"cost":50940.751953125,"profit":53900.400390625,"stores":6,"transactions":3012,"margin":51.400001525878906},{"product":"5:1 CBD/CBN ELDERBERRY GUMMIES 500MG - WYLD","units":2622,"revenue":91103.154296875,"cost":45645.0,"profit":45458.1494140625,"stores":6,"transactions":1976,"margin":49.900001525878906},{"product":"5:1 CBD/CBN ELDERBERRY GUMMIES - WYLD","units":1660,"revenue":57180.2490234375,"cost":28556.25,"profit":28623.9990234375,"stores":5,"transactions":1338,"margin":50.099998474121094},{"product":"CBD BLOOD ORANGE SPARKLING WATER - WYLD","units":1488,"revenue":8932.575073242188,"cost":4894.725036621094,"profit":4037.8500366210938,"stores":6,"transactions":774,"margin":45.20000076293945},{"product":"2:1 CBD/CBG GRAPEFRUIT SPARKLING WATER - WYLD","units":1330,"revenue":8162.0501708984375,"cost":4453.22509765625,"profit":3708.8250732421875,"stores":6,"transactions":660,"margin":45.400001525878906},{"product":"RASPBERRY CBD GUMMIES - WYLD","units":96,"revenue":2668.75,"cost":1194.5000457763672,"profit":1474.2500305175781,"stores":1,"transactions":76,"margin":55.20000076293945},{"product":"CBD BLACKBERRY SPARKLING WATER - WYLD","units":28,"revenue":142.5,"cost":73.45000267028809,"profit":69.04999732971191,"stores":3,"transactions":22,"margin":48.5},{"product":"CBD RASPBERRY SPARKLING WATER - WYLD","units":24,"revenue":137.99999237060547,"cost":60.0,"profit":78.00000190734863,"stores":2,"transactions":22,"margin":56.5},{"product":"RASPBERRY CBD GUMMIES 500MG - WYLD","units":4,"revenue":118.75,"cost":87.5,"profit":31.25,"stores":1,"transactions":4,"margin":26.299999237060547},{"product":"CBD LEMON SPARKLING WATER - WYLD","units":4,"revenue":17.5,"cost":13.450000286102295,"profit":4.050000011920929,"stores":1,"transactions":2,"margin":23.100000381469727}],"expansion":[{"product":"BLACKBERRY CBD GUMMIES 500MG - WYLD","current_stores":6,"total_stores":7,"missing_stores":["Elevation Downtown"],"revenue":104841.15234375},{"product":"5:1 CBD/CBN ELDERBERRY GUMMIES 500MG - WYLD","current_stores":6,"total_stores":7,"missing_stores":["Elevation Downtown"],"revenue":91103.154296875},{"product":"5:1 CBD/CBN ELDERBERRY GUMMIES - WYLD","current_stores":5,"total_stores":7,"missing_stores":["Elevation Downtown","Elevation Boulevard"],"revenue":57180.2490234375},{"product":"CBD BLOOD ORANGE SPARKLING WATER - WYLD","current_stores":6,"total_stores":7,"missing_stores":["Elevation Downtown"],"revenue":8932.575073242188},{"product":"2:1 CBD/CBG GRAPEFRUIT SPARKLING WATER - WYLD","current_stores":6,"total_stores":7,"missing_stores":["Elevation Downtown"],"revenue":8162.0501708984375},{"product":"CBD BLACKBERRY SPARKLING WATER - WYLD","current_stores":3,"total_stores":7,"missing_stores":["Elevation Oasis","Elevation Downtown","Elevation Midtown","Elevation Boulevard"],"revenue":142.5},{"product":"CBD RASPBERRY SPARKLING WATER - WYLD","current_stores":2,"total_stores":7,"missing_stores":["Elevation Springs","Elevation Oasis","Elevation Downtown","Elevation Midtown","Elevation Parkway"],"revenue":137.99999237060547}]},"pricing_consistency":[{"product":"CBD BLACKBERRY SPARKLING WATER - WYLD","min_price":8.055555555555555,"max_price":15.0,"avg_price":11.851851851851851,"std_dev":1.4069199935720431,"store_count":6,"price_range":6.944444444444445,"range_pct":58.6},{"product":"CBD BLOOD ORANGE SPARKLING WATER - WYLD","min_price":9.970238095238095,"max_price":12.479452890892551,"avg_price":11.76243336643951,"std_dev":0.4096046387345738,"store_count":12,"price_range":2.5092147956544553,"range_pct":21.3},{"product":"2:1 CBD/CBG GRAPEFRUIT SPARKLING WATER - WYLD","min_price":11.129518072289157,"max_price":13.499999046325684,"avg_price":12.504224753182925,"std_dev":0.34960845619785547,"store_count":12,"price_range":2.3704809740365262,"range_pct":19.0},{"product":"1:1:1 THC/CBG/CBC GRAPEFRUIT GUMMIES - WYLD","min_price":40.74545954561781,"max_price":49.06110975477431,"avg_price":44.714718862811594,"std_dev":1.2892647998598477,"store_count":14,"price_range":8.315650209156491,"range_pct":18.6},{"product":"5:1 CBD/CBN ELDERBERRY GUMMIES 500MG - WYLD","min_price":62.71969573666351,"max_price":75.12153957201087,"avg_price":67.9909371292714,"std_dev":1.981211097253559,"store_count":12,"price_range":12.401843835347357,"range_pct":18.2},{"product":"2:1 CBD/THC PEACH GUMMIES - WYLD","min_price":35.38339705121254,"max_price":41.493901578802166,"avg_price":38.45114302616507,"std_dev":0.9430844134661853,"store_count":14,"price_range":6.110504527589629,"range_pct":15.9},{"product":"MARIONBERRY INDICA GUMMIES - WYLD","min_price":33.39479319254557,"max_price":39.11595917783243,"avg_price":36.72526877453623,"std_dev":0.9265178803546457,"store_count":14,"price_range":5.721165985286856,"range_pct":15.6},{"product":"HUCKLEBERRY HYBRID GUMMIES - WYLD","min_price":34.13007560251384,"max_price":39.83073757081899,"avg_price":37.47342541449997,"std_dev":0.8652219773758374,"store_count":14,"price_range":5.700661968305152,"range_pct":15.2},{"product":"SOUR TANGERINE HYBRID GUMMIES - WYLD","min_price":35.2039460762919,"max_price":40.628709423449614,"avg_price":38.12338435915929,"std_dev":0.7649166964595451,"store_count":14,"price_range":5.424763347157713,"range_pct":14.2},{"product":"RASPBERRY SATIVA GUMMIES - WYLD","min_price":34.99667855196221,"max_price":40.166236164074874,"avg_price":37.41998190584458,"std_dev":0.680819116855123,"store_count":14,"price_range":5.169557612112667,"range_pct":13.8},{"product":"5:1 CBD/CBN ELDERBERRY GUMMIES - WYLD","min_price":61.914927164713546,"max_price":71.30349771424673,"avg_price":68.57342367025332,"std_dev":1.542874548498646,"store_count":10,"price_range":9.38857054953318,"range_pct":13.7},{"product":"1:1 THC/CBD POMEGRANATE GUMMIES - WYLD","min_price":42.35645961835004,"max_price":48.24324324324324,"avg_price":45.27539363138325,"std_dev":1.0480102653853942,"store_count":14,"price_range":5.88678362489321,"range_pct":13.0},{"product":"1:1 THC/CBG PEAR GUMMIES - WYLD","min_price":42.9679911605846,"max_price":48.871995836808864,"avg_price":45.650636358338865,"std_dev":0.8937241749251817,"store_count":14,"price_range":5.904004676224259,"range_pct":12.9},{"product":"2:1 THC/CBN ELDERBERRY GUMMIES - WYLD","min_price":42.36148554385859,"max_price":47.658307396311706,"avg_price":44.845128835264624,"std_dev":0.8958038446847675,"store_count":14,"price_range":5.296821852453117,"range_pct":11.8},{"product":"SOUR APPLE SATIVA GUMMIES - WYLD","min_price":35.49485701589293,"max_price":39.83851283184365,"avg_price":37.43486933999677,"std_dev":0.7408007067341209,"store_count":14,"price_range":4.343655815950718,"range_pct":11.6},{"product":"CBD RASPBERRY SPARKLING WATER - WYLD","min_price":11.166666878594294,"max_price":12.5,"avg_price":11.833333439297146,"std_dev":0.3771235566906405,"store_count":4,"price_range":1.3333331214057065,"range_pct":11.3},{"product":"SOUR CHERRY INDICA GUMMIES - WYLD","min_price":35.290571662884766,"max_price":39.375,"avg_price":37.47858917936212,"std_dev":0.6571461737892503,"store_count":14,"price_range":4.0844283371152335,"range_pct":10.9},{"product":"1:1:1 THC/CBD/CBN BOYSENBERRY GUMMIES - WYLD","min_price":41.85363149719401,"max_price":46.5081148666318,"avg_price":44.59893839049598,"std_dev":0.7052684714291713,"store_count":14,"price_range":4.65448336943779,"range_pct":10.4},{"product":"20:1 CBD/THC STRAWBERRY GUMMIES - WYLD","min_price":36.26228929283243,"max_price":40.13456411210317,"avg_price":38.740423628142715,"std_dev":0.5284608008282786,"store_count":14,"price_range":3.87227481927074,"range_pct":10.0},{"product":"BLACKBERRY CBD GUMMIES 500MG - WYLD","min_price":52.471221214117,"max_price":57.00520833333333,"avg_price":54.74758409334103,"std_dev":0.754146904965245,"store_count":12,"price_range":4.533987119216327,"range_pct":8.3},{"product":"1:1 THC/CBC BLOOD ORANGE GUMMIES - WYLD","min_price":43.775719705206264,"max_price":47.52083460489909,"avg_price":45.663228166872855,"std_dev":0.6310290922218027,"store_count":14,"price_range":3.7451148996928296,"range_pct":8.2}],"promotional_effectiveness":{"lift":{"fp_units_per_day":232.42,"disc_units_per_day":387.64,"lift_pct":66.8,"fp_avg_revenue_per_unit":49.525,"disc_avg_revenue_per_unit":36.475},"by_deal":[{"deal_name":"Industry - 30% Off","uses":8507,"revenue":578561.7012059689,"discounts":249405.80069363117,"units":33636.0,"cost":359343.5125374794,"margin":37.9,"discount_depth":60.2},{"deal_name":"Senior - 10% Off","uses":6030,"revenue":739298.8982242346,"discounts":84321.10014438629,"units":32485.0,"cost":342134.27461385727,"margin":53.7,"discount_depth":20.4},{"deal_name":"WYLD 2 for $30","uses":5810,"revenue":648680.6000137329,"discounts":197244.39999222755,"units":34586.0,"cost":355779.7610425949,"margin":45.2,"discount_depth":46.6},{"deal_name":"Industry 30% Off","uses":4065,"revenue":350756.4123557011,"discounts":152138.58774761358,"units":20042.0,"cost":196939.57393169403,"margin":43.9,"discount_depth":60.6},{"deal_name":"WYLD Buy 2 Get 1","uses":2176,"revenue":336247.5285410881,"discounts":174737.46082782745,"units":20552.0,"cost":223415.35002946854,"margin":33.6,"discount_depth":68.4},{"deal_name":"Senior / Veterans - 20% Off","uses":2042,"revenue":228235.02519756556,"discounts":58607.47507631779,"units":11432.0,"cost":119720.33735513687,"margin":47.5,"discount_depth":40.8},{"deal_name":"WYLD 2 for $35 - ratio","uses":2018,"revenue":264330.68333943683,"discounts":67020.98333279292,"units":12101.333333333334,"cost":124660.0749361515,"margin":52.8,"discount_depth":40.4},{"deal_name":"420 2025 - 60% Off","uses":1868,"revenue":131583.44956874847,"discounts":198079.05067920685,"units":13376.0,"cost":136928.26226472855,"margin":-4.1,"discount_depth":120.2},{"deal_name":"Veterans - 10% Off","uses":1547,"revenue":138586.3005065918,"discounts":15741.199972331524,"units":6246.0,"cost":64560.699833631516,"margin":53.4,"discount_depth":20.4},{"deal_name":"WYLD 4 for $55","uses":1199,"revenue":199885.3124833107,"discounts":94232.1875,"units":11627.0,"cost":123883.37499856949,"margin":38.0,"discount_depth":64.0},{"deal_name":"WYLD Buy 1 Get 1 50%","uses":1103,"revenue":105141.25,"discounts":47331.25,"units":6306.0,"cost":66963.65000724792,"margin":36.3,"discount_depth":62.0},{"deal_name":"GW - 50% Off Edibles","uses":1097,"revenue":81389.24999952316,"discounts":81460.75000047684,"units":6592.0,"cost":69641.25,"margin":14.4,"discount_depth":100.0},{"deal_name":"40% Off - G2B","uses":771,"revenue":73760.7250426213,"discounts":49532.608322302505,"units":4917.0,"cost":46736.52049779892,"margin":36.6,"discount_depth":80.4},{"deal_name":"Jackpot - Locals 30% Off","uses":757,"revenue":62373.75010848045,"discounts":26743.749970197678,"units":3537.0,"cost":36897.87492632866,"margin":40.8,"discount_depth":60.0},{"deal_name":"4/20 50% Off!!!!","uses":663,"revenue":55765.0,"discounts":55820.0,"units":4554.0,"cost":48971.750009059906,"margin":12.2,"discount_depth":100.0},{"deal_name":"WYLD / Good Tide Buy 2 Get 1","uses":473,"revenue":72293.41053962708,"discounts":38039.087138175964,"units":4483.0,"cost":48389.1250038147,"margin":33.1,"discount_depth":69.0},{"deal_name":"WYLD 2 for $30!!","uses":408,"revenue":46745.64999580383,"discounts":15741.850004196167,"units":2489.0,"cost":27339.625000953674,"margin":41.5,"discount_depth":50.4},{"deal_name":"WYLD 2 for 30 non ratio","uses":396,"revenue":41597.7999997139,"discounts":8852.200000286102,"units":2226.0,"cost":19551.374623775482,"margin":53.0,"discount_depth":35.0},{"deal_name":"LVAC - 25% Off","uses":355,"revenue":22128.749998807907,"discounts":7401.249999403954,"units":1204.0,"cost":12003.824945688248,"margin":45.8,"discount_depth":50.2},{"deal_name":"WYLD 30% Off !","uses":250,"revenue":23114.000067710876,"discounts":9955.999997854233,"units":1346.0,"cost":14499.025003910065,"margin":37.3,"discount_depth":60.2}]},"growth_opportunities":[{"type":"sku_expansion","title":"Add '2:1 CBD/CBG GRAPEFRUIT SPARKLING WATER - WYLD' to 1 more store(s)","detail":"Carried in 6 stores. Missing from: Elevation Downtown","priority":"medium"},{"type":"sku_expansion","title":"Add '5:1 CBD/CBN ELDERBERRY GUMMIES - WYLD' to 2 more store(s)","detail":"Carried in 5 stores. Missing from: Elevation Downtown, Elevation Boulevard","priority":"medium"},{"type":"sku_expansion","title":"Add '5:1 CBD/CBN ELDERBERRY GUMMIES 500MG - WYLD' to 1 more store(s)","detail":"Carried in 6 stores. Missing from: Elevation Downtown","priority":"medium"},{"type":"sku_expansion","title":"Add 'BLACKBERRY CBD GUMMIES 500MG - WYLD' to 1 more store(s)","detail":"Carried in 6 stores. Missing from: Elevation Downtown","priority":"medium"},{"type":"sku_expansion","title":"Add 'CBD BLACKBERRY SPARKLING WATER - WYLD' to 4 more store(s)","detail":"Carried in 3 stores. Missing from: Elevation Oasis, Elevation Downtown, Elevation Midtown, Elevation Boulevard","priority":"medium"}],"trend":[{"period":"2024-01","revenue":449914.3359375,"cost":232399.53125,"margin":48.3,"units":21518,"transactions":9646,"profit":217514.8046875,"revenue_change_pct":null,"units_change_pct":null,"margin_change_pts":null},{"period":"2024-02","revenue":471203.0078125,"cost":245717.32421875,"margin":47.9,"units":22780,"transactions":9394,"profit":225485.68359375,"revenue_change_pct":4.7,"units_change_pct":5.9,"margin_change_pts":-0.5},{"period":"2024-03","revenue":443180.6640625,"cost":228485.29296875,"margin":48.4,"units":21014,"transactions":8912,"profit":214695.37109375,"revenue_change_pct":-5.9,"units_change_pct":-7.8,"margin_change_pts":0.6},{"period":"2024-04","revenue":432203.5546875,"cost":238609.82421875,"margin":44.8,"units":22166,"transactions":9188,"profit":193593.73046875,"revenue_change_pct":-2.5,"units_change_pct":5.5,"margin_change_pts":-3.7},{"period":"2024-05","revenue":420783.671875,"cost":216703.3984375,"margin":48.5,"units":20058,"transactions":8786,"profit":204080.2734375,"revenue_change_pct":-2.6,"units_change_pct":-9.5,"margin_change_pts":3.7},{"period":"2024-06","revenue":427250.0390625,"cost":218772.32421875,"margin":48.8,"units":20214,"transactions":8666,"profit":208477.734375,"revenue_change_pct":1.5,"units_change_pct":0.8,"margin_change_pts":0.3},{"period":"2024-07","revenue":379859.296875,"cost":191126.58203125,"margin":49.7,"units":17588,"transactions":7894,"profit":188732.734375,"revenue_change_pct":-11.1,"units_change_pct":-13.0,"margin_change_pts":0.9},{"period":"2024-08","revenue":415737.3828125,"cost":210154.4921875,"margin":49.5,"units":19406,"transactions":8484,"profit":205582.91015625,"revenue_change_pct":9.4,"units_change_pct":10.3,"margin_change_pts":-0.2},{"period":"2024-09","revenue":376231.9140625,"cost":199212.109375,"margin":47.1,"units":18418,"transactions":7750,"profit":177019.82421875,"revenue_change_pct":-9.5,"units_change_pct":-5.1,"margin_change_pts":-2.4},{"period":"2024-10","revenue":383653.75,"cost":200392.20703125,"margin":47.8,"units":18410,"transactions":8204,"profit":183261.54296875,"revenue_change_pct":2.0,"units_change_pct":-0.0,"margin_change_pts":0.7},{"period":"2024-11","revenue":411973.90625,"cost":235845.78125,"margin":42.8,"units":22096,"transactions":9026,"profit":176128.14453125,"revenue_change_pct":7.4,"units_change_pct":20.0,"margin_change_pts":-5.0},{"period":"2024-12","revenue":392787.3828125,"cost":197436.26953125,"margin":49.7,"units":18526,"transactions":8016,"profit":195351.09375,"revenue_change_pct":-4.7,"units_change_pct":-16.2,"margin_change_pts":7.0},{"period":"2025-01","revenue":372960.78125,"cost":187343.75,"margin":49.8,"units":17494,"transactions":7672,"profit":185617.05078125,"revenue_change_pct":-5.0,"units_change_pct":-5.6,"margin_change_pts":0.0},{"period":"2025-02","revenue":325466.6796875,"cost":165321.50390625,"margin":49.2,"units":15500,"transactions":6700,"profit":160145.17578125,"revenue_change_pct":-12.7,"units_change_pct":-11.4,"margin_change_pts":-0.6},{"period":"2025-03","revenue":375089.765625,"cost":192186.6796875,"margin":48.8,"units":17990,"transactions":7604,"profit":182903.10546875,"revenue_change_pct":15.2,"units_change_pct":16.1,"margin_change_pts":-0.4},{"period":"2025-04","revenue":385574.9609375,"cost":257284.1796875,"margin":33.3,"units":24780,"transactions":9162,"profit":128290.771484375,"revenue_change_pct":2.8,"units_change_pct":37.7,"margin_change_pts":-15.5},{"period":"2025-05","revenue":350397.9296875,"cost":175220.99609375,"margin":50.0,"units":16456,"transactions":7324,"profit":175176.93359375,"revenue_change_pct":-9.1,"units_change_pct":-33.6,"margin_change_pts":16.7},{"period":"2025-06","revenue":353282.109375,"cost":177656.50390625,"margin":49.7,"units":16790,"transactions":6778,"profit":175625.625,"revenue_change_pct":0.8,"units_change_pct":2.0,"margin_change_pts":-0.3},{"period":"2025-07","revenue":310357.51953125,"cost":144438.544921875,"margin":53.5,"units":14420,"transactions":6592,"profit":165918.984375,"revenue_change_pct":-12.2,"units_change_pct":-14.1,"margin_change_pts":3.7},{"period":"2025-08","revenue":367124.8046875,"cost":163427.5,"margin":55.5,"units":16814,"transactions":7440,"profit":203697.3046875,"revenue_change_pct":18.3,"units_change_pct":16.6,"margin_change_pts":2.0},{"period":"2025-09","revenue":330471.09375,"cost":147166.494140625,"margin":55.5,"units":15348,"transactions":6696,"profit":183304.609375,"revenue_change_pct":-10.0,"units_change_pct":-8.7,"margin_change_pts":-0.0},{"period":"2025-10","revenue":358552.734375,"cost":157932.001953125,"margin":56.0,"units":16560,"transactions":7388,"profit":200620.72265625,"revenue_change_pct":8.5,"units_change_pct":7.9,"margin_change_pts":0.5},{"period":"2025-11","revenue":379858.28125,"cost":182931.9921875,"margin":51.8,"units":19010,"transactions":7726,"profit":196926.30859375,"revenue_change_pct":5.9,"units_change_pct":14.8,"margin_change_pts":-4.1},{"period":"2025-12","revenue":379890.1171875,"cost":165629.2578125,"margin":56.4,"units":17236,"transactions":7636,"profit":214260.87890625,"revenue_change_pct":0.0,"units_change_pct":-9.3,"margin_change_pts":4.6},{"period":"2026-01","revenue":408673.7109375,"cost":181140.99609375,"margin":55.7,"units":18944,"transactions":8008,"profit":227532.6953125,"revenue_change_pct":7.6,"units_change_pct":9.9,"margin_change_pts":-0.7}]}