{"brand":"WYLD","date_range":"2024-01-01 00:00:00 to 2026-01-31 00:00:00","period_label":"All Time","summary":{"total_units":469536,"total_revenue":9702480.0,"total_cost":4912535.625,"total_discounts":1994347.96875,"total_profit":4789944.0625,"overall_margin":49.400001525878906,"fp_margin":57.79999923706055,"disc_margin":42.599998474121094,"pct_full_price":44.5,"avg_discount_rate":17.100000381469727,"fp_revenue":4321665.0,"disc_revenue":5380814.375,"unique_customers":93358,"brand":"WYLD","date_range":"2024-01-01 00:00:00 to 2026-01-31 00:00:00","months_count":50,"avg_monthly_cost":196501.42500000002,"cost_per_unit":20.924999999999997,"primary_category":"EDIBLE","primary_cat_margin":50.0,"category_rank":1,"category_total":32,"margin_vs_category":-0.6000000238418579,"velocity_rank":1},"category_breakdown":[{"category_clean":"EDIBLE","units":458658,"revenue":9435970.625,"cost":4779924.375,"profit":4656046.25,"discounts":1953769.21875,"margin":49.29999923706055,"category_avg_margin":50.0,"vs_category":-0.7,"rank":1.0,"total_brands":32.0},{"category_clean":"CBD","units":10878,"revenue":266508.671875,"cost":132611.103515625,"profit":133897.578125,"discounts":40578.82568359375,"margin":50.20000076293945,"category_avg_margin":47.599998474121094,"vs_category":2.6,"rank":1.0,"total_brands":3.0}],"trend":[{"period":"2024-01","revenue":449914.3359375,"cost":232399.53125,"margin":48.3,"units":21518,"transactions":9646,"profit":217514.8046875,"revenue_change_pct":null,"units_change_pct":null,"margin_change_pts":null},{"period":"2024-02","revenue":471203.0078125,"cost":245717.32421875,"margin":47.9,"units":22780,"transactions":9394,"profit":225485.68359375,"revenue_change_pct":4.7,"units_change_pct":5.9,"margin_change_pts":-0.5},{"period":"2024-03","revenue":443180.6640625,"cost":228485.29296875,"margin":48.4,"units":21014,"transactions":8912,"profit":214695.37109375,"revenue_change_pct":-5.9,"units_change_pct":-7.8,"margin_change_pts":0.6},{"period":"2024-04","revenue":432203.5546875,"cost":238609.82421875,"margin":44.8,"units":22166,"transactions":9188,"profit":193593.73046875,"revenue_change_pct":-2.5,"units_change_pct":5.5,"margin_change_pts":-3.7},{"period":"2024-05","revenue":420783.671875,"cost":216703.3984375,"margin":48.5,"units":20058,"transactions":8786,"profit":204080.2734375,"revenue_change_pct":-2.6,"units_change_pct":-9.5,"margin_change_pts":3.7},{"period":"2024-06","revenue":427250.0390625,"cost":218772.32421875,"margin":48.8,"units":20214,"transactions":8666,"profit":208477.734375,"revenue_change_pct":1.5,"units_change_pct":0.8,"margin_change_pts":0.3},{"period":"2024-07","revenue":379859.296875,"cost":191126.58203125,"margin":49.7,"units":17588,"transactions":7894,"profit":188732.734375,"revenue_change_pct":-11.1,"units_change_pct":-13.0,"margin_change_pts":0.9},{"period":"2024-08","revenue":415737.3828125,"cost":210154.4921875,"margin":49.5,"units":19406,"transactions":8484,"profit":205582.91015625,"revenue_change_pct":9.4,"units_change_pct":10.3,"margin_change_pts":-0.2},{"period":"2024-09","revenue":376231.9140625,"cost":199212.109375,"margin":47.1,"units":18418,"transactions":7750,"profit":177019.82421875,"revenue_change_pct":-9.5,"units_change_pct":-5.1,"margin_change_pts":-2.4},{"period":"2024-10","revenue":383653.75,"cost":200392.20703125,"margin":47.8,"units":18410,"transactions":8204,"profit":183261.54296875,"revenue_change_pct":2.0,"units_change_pct":-0.0,"margin_change_pts":0.7},{"period":"2024-11","revenue":411973.90625,"cost":235845.78125,"margin":42.8,"units":22096,"transactions":9026,"profit":176128.14453125,"revenue_change_pct":7.4,"units_change_pct":20.0,"margin_change_pts":-5.0},{"period":"2024-12","revenue":392787.3828125,"cost":197436.26953125,"margin":49.7,"units":18526,"transactions":8016,"profit":195351.09375,"revenue_change_pct":-4.7,"units_change_pct":-16.2,"margin_change_pts":7.0},{"period":"2025-01","revenue":372960.78125,"cost":187343.75,"margin":49.8,"units":17494,"transactions":7672,"profit":185617.05078125,"revenue_change_pct":-5.0,"units_change_pct":-5.6,"margin_change_pts":0.0},{"period":"2025-02","revenue":325466.6796875,"cost":165321.50390625,"margin":49.2,"units":15500,"transactions":6700,"profit":160145.17578125,"revenue_change_pct":-12.7,"units_change_pct":-11.4,"margin_change_pts":-0.6},{"period":"2025-03","revenue":375089.765625,"cost":192186.6796875,"margin":48.8,"units":17990,"transactions":7604,"profit":182903.10546875,"revenue_change_pct":15.2,"units_change_pct":16.1,"margin_change_pts":-0.4},{"period":"2025-04","revenue":385574.9609375,"cost":257284.1796875,"margin":33.3,"units":24780,"transactions":9162,"profit":128290.771484375,"revenue_change_pct":2.8,"units_change_pct":37.7,"margin_change_pts":-15.5},{"period":"2025-05","revenue":350397.9296875,"cost":175220.99609375,"margin":50.0,"units":16456,"transactions":7324,"profit":175176.93359375,"revenue_change_pct":-9.1,"units_change_pct":-33.6,"margin_change_pts":16.7},{"period":"2025-06","revenue":353282.109375,"cost":177656.50390625,"margin":49.7,"units":16790,"transactions":6778,"profit":175625.625,"revenue_change_pct":0.8,"units_change_pct":2.0,"margin_change_pts":-0.3},{"period":"2025-07","revenue":310357.51953125,"cost":144438.544921875,"margin":53.5,"units":14420,"transactions":6592,"profit":165918.984375,"revenue_change_pct":-12.2,"units_change_pct":-14.1,"margin_change_pts":3.7},{"period":"2025-08","revenue":367124.8046875,"cost":163427.5,"margin":55.5,"units":16814,"transactions":7440,"profit":203697.3046875,"revenue_change_pct":18.3,"units_change_pct":16.6,"margin_change_pts":2.0},{"period":"2025-09","revenue":330471.09375,"cost":147166.494140625,"margin":55.5,"units":15348,"transactions":6696,"profit":183304.609375,"revenue_change_pct":-10.0,"units_change_pct":-8.7,"margin_change_pts":-0.0},{"period":"2025-10","revenue":358552.734375,"cost":157932.001953125,"margin":56.0,"units":16560,"transactions":7388,"profit":200620.72265625,"revenue_change_pct":8.5,"units_change_pct":7.9,"margin_change_pts":0.5},{"period":"2025-11","revenue":379858.28125,"cost":182931.9921875,"margin":51.8,"units":19010,"transactions":7726,"profit":196926.30859375,"revenue_change_pct":5.9,"units_change_pct":14.8,"margin_change_pts":-4.1},{"period":"2025-12","revenue":379890.1171875,"cost":165629.2578125,"margin":56.4,"units":17236,"transactions":7636,"profit":214260.87890625,"revenue_change_pct":0.0,"units_change_pct":-9.3,"margin_change_pts":4.6},{"period":"2026-01","revenue":408673.7109375,"cost":181140.99609375,"margin":55.7,"units":18944,"transactions":8008,"profit":227532.6953125,"revenue_change_pct":7.6,"units_change_pct":9.9,"margin_change_pts":-0.7}],"share_of_category":[{"category":"EDIBLE","brand_revenue":9435971.25,"category_revenue":29378492.5,"revenue_share_pct":32.099998474121094,"brand_units":458658,"category_units":1706530,"units_share_pct":26.9},{"category":"CBD","brand_revenue":266508.671875,"category_revenue":389585.8984375,"revenue_share_pct":68.4000015258789,"brand_units":10878,"category_units":15010,"units_share_pct":72.5}],"share_of_category_trend":{"EDIBLE":[{"period":"2024-01","brand_revenue":439548.3203125,"category_revenue":1115754.921875,"share_pct":39.400001525878906},{"period":"2024-02","brand_revenue":454587.109375,"category_revenue":1235210.0,"share_pct":36.79999923706055},{"period":"2024-03","brand_revenue":429512.65625,"category_revenue":1273343.671875,"share_pct":33.70000076293945},{"period":"2024-04","brand_revenue":418755.15625,"category_revenue":1298159.0625,"share_pct":32.29999923706055},{"period":"2024-05","brand_revenue":408668.5546875,"category_revenue":1215880.78125,"share_pct":33.599998474121094},{"period":"2024-06","brand_revenue":415422.4609375,"category_revenue":1181362.421875,"share_pct":35.20000076293945},{"period":"2024-07","brand_revenue":364952.421875,"category_revenue":1128302.8125,"share_pct":32.29999923706055},{"period":"2024-08","brand_revenue":399318.7109375,"category_revenue":1167724.921875,"share_pct":34.20000076293945},{"period":"2024-09","brand_revenue":361371.953125,"category_revenue":1114619.53125,"share_pct":32.400001525878906},{"period":"2024-10","brand_revenue":368266.3671875,"category_revenue":1205149.0625,"share_pct":30.600000381469727},{"period":"2024-11","brand_revenue":404023.359375,"category_revenue":1236132.421875,"share_pct":32.70000076293945},{"period":"2024-12","brand_revenue":386359.765625,"category_revenue":1207318.046875,"share_pct":32.0},{"period":"2025-01","brand_revenue":363194.4140625,"category_revenue":1176202.578125,"share_pct":30.899999618530273},{"period":"2025-02","brand_revenue":317670.05859375,"category_revenue":1097683.359375,"share_pct":28.899999618530273},{"period":"2025-03","brand_revenue":363507.65625,"category_revenue":1228067.265625,"share_pct":29.600000381469727},{"period":"2025-04","brand_revenue":376697.6953125,"category_revenue":1290106.171875,"share_pct":29.200000762939453},{"period":"2025-05","brand_revenue":339681.0546875,"category_revenue":1191670.3125,"share_pct":28.5},{"period":"2025-06","brand_revenue":348501.015625,"category_revenue":1110702.109375,"share_pct":31.399999618530273},{"period":"2025-07","brand_revenue":303583.28125,"category_revenue":1096938.125,"share_pct":27.700000762939453},{"period":"2025-08","brand_revenue":357914.921875,"category_revenue":1145920.859375,"share_pct":31.200000762939453},{"period":"2025-09","brand_revenue":321407.7734375,"category_revenue":1070074.53125,"share_pct":30.0},{"period":"2025-10","brand_revenue":353101.3671875,"category_revenue":1168865.78125,"share_pct":30.200000762939453},{"period":"2025-11","brand_revenue":372804.296875,"category_revenue":1192334.453125,"share_pct":31.299999237060547},{"period":"2025-12","brand_revenue":368901.640625,"category_revenue":1138094.375,"share_pct":32.400001525878906},{"period":"2026-01","brand_revenue":398218.828125,"category_revenue":1092874.21875,"share_pct":36.400001525878906}],"CBD":[{"period":"2024-01","brand_revenue":10365.999755859375,"category_revenue":19620.775146484375,"share_pct":52.79999923706055},{"period":"2024-02","brand_revenue":16615.899658203125,"category_revenue":20743.40087890625,"share_pct":80.0999984741211},{"period":"2024-03","brand_revenue":13668.02490234375,"category_revenue":24168.27392578125,"share_pct":56.599998474121094},{"period":"2024-04","brand_revenue":13448.399658203125,"category_revenue":28758.525390625,"share_pct":46.79999923706055},{"period":"2024-05","brand_revenue":12115.12451171875,"category_revenue":25626.875,"share_pct":47.29999923706055},{"period":"2024-06","brand_revenue":11827.574462890625,"category_revenue":22527.39990234375,"share_pct":52.5},{"period":"2024-07","brand_revenue":14906.875,"category_revenue":18794.625244140625,"share_pct":79.30000305175781},{"period":"2024-08","brand_revenue":16418.675537109375,"category_revenue":16418.675537109375,"share_pct":100.0},{"period":"2024-09","brand_revenue":14859.9755859375,"category_revenue":14859.9755859375,"share_pct":100.0},{"period":"2024-10","brand_revenue":15387.37548828125,"category_revenue":18964.625244140625,"share_pct":81.0999984741211},{"period":"2024-11","brand_revenue":7950.574951171875,"category_revenue":20255.250244140625,"share_pct":39.29999923706055},{"period":"2024-12","brand_revenue":6427.60009765625,"category_revenue":15511.099853515625,"share_pct":41.400001525878906},{"period":"2025-01","brand_revenue":9766.375122070312,"category_revenue":15601.500244140625,"share_pct":62.599998474121094},{"period":"2025-02","brand_revenue":7796.624755859375,"category_revenue":13476.57470703125,"share_pct":57.900001525878906},{"period":"2025-03","brand_revenue":11582.125244140625,"category_revenue":14939.949951171875,"share_pct":77.5},{"period":"2025-04","brand_revenue":8877.249755859375,"category_revenue":10690.4248046875,"share_pct":83.0},{"period":"2025-05","brand_revenue":10716.875,"category_revenue":13433.375244140625,"share_pct":79.80000305175781},{"period":"2025-06","brand_revenue":4781.1248779296875,"category_revenue":9377.874755859375,"share_pct":51.0},{"period":"2025-07","brand_revenue":6774.2498779296875,"category_revenue":9109.500122070312,"share_pct":74.4000015258789},{"period":"2025-08","brand_revenue":9209.874877929688,"category_revenue":10390.374755859375,"share_pct":88.5999984741211},{"period":"2025-09","brand_revenue":9063.3251953125,"category_revenue":10083.074951171875,"share_pct":89.9000015258789},{"period":"2025-10","brand_revenue":5451.3751220703125,"category_revenue":6646.3751220703125,"share_pct":82.0},{"period":"2025-11","brand_revenue":7054.000244140625,"category_revenue":7504.000244140625,"share_pct":94.0},{"period":"2025-12","brand_revenue":10988.499755859375,"category_revenue":11148.499755859375,"share_pct":98.5999984741211},{"period":"2026-01","brand_revenue":10454.87548828125,"category_revenue":10934.87548828125,"share_pct":95.5999984741211}]},"discount_depth":[{"tier":"0% (Full Price)","transactions":127782,"pct_of_transactions":43.9,"revenue":4321665.0,"avg_discount":0.0},{"tier":"1-10%","transactions":31148,"pct_of_transactions":10.7,"revenue":1259671.171875,"avg_discount":19.799999237060547},{"tier":"11-20%","transactions":27942,"pct_of_transactions":9.6,"revenue":962475.703125,"avg_discount":35.79999923706055},{"tier":"21-30%","transactions":37214,"pct_of_transactions":12.8,"revenue":1227108.828125,"avg_discount":54.0},{"tier":"31%+","transactions":38570,"pct_of_transactions":13.2,"revenue":1187290.625,"avg_discount":88.4000015258789}],"velocity":{"units_per_day":616.18,"revenue_per_day":12732.9248046875,"avg_units_per_txn":4.68,"days_of_data":762,"total_units":469536,"total_transactions":200692},"velocity_by_category":[{"category":"EDIBLE","brand_units_per_day":601.92,"category_avg_units_per_day":69.98,"velocity_index":860.1,"brand_rev_per_unit":16.46,"category_rev_per_unit":13.77,"brands_in_category":32},{"category":"CBD","brand_units_per_day":14.28,"category_avg_units_per_day":6.56,"velocity_index":217.4,"brand_rev_per_unit":19.6,"category_rev_per_unit":20.76,"brands_in_category":3}],"deals":[{"deal_name":"Industry - 30% Off","times_used":17014,"units":33636.0,"revenue":578561.7012059689,"discounts":249405.80069363117,"cost":359343.5125374794,"profit":219218.187610358,"pre_discount_revenue":827967.5,"margin":37.9,"avg_discount":60.2},{"deal_name":"Senior - 10% Off","times_used":12060,"units":32485.0,"revenue":739298.8982242346,"discounts":84321.10014438629,"cost":342134.27461385727,"profit":397164.62735010777,"pre_discount_revenue":823620.0,"margin":53.7,"avg_discount":20.4},{"deal_name":"WYLD 2 for $30","times_used":11620,"units":34586.0,"revenue":648680.6000137329,"discounts":197244.39999222755,"cost":355779.7610425949,"profit":292900.83893518895,"pre_discount_revenue":845925.0,"margin":45.2,"avg_discount":46.6},{"deal_name":"Industry 30% Off","times_used":8130,"units":20042.0,"revenue":350756.4123557011,"discounts":152138.58774761358,"cost":196939.57393169403,"profit":153816.8393992819,"pre_discount_revenue":502895.0,"margin":43.9,"avg_discount":60.6},{"deal_name":"WYLD Buy 2 Get 1","times_used":4352,"units":20552.0,"revenue":336247.5285410881,"discounts":174737.46082782745,"cost":223415.35002946854,"profit":112832.18858733773,"pre_discount_revenue":510985.0,"margin":33.6,"avg_discount":68.4},{"deal_name":"Senior / Veterans - 20% Off","times_used":4084,"units":11432.0,"revenue":228235.02519756556,"discounts":58607.47507631779,"cost":119720.33735513687,"profit":108514.68917101622,"pre_discount_revenue":286842.5,"margin":47.5,"avg_discount":40.8},{"deal_name":"WYLD 2 for $35 - ratio","times_used":4036,"units":12101.333333333334,"revenue":264330.68333943683,"discounts":67020.98333279292,"cost":124660.0749361515,"profit":139670.60838781297,"pre_discount_revenue":331351.6666666666,"margin":52.8,"avg_discount":40.4},{"deal_name":"420 2025 - 60% Off","times_used":3736,"units":13376.0,"revenue":131583.44956874847,"discounts":198079.05067920685,"cost":136928.26226472855,"profit":-5344.812576137483,"pre_discount_revenue":329662.5,"margin":-4.1,"avg_discount":120.2},{"deal_name":"Veterans - 10% Off","times_used":3094,"units":6246.0,"revenue":138586.3005065918,"discounts":15741.199972331524,"cost":64560.699833631516,"profit":74025.60024499893,"pre_discount_revenue":154327.5,"margin":53.4,"avg_discount":20.4},{"deal_name":"WYLD 4 for $55","times_used":2398,"units":11627.0,"revenue":199885.3124833107,"discounts":94232.1875,"cost":123883.37499856949,"profit":76001.93750292063,"pre_discount_revenue":294117.5,"margin":38.0,"avg_discount":64.0},{"deal_name":"WYLD Buy 1 Get 1 50%","times_used":2206,"units":6306.0,"revenue":105141.25,"discounts":47331.25,"cost":66963.65000724792,"profit":38177.599992752075,"pre_discount_revenue":152472.5,"margin":36.3,"avg_discount":62.0},{"deal_name":"GW - 50% Off Edibles","times_used":2194,"units":6592.0,"revenue":81389.24999952316,"discounts":81460.75000047684,"cost":69641.25,"profit":11747.999998480082,"pre_discount_revenue":162850.0,"margin":14.4,"avg_discount":100.0},{"deal_name":"40% Off - G2B","times_used":1542,"units":4917.0,"revenue":73760.7250426213,"discounts":49532.608322302505,"cost":46736.52049779892,"profit":27024.203692376614,"pre_discount_revenue":123293.33333333334,"margin":36.6,"avg_discount":80.4},{"deal_name":"Jackpot - Locals 30% Off","times_used":1514,"units":3537.0,"revenue":62373.75010848045,"discounts":26743.749970197678,"cost":36897.87492632866,"profit":25475.875169038773,"pre_discount_revenue":89117.5,"margin":40.8,"avg_discount":60.0},{"deal_name":"4/20 50% Off!!!!","times_used":1326,"units":4554.0,"revenue":55765.0,"discounts":55820.0,"cost":48971.750009059906,"profit":6793.25000077486,"pre_discount_revenue":111585.0,"margin":12.2,"avg_discount":100.0},{"deal_name":"WYLD / Good Tide Buy 2 Get 1","times_used":946,"units":4483.0,"revenue":72293.41053962708,"discounts":38039.087138175964,"cost":48389.1250038147,"profit":23904.287712574005,"pre_discount_revenue":110332.5,"margin":33.1,"avg_discount":69.0},{"deal_name":"WYLD 2 for $30!!","times_used":816,"units":2489.0,"revenue":46745.64999580383,"discounts":15741.850004196167,"cost":27339.625000953674,"profit":19406.024997234344,"pre_discount_revenue":62487.5,"margin":41.5,"avg_discount":50.4},{"deal_name":"WYLD 2 for 30 non ratio","times_used":792,"units":2226.0,"revenue":41597.7999997139,"discounts":8852.200000286102,"cost":19551.374623775482,"profit":22046.425375938416,"pre_discount_revenue":50450.0,"margin":53.0,"avg_discount":35.0},{"deal_name":"LVAC - 25% Off","times_used":710,"units":1204.0,"revenue":22128.749998807907,"discounts":7401.249999403954,"cost":12003.824945688248,"profit":10124.925053715706,"pre_discount_revenue":29530.0,"margin":45.8,"avg_discount":50.2},{"deal_name":"WYLD 30% Off !","times_used":500,"units":1346.0,"revenue":23114.000067710876,"discounts":9955.999997854233,"cost":14499.025003910065,"profit":8614.975031614304,"pre_discount_revenue":33070.0,"margin":37.3,"avg_discount":60.2},{"deal_name":"30% Off Special","times_used":472,"units":652.0,"revenue":10151.500197649002,"discounts":4368.500066995621,"cost":6407.449995279312,"profit":3744.049958214164,"pre_discount_revenue":14520.0,"margin":36.9,"avg_discount":60.2},{"deal_name":"WYLD 2 for $30 (non Ratio)","times_used":352,"units":990.0,"revenue":18494.27499771118,"discounts":3900.7249999046326,"cost":8636.37481212616,"profit":9857.900186404586,"pre_discount_revenue":22395.0,"margin":53.3,"avg_discount":34.8},{"deal_name":"WYLD 2 for $35","times_used":320,"units":848.0,"revenue":18528.125,"discounts":4431.875,"cost":9152.499995231628,"profit":9375.625002384186,"pre_discount_revenue":22960.0,"margin":50.6,"avg_discount":38.6},{"deal_name":"Employee 30% - NOT FRIDAYS","times_used":298,"units":445.3333333333333,"revenue":7879.962507486343,"discounts":3467.5375034411745,"cost":4705.808321237564,"profit":3174.1541763146715,"pre_discount_revenue":11347.5,"margin":40.3,"avg_discount":61.2},{"deal_name":"Employee - 40% OFF","times_used":226,"units":455.0,"revenue":7149.825007915497,"discounts":4807.675015926361,"cost":4854.712483882904,"profit":2295.112452893518,"pre_discount_revenue":11957.5,"margin":32.1,"avg_discount":80.4},{"deal_name":"Store Credit - $25","times_used":174,"units":346.3333333333333,"revenue":5616.279157598814,"discounts":3111.2208429972334,"cost":3307.520810365677,"profit":2308.758348842772,"pre_discount_revenue":8727.5,"margin":41.1,"avg_discount":71.2},{"deal_name":"WYLD 2 for $35 - Ratio","times_used":148,"units":502.0,"revenue":10981.25,"discounts":2773.75,"cost":5210.374999046326,"profit":5770.875000953674,"pre_discount_revenue":13755.0,"margin":52.6,"avg_discount":40.4},{"deal_name":"Store Credit - $15","times_used":132,"units":285.3333333333333,"revenue":4849.191664755344,"discounts":2341.6416718562446,"cost":2746.6041481494904,"profit":2102.587494800488,"pre_discount_revenue":7190.833333333334,"margin":43.4,"avg_discount":65.2},{"deal_name":"Reno - Early Bird - Senior / Veterans - 20%","times_used":64,"units":120.0,"revenue":2444.4999980926514,"discounts":617.9999995231628,"cost":1170.4999899864197,"profit":1274.0000092983246,"pre_discount_revenue":3062.5,"margin":52.1,"avg_discount":40.4},{"deal_name":"Store Credit - $50","times_used":48,"units":129.66666666666666,"revenue":2083.270826836427,"discounts":1215.0625169277191,"cost":1260.4374945163727,"profit":822.8333285575111,"pre_discount_revenue":3298.333333333333,"margin":39.5,"avg_discount":73.6},{"deal_name":"40% Off Special","times_used":46,"units":62.0,"revenue":984.000027179718,"discounts":655.9999942779541,"cost":661.999990940094,"profit":321.9999921321869,"pre_discount_revenue":1640.0,"margin":32.7,"avg_discount":80.0},{"deal_name":"Main St Happy Hour - 25% Off","times_used":36,"units":86.0,"revenue":1503.75,"discounts":501.25,"cost":772.4999928474426,"profit":731.2500071525574,"pre_discount_revenue":2005.0,"margin":48.6,"avg_discount":50.0},{"deal_name":"Medical - 10%","times_used":34,"units":60.0,"revenue":1367.9999732971191,"discounts":152.00000166893005,"cost":601.2499976158142,"profit":766.750009059906,"pre_discount_revenue":1520.0,"margin":56.0,"avg_discount":20.0},{"deal_name":"Senior Sunday - RENO ONLY - 20% Off","times_used":24,"units":68.0,"revenue":1260.499997138977,"discounts":399.49999928474426,"cost":698.2499980926514,"profit":562.250006198883,"pre_discount_revenue":1660.0,"margin":44.6,"avg_discount":48.2},{"deal_name":"Veterans Day - 30% Off For Veterans!","times_used":22,"units":54.0,"revenue":1004.4999980926514,"discounts":430.49999952316284,"cost":615.0,"profit":389.50000524520874,"pre_discount_revenue":1435.0,"margin":38.8,"avg_discount":60.0},{"deal_name":"Store Credit - $75","times_used":16,"units":50.0,"revenue":572.4250004688898,"discounts":710.9083322683971,"cost":485.83333134651184,"profit":86.59166723489761,"pre_discount_revenue":1283.3333333333335,"margin":15.1,"avg_discount":110.8},{"deal_name":"Sammy Davis Early Bird - 15% Off","times_used":14,"units":20.0,"revenue":397.3750042915344,"discounts":70.1250010728836,"cost":183.37499618530273,"profit":214.0000081062317,"pre_discount_revenue":467.5,"margin":53.9,"avg_discount":30.0},{"deal_name":"Buy 2 Get 1 Tangerine WYLD","times_used":14,"units":54.0,"revenue":810.2249717712402,"discounts":404.7749996185303,"cost":540.0,"profit":270.2250003814697,"pre_discount_revenue":1215.0,"margin":33.4,"avg_discount":66.6},{"deal_name":"Store Credit - $100","times_used":8,"units":17.0,"revenue":138.68749737739563,"discounts":263.8124966621399,"cost":154.18749809265137,"profit":-15.4999990016222,"pre_discount_revenue":402.5,"margin":-11.2,"avg_discount":131.0},{"deal_name":"Reno - Early Bird - Senior & Veteran - 25%","times_used":6,"units":16.0,"revenue":333.75,"discounts":111.25,"cost":172.87499904632568,"profit":160.87500095367432,"pre_discount_revenue":445.0,"margin":48.2,"avg_discount":50.0},{"deal_name":"Store Credit - $150","times_used":2,"units":12.0,"revenue":89.25000071525574,"discounts":190.75000524520874,"cost":107.49999761581421,"profit":-18.25000041630119,"pre_discount_revenue":280.0,"margin":-20.4,"avg_discount":136.2}],"top_products":[{"product":"2:1 THC/CBN ELDERBERRY GUMMIES - WYLD","units":77722,"revenue":1753026.40625,"cost":886269.375,"profit":866756.953125,"transactions":41152,"margin":49.400001525878906},{"product":"1:1:1 THC/CBD/CBN BOYSENBERRY GUMMIES - WYLD","units":46582,"revenue":1049562.578125,"cost":510963.0078125,"profit":538599.609375,"transactions":25628,"margin":51.29999923706055},{"product":"RASPBERRY SATIVA GUMMIES - WYLD","units":45612,"revenue":861568.828125,"cost":441024.609375,"profit":420544.21875,"transactions":28332,"margin":48.79999923706055},{"product":"HUCKLEBERRY HYBRID GUMMIES - WYLD","units":41926,"revenue":799762.8125,"cost":407516.25,"profit":392246.5625,"transactions":26956,"margin":49.0},{"product":"SOUR APPLE SATIVA GUMMIES - WYLD","units":41854,"revenue":785131.171875,"cost":404507.734375,"profit":380623.4375,"transactions":28050,"margin":48.5},{"product":"MARIONBERRY INDICA GUMMIES - WYLD","units":40826,"revenue":759323.203125,"cost":396865.0,"profit":362458.1640625,"transactions":23486,"margin":47.70000076293945},{"product":"1:1 THC/CBD POMEGRANATE GUMMIES - WYLD","units":28844,"revenue":642638.4765625,"cost":327323.30078125,"profit":315315.17578125,"transactions":17456,"margin":49.099998474121094},{"product":"1:1 THC/CBC BLOOD ORANGE GUMMIES - WYLD","units":26526,"revenue":601299.6875,"cost":302391.7578125,"profit":298907.9296875,"transactions":18120,"margin":49.70000076293945},{"product":"1:1 THC/CBG PEAR GUMMIES - WYLD","units":24198,"revenue":548073.828125,"cost":273784.4921875,"profit":274289.35546875,"transactions":16366,"margin":50.0},{"product":"SOUR CHERRY INDICA GUMMIES - WYLD","units":27020,"revenue":501889.84375,"cost":262016.25,"profit":239873.57421875,"transactions":17296,"margin":47.79999923706055},{"product":"SOUR TANGERINE HYBRID GUMMIES - WYLD","units":18124,"revenue":345015.9375,"cost":175019.375,"profit":169996.58203125,"transactions":13184,"margin":49.29999923706055},{"product":"20:1 CBD/THC STRAWBERRY GUMMIES - WYLD","units":16848,"revenue":326068.359375,"cost":162992.998046875,"profit":163075.3515625,"transactions":11414,"margin":50.0},{"product":"2:1 CBD/THC PEACH GUMMIES - WYLD","units":13578,"revenue":260063.65234375,"cost":131348.623046875,"profit":128715.029296875,"transactions":9866,"margin":49.5},{"product":"1:1:1 THC/CBG/CBC GRAPEFRUIT GUMMIES - WYLD","units":8798,"revenue":195750.078125,"cost":94593.876953125,"profit":101156.201171875,"transactions":6102,"margin":51.70000076293945},{"product":"BLACKBERRY CBD GUMMIES 500MG - WYLD","units":3822,"revenue":104841.15234375,"cost":50940.751953125,"profit":53900.400390625,"transactions":3012,"margin":51.400001525878906},{"product":"5:1 CBD/CBN ELDERBERRY GUMMIES 500MG - WYLD","units":2622,"revenue":91103.154296875,"cost":45645.0,"profit":45458.1494140625,"transactions":1976,"margin":49.900001525878906},{"product":"5:1 CBD/CBN ELDERBERRY GUMMIES - WYLD","units":1660,"revenue":57180.2490234375,"cost":28556.25,"profit":28623.9990234375,"transactions":1338,"margin":50.099998474121094},{"product":"CBD BLOOD ORANGE SPARKLING WATER - WYLD","units":1488,"revenue":8932.575073242188,"cost":4894.725036621094,"profit":4037.8500366210938,"transactions":774,"margin":45.20000076293945},{"product":"2:1 CBD/CBG GRAPEFRUIT SPARKLING WATER - WYLD","units":1330,"revenue":8162.0501708984375,"cost":4453.22509765625,"profit":3708.8250732421875,"transactions":660,"margin":45.400001525878906},{"product":"RASPBERRY CBD GUMMIES - WYLD","units":96,"revenue":2668.75,"cost":1194.5000457763672,"profit":1474.2500305175781,"transactions":76,"margin":55.20000076293945},{"product":"CBD BLACKBERRY SPARKLING WATER - WYLD","units":28,"revenue":142.5,"cost":73.45000267028809,"profit":69.04999732971191,"transactions":22,"margin":48.5},{"product":"CBD RASPBERRY SPARKLING WATER - WYLD","units":24,"revenue":137.99999237060547,"cost":60.0,"profit":78.00000190734863,"transactions":22,"margin":56.5},{"product":"RASPBERRY CBD GUMMIES 500MG - WYLD","units":4,"revenue":118.75,"cost":87.5,"profit":31.25,"transactions":4,"margin":26.299999237060547},{"product":"CBD LEMON SPARKLING WATER - WYLD","units":4,"revenue":17.5,"cost":13.450000286102295,"profit":4.050000011920929,"transactions":2,"margin":23.100000381469727}],"products_by_store":{"Elevation Springs":[{"product":"2:1 THC/CBN ELDERBERRY GUMMIES - WYLD","units":18028,"revenue":400633.515625,"cost":204876.3671875,"profit":195757.12890625,"transactions":10144,"margin":48.900001525878906},{"product":"1:1:1 THC/CBD/CBN BOYSENBERRY GUMMIES - WYLD","units":8622,"revenue":192163.30078125,"cost":95390.0,"profit":96773.30078125,"transactions":5094,"margin":50.400001525878906},{"product":"SOUR APPLE SATIVA GUMMIES - WYLD","units":9548,"revenue":175811.71875,"cost":92208.125,"profit":83603.603515625,"transactions":6576,"margin":47.599998474121094},{"product":"RASPBERRY SATIVA GUMMIES - WYLD","units":9194,"revenue":170826.3671875,"cost":88651.748046875,"profit":82174.62890625,"transactions":6164,"margin":48.099998474121094},{"product":"1:1 THC/CBC BLOOD ORANGE GUMMIES - WYLD","units":7244,"revenue":161456.25,"cost":83141.748046875,"profit":78314.501953125,"transactions":5196,"margin":48.5},{"product":"HUCKLEBERRY HYBRID GUMMIES - WYLD","units":8104,"revenue":150202.548828125,"cost":78881.376953125,"profit":71321.1767578125,"transactions":5806,"margin":47.5},{"product":"1:1 THC/CBD POMEGRANATE GUMMIES - WYLD","units":6750,"revenue":144551.77734375,"cost":76799.7998046875,"profit":67751.9775390625,"transactions":4138,"margin":46.900001525878906},{"product":"MARIONBERRY INDICA GUMMIES - WYLD","units":7868,"revenue":143469.1796875,"cost":76406.25,"profit":67062.9248046875,"transactions":4870,"margin":46.70000076293945},{"product":"SOUR CHERRY INDICA GUMMIES - WYLD","units":6234,"revenue":112936.328125,"cost":60111.4990234375,"profit":52824.82421875,"transactions":4424,"margin":46.79999923706055},{"product":"1:1 THC/CBG PEAR GUMMIES - WYLD","units":4996,"revenue":108668.92578125,"cost":56741.376953125,"profit":51927.548828125,"transactions":3518,"margin":47.79999923706055},{"product":"SOUR TANGERINE HYBRID GUMMIES - WYLD","units":4622,"revenue":87009.599609375,"cost":44674.248046875,"profit":42335.3515625,"transactions":3498,"margin":48.70000076293945},{"product":"20:1 CBD/THC STRAWBERRY GUMMIES - WYLD","units":3408,"revenue":66807.626953125,"cost":32886.0009765625,"profit":33921.6259765625,"transactions":2340,"margin":50.79999923706055},{"product":"2:1 CBD/THC PEACH GUMMIES - WYLD","units":2706,"revenue":50607.0263671875,"cost":26145.2490234375,"profit":24461.77490234375,"transactions":2054,"margin":48.29999923706055},{"product":"1:1:1 THC/CBG/CBC GRAPEFRUIT GUMMIES - WYLD","units":1282,"revenue":27391.57470703125,"cost":13860.74951171875,"profit":13530.8251953125,"transactions":1028,"margin":49.400001525878906},{"product":"BLACKBERRY CBD GUMMIES 500MG - WYLD","units":804,"revenue":21706.298828125,"cost":10854.000244140625,"profit":10852.2998046875,"transactions":674,"margin":50.0}],"Elevation Mesa":[{"product":"2:1 THC/CBN ELDERBERRY GUMMIES - WYLD","units":15964,"revenue":342284.7265625,"cost":183464.375,"profit":158820.3515625,"transactions":8738,"margin":46.400001525878906},{"product":"MARIONBERRY INDICA GUMMIES - WYLD","units":9174,"revenue":160776.97265625,"cost":89742.373046875,"profit":71034.599609375,"transactions":5038,"margin":44.20000076293945},{"product":"SOUR APPLE SATIVA GUMMIES - WYLD","units":8168,"revenue":146033.701171875,"cost":79663.9990234375,"profit":66369.7021484375,"transactions":5500,"margin":45.400001525878906},{"product":"HUCKLEBERRY HYBRID GUMMIES - WYLD","units":7496,"revenue":138880.029296875,"cost":73298.3740234375,"profit":65581.650390625,"transactions":4674,"margin":47.20000076293945},{"product":"RASPBERRY SATIVA GUMMIES - WYLD","units":7542,"revenue":137416.826171875,"cost":73663.876953125,"profit":63752.94921875,"transactions":4502,"margin":46.400001525878906},{"product":"1:1 THC/CBD POMEGRANATE GUMMIES - WYLD","units":6352,"revenue":134616.97265625,"cost":72410.625,"profit":62206.3525390625,"transactions":3410,"margin":46.20000076293945},{"product":"1:1:1 THC/CBD/CBN BOYSENBERRY GUMMIES - WYLD","units":6154,"revenue":132221.728515625,"cost":67764.375,"profit":64457.3486328125,"transactions":3584,"margin":48.70000076293945},{"product":"1:1 THC/CBC BLOOD ORANGE GUMMIES - WYLD","units":4808,"revenue":105468.798828125,"cost":54855.0,"profit":50613.798828125,"transactions":3328,"margin":48.0},{"product":"SOUR CHERRY INDICA GUMMIES - WYLD","units":5618,"revenue":100626.875,"cost":54691.6259765625,"profit":45935.2490234375,"transactions":3474,"margin":45.599998474121094},{"product":"1:1 THC/CBG PEAR GUMMIES - WYLD","units":4176,"revenue":91430.048828125,"cost":47751.875,"profit":43678.173828125,"transactions":2848,"margin":47.79999923706055},{"product":"20:1 CBD/THC STRAWBERRY GUMMIES - WYLD","units":3324,"revenue":60267.9248046875,"cost":32405.2490234375,"profit":27862.67578125,"transactions":2254,"margin":46.20000076293945},{"product":"SOUR TANGERINE HYBRID GUMMIES - WYLD","units":2936,"revenue":53003.701171875,"cost":28556.75048828125,"profit":24446.95068359375,"transactions":2120,"margin":46.099998474121094},{"product":"2:1 CBD/THC PEACH GUMMIES - WYLD","units":2048,"revenue":36462.35107421875,"cost":19981.25,"profit":16481.099853515625,"transactions":1530,"margin":45.20000076293945},{"product":"1:1:1 THC/CBG/CBC GRAPEFRUIT GUMMIES - WYLD","units":1740,"revenue":35448.5498046875,"cost":19025.625,"profit":16422.9248046875,"transactions":1058,"margin":46.29999923706055},{"product":"BLACKBERRY CBD GUMMIES 500MG - WYLD","units":822,"revenue":21761.923828125,"cost":10218.75,"profit":11543.175048828125,"transactions":622,"margin":53.0}],"Elevation Oasis":[{"product":"2:1 THC/CBN ELDERBERRY GUMMIES - WYLD","units":16814,"revenue":394193.0078125,"cost":191062.5,"profit":203130.52734375,"transactions":7564,"margin":51.5},{"product":"1:1:1 THC/CBD/CBN BOYSENBERRY GUMMIES - WYLD","units":12020,"revenue":276224.921875,"cost":130789.12109375,"profit":145435.80078125,"transactions":5440,"margin":52.70000076293945},{"product":"HUCKLEBERRY HYBRID GUMMIES - WYLD","units":11922,"revenue":232808.92578125,"cost":116335.87890625,"profit":116473.046875,"transactions":6636,"margin":50.0},{"product":"RASPBERRY SATIVA GUMMIES - WYLD","units":10806,"revenue":207631.9921875,"cost":104700.498046875,"profit":102931.50390625,"transactions":5814,"margin":49.599998474121094},{"product":"MARIONBERRY INDICA GUMMIES - WYLD","units":9028,"revenue":175773.65234375,"cost":87666.25,"profit":88107.40234375,"transactions":4480,"margin":50.099998474121094},{"product":"SOUR APPLE SATIVA GUMMIES - WYLD","units":9030,"revenue":175415.87890625,"cost":87366.123046875,"profit":88049.74609375,"transactions":5314,"margin":50.20000076293945},{"product":"1:1 THC/CBC BLOOD ORANGE GUMMIES - WYLD","units":5822,"revenue":134026.42578125,"cost":66250.0,"profit":67776.42578125,"transactions":3152,"margin":50.599998474121094},{"product":"1:1 THC/CBD POMEGRANATE GUMMIES - WYLD","units":5384,"revenue":125917.822265625,"cost":60545.0,"profit":65372.8271484375,"transactions":2892,"margin":51.900001525878906},{"product":"1:1 THC/CBG PEAR GUMMIES - WYLD","units":5124,"revenue":118819.00390625,"cost":57762.5,"profit":61056.4990234375,"transactions":2932,"margin":51.400001525878906},{"product":"SOUR CHERRY INDICA GUMMIES - WYLD","units":5514,"revenue":105892.802734375,"cost":53760.0,"profit":52132.7978515625,"transactions":3164,"margin":49.20000076293945},{"product":"20:1 CBD/THC STRAWBERRY GUMMIES - WYLD","units":3742,"revenue":74328.876953125,"cost":36046.875,"profit":38281.99951171875,"transactions":2340,"margin":51.5},{"product":"2:1 CBD/THC PEACH GUMMIES - WYLD","units":3702,"revenue":72673.9501953125,"cost":35590.12451171875,"profit":37083.82568359375,"transactions":2210,"margin":51.0},{"product":"SOUR TANGERINE HYBRID GUMMIES - WYLD","units":3576,"revenue":69620.4248046875,"cost":34639.6240234375,"profit":34980.80078125,"transactions":2160,"margin":50.20000076293945},{"product":"1:1:1 THC/CBG/CBC GRAPEFRUIT GUMMIES - WYLD","units":2476,"revenue":58569.775390625,"cost":26321.25,"profit":32248.525390625,"transactions":1438,"margin":55.099998474121094},{"product":"BLACKBERRY CBD GUMMIES 500MG - WYLD","units":804,"revenue":22346.95068359375,"cost":10854.000244140625,"profit":11492.94921875,"transactions":594,"margin":51.400001525878906}],"Elevation Downtown":[{"product":"1:1:1 THC/CBD/CBN BOYSENBERRY GUMMIES - WYLD","units":696,"revenue":15340.625,"cost":7447.5,"profit":7893.125,"transactions":506,"margin":51.5},{"product":"2:1 THC/CBN ELDERBERRY GUMMIES - WYLD","units":518,"revenue":10971.624755859375,"cost":5559.375,"profit":5412.249755859375,"transactions":376,"margin":49.29999923706055},{"product":"SOUR APPLE SATIVA GUMMIES - WYLD","units":606,"revenue":10889.625244140625,"cost":5719.124755859375,"profit":5170.4998779296875,"transactions":470,"margin":47.5},{"product":"RASPBERRY SATIVA GUMMIES - WYLD","units":602,"revenue":10534.000244140625,"cost":5692.249755859375,"profit":4841.750183105469,"transactions":472,"margin":46.0},{"product":"HUCKLEBERRY HYBRID GUMMIES - WYLD","units":542,"revenue":9249.249877929688,"cost":5118.500061035156,"profit":4130.7501220703125,"transactions":412,"margin":44.70000076293945},{"product":"MARIONBERRY INDICA GUMMIES - WYLD","units":480,"revenue":8014.749755859375,"cost":4531.625061035156,"profit":3483.125,"transactions":342,"margin":43.5},{"product":"20:1 CBD/THC STRAWBERRY GUMMIES - WYLD","units":120,"revenue":2324.0000915527344,"cost":1042.5,"profit":1281.5000915527344,"transactions":92,"margin":55.099998474121094},{"product":"1:1 THC/CBC BLOOD ORANGE GUMMIES - WYLD","units":96,"revenue":2281.0000610351562,"cost":990.0,"profit":1291.0000610351562,"transactions":82,"margin":56.599998474121094},{"product":"1:1:1 THC/CBG/CBC GRAPEFRUIT GUMMIES - WYLD","units":90,"revenue":2207.7499389648438,"cost":928.125,"profit":1279.625015258789,"transactions":86,"margin":58.0},{"product":"1:1 THC/CBG PEAR GUMMIES - WYLD","units":90,"revenue":2116.25,"cost":928.125,"profit":1188.125,"transactions":80,"margin":56.099998474121094},{"product":"2:1 CBD/THC PEACH GUMMIES - WYLD","units":104,"revenue":2085.749969482422,"cost":903.4999847412109,"profit":1182.249984741211,"transactions":84,"margin":56.70000076293945},{"product":"1:1 THC/CBD POMEGRANATE GUMMIES - WYLD","units":74,"revenue":1785.0,"cost":763.125,"profit":1021.875,"transactions":64,"margin":57.20000076293945},{"product":"SOUR CHERRY INDICA GUMMIES - WYLD","units":88,"revenue":1732.5,"cost":764.4999694824219,"profit":968.0000305175781,"transactions":70,"margin":55.900001525878906},{"product":"SOUR TANGERINE HYBRID GUMMIES - WYLD","units":64,"revenue":1253.2499694824219,"cost":555.9999847412109,"profit":697.2499847412109,"transactions":60,"margin":55.599998474121094}],"Elevation Midtown":[{"product":"2:1 THC/CBN ELDERBERRY GUMMIES - WYLD","units":15600,"revenue":365175.0,"cost":178066.875,"profit":187108.125,"transactions":8322,"margin":51.20000076293945},{"product":"1:1:1 THC/CBD/CBN BOYSENBERRY GUMMIES - WYLD","units":12002,"revenue":277495.80078125,"cost":131134.62890625,"profit":146361.171875,"transactions":6860,"margin":52.70000076293945},{"product":"RASPBERRY SATIVA GUMMIES - WYLD","units":7936,"revenue":152184.1796875,"cost":76778.75,"profit":75405.4248046875,"transactions":5084,"margin":49.5},{"product":"MARIONBERRY INDICA GUMMIES - WYLD","units":7620,"revenue":148499.599609375,"cost":74111.25,"profit":74388.349609375,"transactions":4564,"margin":50.099998474121094},{"product":"HUCKLEBERRY HYBRID GUMMIES - WYLD","units":7226,"revenue":143238.30078125,"cost":69571.123046875,"profit":73667.177734375,"transactions":4804,"margin":51.400001525878906},{"product":"1:1 THC/CBD POMEGRANATE GUMMIES - WYLD","units":6098,"revenue":143095.9765625,"cost":69368.75,"profit":73727.2265625,"transactions":4020,"margin":51.5},{"product":"SOUR APPLE SATIVA GUMMIES - WYLD","units":5972,"revenue":117454.677734375,"cost":57687.998046875,"profit":59766.6748046875,"transactions":4294,"margin":50.900001525878906},{"product":"1:1 THC/CBG PEAR GUMMIES - WYLD","units":4960,"revenue":116605.9765625,"cost":55656.25,"profit":60949.7265625,"transactions":3630,"margin":52.29999923706055},{"product":"1:1 THC/CBC BLOOD ORANGE GUMMIES - WYLD","units":4838,"revenue":114261.025390625,"cost":54818.75,"profit":59442.275390625,"transactions":3710,"margin":52.0},{"product":"SOUR CHERRY INDICA GUMMIES - WYLD","units":4622,"revenue":89718.49609375,"cost":44690.0,"profit":45028.5009765625,"transactions":2968,"margin":50.20000076293945},{"product":"SOUR TANGERINE HYBRID GUMMIES - WYLD","units":3688,"revenue":72235.224609375,"cost":35360.50048828125,"profit":36874.72412109375,"transactions":2912,"margin":51.0},{"product":"20:1 CBD/THC STRAWBERRY GUMMIES - WYLD","units":3522,"revenue":69228.974609375,"cost":34125.12451171875,"profit":35103.85009765625,"transactions":2434,"margin":50.70000076293945},{"product":"2:1 CBD/THC PEACH GUMMIES - WYLD","units":2504,"revenue":49950.80078125,"cost":24206.6259765625,"profit":25744.1748046875,"transactions":2008,"margin":51.5},{"product":"1:1:1 THC/CBG/CBC GRAPEFRUIT GUMMIES - WYLD","units":1664,"revenue":38478.82568359375,"cost":17769.375,"profit":20709.45068359375,"transactions":1366,"margin":53.79999923706055},{"product":"5:1 CBD/CBN ELDERBERRY GUMMIES 500MG - WYLD","units":828,"revenue":29057.57568359375,"cost":14490.0,"profit":14567.574462890625,"transactions":632,"margin":50.099998474121094}],"Elevation Boulevard":[{"product":"2:1 THC/CBN ELDERBERRY GUMMIES - WYLD","units":7314,"revenue":156747.6953125,"cost":83444.873046875,"profit":73302.8271484375,"transactions":3972,"margin":46.79999923706055},{"product":"SOUR APPLE SATIVA GUMMIES - WYLD","units":4782,"revenue":84868.203125,"cost":45915.0,"profit":38953.20068359375,"transactions":3196,"margin":45.900001525878906},{"product":"RASPBERRY SATIVA GUMMIES - WYLD","units":4484,"revenue":81595.8984375,"cost":42939.873046875,"profit":38656.025390625,"transactions":2794,"margin":47.400001525878906},{"product":"1:1:1 THC/CBD/CBN BOYSENBERRY GUMMIES - WYLD","units":3742,"revenue":78308.1494140625,"cost":41321.123046875,"profit":36987.0263671875,"transactions":2184,"margin":47.20000076293945},{"product":"MARIONBERRY INDICA GUMMIES - WYLD","units":3708,"revenue":65132.099609375,"cost":35899.1259765625,"profit":29232.97607421875,"transactions":2188,"margin":44.900001525878906},{"product":"1:1 THC/CBG PEAR GUMMIES - WYLD","units":2754,"revenue":59166.923828125,"cost":31250.0,"profit":27916.92626953125,"transactions":1934,"margin":47.20000076293945},{"product":"HUCKLEBERRY HYBRID GUMMIES - WYLD","units":3150,"revenue":55958.7744140625,"cost":30588.87451171875,"profit":25369.89990234375,"transactions":2070,"margin":45.29999923706055},{"product":"1:1 THC/CBD POMEGRANATE GUMMIES - WYLD","units":2594,"revenue":54936.3232421875,"cost":29348.62548828125,"profit":25587.7001953125,"transactions":1740,"margin":46.599998474121094},{"product":"SOUR CHERRY INDICA GUMMIES - WYLD","units":2534,"revenue":44713.1494140625,"cost":24563.3740234375,"profit":20149.775390625,"transactions":1596,"margin":45.099998474121094},{"product":"1:1 THC/CBC BLOOD ORANGE GUMMIES - WYLD","units":2012,"revenue":44038.3740234375,"cost":22963.125,"profit":21075.2490234375,"transactions":1448,"margin":47.900001525878906},{"product":"20:1 CBD/THC STRAWBERRY GUMMIES - WYLD","units":1472,"revenue":27826.17431640625,"cost":14250.12451171875,"profit":13576.0498046875,"transactions":1050,"margin":48.79999923706055},{"product":"SOUR TANGERINE HYBRID GUMMIES - WYLD","units":1432,"revenue":25206.025390625,"cost":13871.12548828125,"profit":11334.89990234375,"transactions":1062,"margin":45.0},{"product":"2:1 CBD/THC PEACH GUMMIES - WYLD","units":1268,"revenue":22433.076171875,"cost":12419.49951171875,"profit":10013.574829101562,"transactions":986,"margin":44.599998474121094},{"product":"1:1:1 THC/CBG/CBC GRAPEFRUIT GUMMIES - WYLD","units":746,"revenue":15314.05029296875,"cost":8056.875,"profit":7257.17529296875,"transactions":582,"margin":47.400001525878906},{"product":"5:1 CBD/CBN ELDERBERRY GUMMIES 500MG - WYLD","units":198,"revenue":6209.2498779296875,"cost":3225.0,"profit":2984.2498779296875,"transactions":156,"margin":48.099998474121094}],"Elevation Parkway":[{"product":"RASPBERRY SATIVA GUMMIES - WYLD","units":5048,"revenue":101379.580078125,"cost":48597.626953125,"profit":52781.9482421875,"transactions":3502,"margin":52.099998474121094},{"product":"2:1 THC/CBN ELDERBERRY GUMMIES - WYLD","units":3484,"revenue":83020.771484375,"cost":39795.0,"profit":43225.7763671875,"transactions":2036,"margin":52.099998474121094},{"product":"1:1:1 THC/CBD/CBN BOYSENBERRY GUMMIES - WYLD","units":3346,"revenue":77808.076171875,"cost":37116.25,"profit":40691.826171875,"transactions":1960,"margin":52.29999923706055},{"product":"SOUR APPLE SATIVA GUMMIES - WYLD","units":3748,"revenue":74657.373046875,"cost":35947.37548828125,"profit":38710.0,"transactions":2700,"margin":51.900001525878906},{"product":"HUCKLEBERRY HYBRID GUMMIES - WYLD","units":3486,"revenue":69424.9755859375,"cost":33722.1240234375,"profit":35702.84912109375,"transactions":2554,"margin":51.400001525878906},{"product":"MARIONBERRY INDICA GUMMIES - WYLD","units":2948,"revenue":57656.923828125,"cost":28508.125,"profit":29148.80126953125,"transactions":2004,"margin":50.599998474121094},{"product":"1:1 THC/CBG PEAR GUMMIES - WYLD","units":2098,"revenue":51266.7236328125,"cost":23694.375,"profit":27572.35107421875,"transactions":1424,"margin":53.79999923706055},{"product":"SOUR CHERRY INDICA GUMMIES - WYLD","units":2410,"revenue":46269.6728515625,"cost":23435.2490234375,"profit":22834.42626953125,"transactions":1600,"margin":49.400001525878906},{"product":"1:1 THC/CBC BLOOD ORANGE GUMMIES - WYLD","units":1706,"revenue":39767.80029296875,"cost":19373.125,"profit":20394.67529296875,"transactions":1204,"margin":51.29999923706055},{"product":"1:1 THC/CBD POMEGRANATE GUMMIES - WYLD","units":1592,"revenue":37734.599609375,"cost":18087.37548828125,"profit":19647.225341796875,"transactions":1192,"margin":52.099998474121094},{"product":"SOUR TANGERINE HYBRID GUMMIES - WYLD","units":1806,"revenue":36687.724609375,"cost":17361.12548828125,"profit":19326.600341796875,"transactions":1372,"margin":52.70000076293945},{"product":"2:1 CBD/THC PEACH GUMMIES - WYLD","units":1246,"revenue":25850.70068359375,"cost":12102.37548828125,"profit":13748.3251953125,"transactions":994,"margin":53.20000076293945},{"product":"20:1 CBD/THC STRAWBERRY GUMMIES - WYLD","units":1260,"revenue":25284.775390625,"cost":12237.125244140625,"profit":13047.650146484375,"transactions":904,"margin":51.599998474121094},{"product":"1:1:1 THC/CBG/CBC GRAPEFRUIT GUMMIES - WYLD","units":800,"revenue":18339.549560546875,"cost":8631.875,"profit":9707.675170898438,"transactions":544,"margin":52.900001525878906},{"product":"BLACKBERRY CBD GUMMIES 500MG - WYLD","units":240,"revenue":6840.625,"cost":3222.0001220703125,"profit":3618.6248779296875,"transactions":200,"margin":52.900001525878906}]},"store_summary":[{"store_clean":"Elevation Oasis","units":107032,"revenue":2278856.5625,"cost":1116480.390625,"profit":1162376.09375,"discounts":387538.515625,"margin":51.0,"discount_rate":14.5},{"store_clean":"Elevation Springs","units":100568,"revenue":2045595.46875,"cost":1057308.515625,"profit":988286.953125,"discounts":472149.53125,"margin":48.29999923706055,"discount_rate":18.799999237060547},{"store_clean":"Elevation Midtown","units":91788,"revenue":1980453.125,"cost":964090.3125,"profit":1016362.890625,"discounts":323101.81640625,"margin":51.29999923706055,"discount_rate":14.0},{"store_clean":"Elevation Mesa","units":87788,"revenue":1726558.125,"cost":923317.8125,"profit":803240.234375,"discounts":453774.4140625,"margin":46.5,"discount_rate":20.799999237060547},{"store_clean":"Elevation Boulevard","units":42550,"revenue":828034.21875,"cost":443242.1484375,"profit":384792.0703125,"discounts":227353.30078125,"margin":46.5,"discount_rate":21.5},{"store_clean":"Elevation Parkway","units":35640,"revenue":762196.640625,"cost":367152.03125,"profit":395044.609375,"discounts":109570.8203125,"margin":51.79999923706055,"discount_rate":12.600000381469727},{"store_clean":"Elevation Downtown","units":4170,"revenue":80785.3759765625,"cost":40944.25048828125,"profit":39841.12548828125,"discounts":20859.6240234375,"margin":49.29999923706055,"discount_rate":20.5}],"recommendations":[{"severity":"info","title":"VOLUME LEVERAGE","detail":"$3,880,992 revenue provides negotiating leverage.","action":"Use volume as leverage in next vendor meeting."}],"comparison":null}