{"brand":"VICTORY TORCH","date_range":"2024-01-01 00:00:00 to 2026-01-31 00:00:00","period_label":"All Time","summary":{"total_units":24,"total_revenue":527.5,"total_cost":299.6999740600586,"total_discounts":85.0,"total_profit":227.8000259399414,"overall_margin":43.20000076293945,"fp_margin":52.0,"disc_margin":30.299999237060547,"pct_full_price":59.20000076293945,"avg_discount_rate":13.899999618530273,"fp_revenue":312.5,"disc_revenue":215.0,"unique_customers":20,"brand":"VICTORY TORCH","date_range":"2024-01-01 00:00:00 to 2026-01-31 00:00:00","months_count":12,"avg_monthly_cost":49.95,"cost_per_unit":24.975,"primary_category":"ACCESSORY","primary_cat_margin":61.099998474121094,"category_rank":113,"category_total":136,"margin_vs_category":-17.899999618530273,"velocity_rank":112},"category_breakdown":[{"category_clean":"ACCESSORY","units":6,"revenue":120.0,"cost":74.92499828338623,"profit":45.07500171661377,"discounts":30.0,"margin":37.599998474121094,"category_avg_margin":61.099998474121094,"vs_category":-23.5,"rank":113.0,"total_brands":136.0}],"trend":[{"period":"2025-06","revenue":62.5,"cost":24.97499942779541,"margin":60.0,"units":2,"transactions":2,"profit":37.52500057220459,"revenue_change_pct":null,"units_change_pct":null,"margin_change_pts":null},{"period":"2025-07","revenue":85.0,"cost":49.94999885559082,"margin":41.2,"units":4,"transactions":4,"profit":35.05000114440918,"revenue_change_pct":36.0,"units_change_pct":100.0,"margin_change_pts":-18.8},{"period":"2025-08","revenue":135.0,"cost":74.92499828338623,"margin":44.5,"units":6,"transactions":6,"profit":60.07500171661377,"revenue_change_pct":58.8,"units_change_pct":50.0,"margin_change_pts":3.3},{"period":"2025-09","revenue":125.0,"cost":74.92499828338623,"margin":40.1,"units":6,"transactions":6,"profit":50.07500171661377,"revenue_change_pct":-7.4,"units_change_pct":0,"margin_change_pts":-4.4},{"period":"2025-10","revenue":40.0,"cost":24.97499942779541,"margin":37.6,"units":2,"transactions":2,"profit":15.02500057220459,"revenue_change_pct":-68.0,"units_change_pct":-66.7,"margin_change_pts":-2.5},{"period":"2025-11","revenue":80.0,"cost":49.94999885559082,"margin":37.6,"units":4,"transactions":2,"profit":30.05000114440918,"revenue_change_pct":100.0,"units_change_pct":100.0,"margin_change_pts":0.0}],"share_of_category":[{"category":"ACCESSORY","brand_revenue":120.0,"category_revenue":4128754.0625,"revenue_share_pct":0.0,"brand_units":6,"category_units":2130096,"units_share_pct":0.0},{"category":0.0,"brand_revenue":0.0,"category_revenue":0.0,"revenue_share_pct":0.0,"brand_units":0,"category_units":0,"units_share_pct":0.0}],"share_of_category_trend":{"ACCESSORY":[{"period":"2024-01","brand_revenue":0.0,"category_revenue":153543.9453125,"share_pct":0.0},{"period":"2024-02","brand_revenue":0.0,"category_revenue":152399.47265625,"share_pct":0.0},{"period":"2024-03","brand_revenue":0.0,"category_revenue":154678.876953125,"share_pct":0.0},{"period":"2024-04","brand_revenue":0.0,"category_revenue":163353.65234375,"share_pct":0.0},{"period":"2024-05","brand_revenue":0.0,"category_revenue":179676.4453125,"share_pct":0.0},{"period":"2024-06","brand_revenue":0.0,"category_revenue":185008.828125,"share_pct":0.0},{"period":"2024-07","brand_revenue":0.0,"category_revenue":186675.46875,"share_pct":0.0},{"period":"2024-08","brand_revenue":0.0,"category_revenue":180226.328125,"share_pct":0.0},{"period":"2024-09","brand_revenue":0.0,"category_revenue":162386.298828125,"share_pct":0.0},{"period":"2024-10","brand_revenue":0.0,"category_revenue":166088.73046875,"share_pct":0.0},{"period":"2024-11","brand_revenue":0.0,"category_revenue":171706.09375,"share_pct":0.0},{"period":"2024-12","brand_revenue":0.0,"category_revenue":176502.03125,"share_pct":0.0},{"period":"2025-01","brand_revenue":0.0,"category_revenue":167261.34765625,"share_pct":0.0},{"period":"2025-02","brand_revenue":0.0,"category_revenue":155260.927734375,"share_pct":0.0},{"period":"2025-03","brand_revenue":0.0,"category_revenue":176420.390625,"share_pct":0.0},{"period":"2025-04","brand_revenue":0.0,"category_revenue":182694.82421875,"share_pct":0.0},{"period":"2025-05","brand_revenue":0.0,"category_revenue":179904.4921875,"share_pct":0.0},{"period":"2025-06","brand_revenue":0.0,"category_revenue":161148.75,"share_pct":0.0},{"period":"2025-07","brand_revenue":0.0,"category_revenue":165549.8046875,"share_pct":0.0},{"period":"2025-08","brand_revenue":0.0,"category_revenue":171752.05078125,"share_pct":0.0},{"period":"2025-09","brand_revenue":0.0,"category_revenue":168198.9453125,"share_pct":0.0},{"period":"2025-10","brand_revenue":40.0,"category_revenue":171844.55078125,"share_pct":0.0},{"period":"2025-11","brand_revenue":80.0,"category_revenue":172839.74609375,"share_pct":0.0},{"period":"2025-12","brand_revenue":0.0,"category_revenue":141954.873046875,"share_pct":0.0},{"period":"2026-01","brand_revenue":0.0,"category_revenue":81677.1484375,"share_pct":0.0}]},"discount_depth":[{"tier":"0% (Full Price)","transactions":12,"pct_of_transactions":54.5,"revenue":312.5,"avg_discount":0.0},{"tier":"1-10%","transactions":0,"pct_of_transactions":0.0,"revenue":0.0,"avg_discount":0},{"tier":"11-20%","transactions":4,"pct_of_transactions":18.2,"revenue":120.0,"avg_discount":40.0},{"tier":"21-30%","transactions":0,"pct_of_transactions":0.0,"revenue":0.0,"avg_discount":0},{"tier":"31%+","transactions":2,"pct_of_transactions":9.1,"revenue":25.0,"avg_discount":100.0}],"velocity":{"units_per_day":0.16,"revenue_per_day":3.5749998688697815,"avg_units_per_txn":2.18,"days_of_data":148,"total_units":24,"total_transactions":22},"velocity_by_category":[{"category":"ACCESSORY","brand_units_per_day":0.0,"category_avg_units_per_day":20.56,"velocity_index":0.0,"brand_rev_per_unit":16.0,"category_rev_per_unit":1.55,"brands_in_category":136},{"category":0.0,"brand_units_per_day":0.0,"category_avg_units_per_day":0,"velocity_index":0,"brand_rev_per_unit":0.0,"category_rev_per_unit":0.0,"brands_in_category":0}],"deals":[{"deal_name":"Jackpot - Locals 30% Off","times_used":2,"units":2.0,"revenue":35.0,"discounts":15.0,"cost":24.97499942779541,"profit":10.02500057220459,"pre_discount_revenue":50.0,"margin":28.6,"avg_discount":60.0}],"top_products":[{"product":"QUAD TORCH LIGHTER","units":24,"revenue":527.5,"cost":299.6999931335449,"profit":227.80000686645508,"transactions":22,"margin":43.20000076293945}],"products_by_store":{"Elevation Oasis":[{"product":"QUAD TORCH LIGHTER","units":24,"revenue":527.5,"cost":299.6999931335449,"profit":227.80000686645508,"transactions":22,"margin":43.20000076293945}]},"store_summary":[{"store_clean":"Elevation Oasis","units":24,"revenue":527.5,"cost":299.6999931335449,"profit":227.80000686645508,"discounts":85.0,"margin":43.20000076293945,"discount_rate":13.899999618530273}],"recommendations":[{"severity":"red","title":"ACCESSORY: BELOW CATEGORY AVERAGE","detail":"Margin (37.6%) is 24 pts below ACCESSORY average. Ranked #113 of 136. Strong case for cost negotiation.","action":"Request 12% cost reduction or evaluate alternative ACCESSORY brands."},{"severity":"yellow","title":"CATEGORY BENCHMARK GAP","detail":"Overall margin (43.2%) trails ACCESSORY average (61.1%) by 17.9 pts.","action":"Negotiate cost reduction or increase retail price."},{"severity":"red","title":"LOW DISCOUNTED MARGIN","detail":"Margin drops to 30.3% when discounted.","action":"Cap discount depth at 20% or negotiate lower wholesale cost."}],"comparison":null}