{"brand":"DOGWALKERS","date_range":"2024-01-01 00:00:00 to 2026-01-31 00:00:00","period_label":"All Time","summary":{"total_units":46462,"total_revenue":1353162.1875,"total_cost":579789.296875,"total_discounts":230292.890625,"total_profit":773372.8125,"overall_margin":57.20000076293945,"fp_margin":63.400001525878906,"disc_margin":49.099998474121094,"pct_full_price":56.29999923706055,"avg_discount_rate":14.5,"fp_revenue":761410.0,"disc_revenue":591752.109375,"brand":"DOGWALKERS","date_range":"2024-01-01 00:00:00 to 2026-01-31 00:00:00","primary_category":"PRE ROLL PACK","store_coverage":"6/7","stores_present":["Elevation Springs","Elevation Mesa","Elevation Oasis","Elevation Midtown","Elevation Boulevard","Elevation Parkway"],"stores_missing":["Elevation Downtown"],"velocity_rank":1,"velocity_total":14},"distribution":[{"store":"Elevation Springs","carries_brand":true,"sku_count":20,"revenue":310405.78125,"units":10952,"store_total_revenue":51138750.0,"brand_share_pct":0.6000000238418579},{"store":"Elevation Mesa","carries_brand":true,"sku_count":18,"revenue":178162.1875,"units":6624,"store_total_revenue":47532240.0,"brand_share_pct":0.4000000059604645},{"store":"Elevation Oasis","carries_brand":true,"sku_count":22,"revenue":202471.42578125,"units":6772,"store_total_revenue":56050145.0,"brand_share_pct":0.4000000059604645},{"store":"Elevation Downtown","carries_brand":false,"sku_count":0,"revenue":0.0,"units":0,"store_total_revenue":1945237.1875,"brand_share_pct":0},{"store":"Elevation Midtown","carries_brand":true,"sku_count":18,"revenue":253575.625,"units":8232,"store_total_revenue":30850185.0,"brand_share_pct":0.800000011920929},{"store":"Elevation Boulevard","carries_brand":true,"sku_count":18,"revenue":163288.84765625,"units":6054,"store_total_revenue":28757865.0,"brand_share_pct":0.6000000238418579},{"store":"Elevation Parkway","carries_brand":true,"sku_count":22,"revenue":245258.2421875,"units":7828,"store_total_revenue":21987007.5,"brand_share_pct":1.100000023841858}],"share_of_category":[{"category":"PRE ROLL PACK","brand_revenue":866766.40625,"category_revenue":3903863.75,"revenue_share_pct":22.200000762939453,"brand_units":27764,"category_units":123714,"units_share_pct":22.4},{"category":"INFUSED PACK","brand_revenue":264415.0390625,"category_revenue":8259010.0,"revenue_share_pct":3.200000047683716,"brand_units":8060,"category_units":240090,"units_share_pct":3.4},{"category":"INFUSED PRE ROLL","brand_revenue":220278.22265625,"category_revenue":10308101.25,"revenue_share_pct":2.0999999046325684,"brand_units":10496,"category_units":488074,"units_share_pct":2.2},{"category":"PRE ROLL","brand_revenue":1702.5,"category_revenue":14009791.25,"revenue_share_pct":0.0,"brand_units":142,"category_units":1485736,"units_share_pct":0.0}],"share_of_category_trend":{"PRE ROLL PACK":[{"period":"2024-01","brand_revenue":41481.6259765625,"category_revenue":169271.89453125,"share_pct":24.5},{"period":"2024-02","brand_revenue":54736.123046875,"category_revenue":174199.375,"share_pct":31.399999618530273},{"period":"2024-03","brand_revenue":50749.248046875,"category_revenue":187083.0078125,"share_pct":27.100000381469727},{"period":"2024-04","brand_revenue":44492.2509765625,"category_revenue":179617.6171875,"share_pct":24.799999237060547},{"period":"2024-05","brand_revenue":44444.7509765625,"category_revenue":198875.703125,"share_pct":22.299999237060547},{"period":"2024-06","brand_revenue":47406.6259765625,"category_revenue":182181.42578125,"share_pct":26.0},{"period":"2024-07","brand_revenue":49093.0224609375,"category_revenue":189754.43359375,"share_pct":25.899999618530273},{"period":"2024-08","brand_revenue":35063.04931640625,"category_revenue":163466.5234375,"share_pct":21.399999618530273},{"period":"2024-09","brand_revenue":37100.3759765625,"category_revenue":145157.197265625,"share_pct":25.600000381469727},{"period":"2024-10","brand_revenue":38847.77587890625,"category_revenue":143902.822265625,"share_pct":27.0},{"period":"2024-11","brand_revenue":56570.126953125,"category_revenue":169051.3671875,"share_pct":33.5},{"period":"2024-12","brand_revenue":20455.250244140625,"category_revenue":186738.92578125,"share_pct":11.0},{"period":"2025-01","brand_revenue":13786.12548828125,"category_revenue":222888.57421875,"share_pct":6.199999809265137},{"period":"2025-02","brand_revenue":30043.22509765625,"category_revenue":186213.06640625,"share_pct":16.100000381469727},{"period":"2025-03","brand_revenue":20165.250244140625,"category_revenue":195415.56640625,"share_pct":10.300000190734863},{"period":"2025-04","brand_revenue":27241.12548828125,"category_revenue":188683.2421875,"share_pct":14.399999618530273},{"period":"2025-05","brand_revenue":39139.67529296875,"category_revenue":231505.29296875,"share_pct":16.899999618530273},{"period":"2025-06","brand_revenue":43420.17578125,"category_revenue":169830.2734375,"share_pct":25.600000381469727},{"period":"2025-07","brand_revenue":25944.7509765625,"category_revenue":130345.849609375,"share_pct":19.899999618530273},{"period":"2025-08","brand_revenue":20478.00048828125,"category_revenue":108797.099609375,"share_pct":18.799999237060547},{"period":"2025-09","brand_revenue":36544.1259765625,"category_revenue":99689.677734375,"share_pct":36.70000076293945},{"period":"2025-10","brand_revenue":17469.67529296875,"category_revenue":67141.8505859375,"share_pct":26.0},{"period":"2025-11","brand_revenue":35582.3486328125,"category_revenue":80167.7978515625,"share_pct":44.400001525878906},{"period":"2025-12","brand_revenue":29954.05029296875,"category_revenue":71818.3740234375,"share_pct":41.70000076293945},{"period":"2026-01","brand_revenue":6557.6251220703125,"category_revenue":62066.826171875,"share_pct":10.600000381469727}],"INFUSED PACK":[{"period":"2024-01","brand_revenue":0.0,"category_revenue":204601.875,"share_pct":0.0},{"period":"2024-02","brand_revenue":0.0,"category_revenue":221156.7578125,"share_pct":0.0},{"period":"2024-03","brand_revenue":0.0,"category_revenue":257436.93359375,"share_pct":0.0},{"period":"2024-04","brand_revenue":5343.8751220703125,"category_revenue":301537.3046875,"share_pct":1.7999999523162842},{"period":"2024-05","brand_revenue":13320.50048828125,"category_revenue":301873.0078125,"share_pct":4.400000095367432},{"period":"2024-06","brand_revenue":13159.87548828125,"category_revenue":300488.6328125,"share_pct":4.400000095367432},{"period":"2024-07","brand_revenue":12446.25,"category_revenue":303570.80078125,"share_pct":4.099999904632568},{"period":"2024-08","brand_revenue":6732.5,"category_revenue":283995.625,"share_pct":2.4000000953674316},{"period":"2024-09","brand_revenue":5308.375244140625,"category_revenue":331664.1796875,"share_pct":1.600000023841858},{"period":"2024-10","brand_revenue":4817.6251220703125,"category_revenue":311486.1328125,"share_pct":1.5},{"period":"2024-11","brand_revenue":11380.74951171875,"category_revenue":306613.92578125,"share_pct":3.700000047683716},{"period":"2024-12","brand_revenue":6170.7501220703125,"category_revenue":298008.41796875,"share_pct":2.0999999046325684},{"period":"2025-01","brand_revenue":7125.7501220703125,"category_revenue":269244.765625,"share_pct":2.5999999046325684},{"period":"2025-02","brand_revenue":9359.124755859375,"category_revenue":309579.8046875,"share_pct":3.0},{"period":"2025-03","brand_revenue":13837.62451171875,"category_revenue":312908.80859375,"share_pct":4.400000095367432},{"period":"2025-04","brand_revenue":24640.3759765625,"category_revenue":389974.3359375,"share_pct":6.300000190734863},{"period":"2025-05","brand_revenue":13435.50048828125,"category_revenue":404824.9609375,"share_pct":3.299999952316284},{"period":"2025-06","brand_revenue":15910.574951171875,"category_revenue":383193.4765625,"share_pct":4.199999809265137},{"period":"2025-07","brand_revenue":18045.250244140625,"category_revenue":437456.640625,"share_pct":4.099999904632568},{"period":"2025-08","brand_revenue":8282.750244140625,"category_revenue":391817.578125,"share_pct":2.0999999046325684},{"period":"2025-09","brand_revenue":15518.499755859375,"category_revenue":367221.40625,"share_pct":4.199999809265137},{"period":"2025-10","brand_revenue":9718.499755859375,"category_revenue":423332.109375,"share_pct":2.299999952316284},{"period":"2025-11","brand_revenue":20409.45068359375,"category_revenue":395184.53125,"share_pct":5.199999809265137},{"period":"2025-12","brand_revenue":16968.699951171875,"category_revenue":387500.234375,"share_pct":4.400000095367432},{"period":"2026-01","brand_revenue":12482.425537109375,"category_revenue":364337.6171875,"share_pct":3.4000000953674316}],"INFUSED PRE ROLL":[{"period":"2024-01","brand_revenue":0.0,"category_revenue":410907.8515625,"share_pct":0.0},{"period":"2024-02","brand_revenue":0.0,"category_revenue":458711.484375,"share_pct":0.0},{"period":"2024-03","brand_revenue":0.0,"category_revenue":427464.375,"share_pct":0.0},{"period":"2024-04","brand_revenue":7804.749755859375,"category_revenue":428699.9609375,"share_pct":1.7999999523162842},{"period":"2024-05","brand_revenue":14352.5,"category_revenue":501098.3203125,"share_pct":2.9000000953674316},{"period":"2024-06","brand_revenue":15013.75,"category_revenue":477320.78125,"share_pct":3.0999999046325684},{"period":"2024-07","brand_revenue":15822.5,"category_revenue":479382.109375,"share_pct":3.299999952316284},{"period":"2024-08","brand_revenue":5947.5,"category_revenue":474359.1015625,"share_pct":1.2999999523162842},{"period":"2024-09","brand_revenue":885.0,"category_revenue":424280.1171875,"share_pct":0.20000000298023224},{"period":"2024-10","brand_revenue":3979.5001220703125,"category_revenue":470840.6640625,"share_pct":0.800000011920929},{"period":"2024-11","brand_revenue":10560.0,"category_revenue":424285.1171875,"share_pct":2.5},{"period":"2024-12","brand_revenue":2070.0,"category_revenue":432093.1640625,"share_pct":0.5},{"period":"2025-01","brand_revenue":8967.5,"category_revenue":358002.890625,"share_pct":2.5},{"period":"2025-02","brand_revenue":20726.99951171875,"category_revenue":325080.17578125,"share_pct":6.400000095367432},{"period":"2025-03","brand_revenue":8692.5,"category_revenue":347380.078125,"share_pct":2.5},{"period":"2025-04","brand_revenue":260.0,"category_revenue":401341.40625,"share_pct":0.10000000149011612},{"period":"2025-05","brand_revenue":13600.0,"category_revenue":378076.09375,"share_pct":3.5999999046325684},{"period":"2025-06","brand_revenue":17285.74951171875,"category_revenue":354019.6484375,"share_pct":4.900000095367432},{"period":"2025-07","brand_revenue":9625.30029296875,"category_revenue":416008.203125,"share_pct":2.299999952316284},{"period":"2025-08","brand_revenue":6759.5001220703125,"category_revenue":425283.28125,"share_pct":1.600000023841858},{"period":"2025-09","brand_revenue":13021.400146484375,"category_revenue":378313.75,"share_pct":3.4000000953674316},{"period":"2025-10","brand_revenue":7596.824951171875,"category_revenue":389168.3203125,"share_pct":2.0},{"period":"2025-11","brand_revenue":17333.75,"category_revenue":390541.3671875,"share_pct":4.400000095367432},{"period":"2025-12","brand_revenue":12439.69970703125,"category_revenue":392812.34375,"share_pct":3.200000047683716},{"period":"2026-01","brand_revenue":7533.499755859375,"category_revenue":342630.7421875,"share_pct":2.200000047683716}],"PRE ROLL":[{"period":"2024-01","brand_revenue":0.0,"category_revenue":508338.515625,"share_pct":0.0},{"period":"2024-02","brand_revenue":0.0,"category_revenue":489393.671875,"share_pct":0.0},{"period":"2024-03","brand_revenue":0.0,"category_revenue":520052.3828125,"share_pct":0.0},{"period":"2024-04","brand_revenue":0.0,"category_revenue":491300.6640625,"share_pct":0.0},{"period":"2024-05","brand_revenue":0.0,"category_revenue":542202.890625,"share_pct":0.0},{"period":"2024-06","brand_revenue":0.0,"category_revenue":507288.8671875,"share_pct":0.0},{"period":"2024-07","brand_revenue":0.0,"category_revenue":524250.9765625,"share_pct":0.0},{"period":"2024-08","brand_revenue":0.0,"category_revenue":612518.7109375,"share_pct":0.0},{"period":"2024-09","brand_revenue":0.0,"category_revenue":586543.0078125,"share_pct":0.0},{"period":"2024-10","brand_revenue":0.0,"category_revenue":641449.1796875,"share_pct":0.0},{"period":"2024-11","brand_revenue":0.0,"category_revenue":579866.71875,"share_pct":0.0},{"period":"2024-12","brand_revenue":0.0,"category_revenue":582999.5703125,"share_pct":0.0},{"period":"2025-01","brand_revenue":0.0,"category_revenue":544095.3125,"share_pct":0.0},{"period":"2025-02","brand_revenue":0.0,"category_revenue":500875.5859375,"share_pct":0.0},{"period":"2025-03","brand_revenue":0.0,"category_revenue":551422.0703125,"share_pct":0.0},{"period":"2025-04","brand_revenue":0.0,"category_revenue":568189.375,"share_pct":0.0},{"period":"2025-05","brand_revenue":0.0,"category_revenue":565516.875,"share_pct":0.0},{"period":"2025-06","brand_revenue":0.0,"category_revenue":560506.71875,"share_pct":0.0},{"period":"2025-07","brand_revenue":0.0,"category_revenue":600916.09375,"share_pct":0.0},{"period":"2025-08","brand_revenue":625.0,"category_revenue":620247.5,"share_pct":0.10000000149011612},{"period":"2025-09","brand_revenue":802.5,"category_revenue":608971.09375,"share_pct":0.10000000149011612},{"period":"2025-10","brand_revenue":275.0,"category_revenue":645293.1640625,"share_pct":0.0},{"period":"2025-11","brand_revenue":0.0,"category_revenue":581113.4765625,"share_pct":0.0},{"period":"2025-12","brand_revenue":0.0,"category_revenue":553088.5546875,"share_pct":0.0},{"period":"2026-01","brand_revenue":0.0,"category_revenue":523350.9375,"share_pct":0.0}]},"velocity_by_category":[{"category":"PRE ROLL PACK","brand_units_per_day":36.44,"category_avg_units_per_day":11.6,"velocity_index":314.2,"brand_rev_per_unit":24.98,"category_rev_per_unit":25.24,"brands_in_category":14},{"category":"INFUSED PRE ROLL","brand_units_per_day":13.78,"category_avg_units_per_day":25.62,"velocity_index":53.8,"brand_rev_per_unit":16.79,"category_rev_per_unit":16.9,"brands_in_category":25},{"category":"INFUSED PACK","brand_units_per_day":10.58,"category_avg_units_per_day":26.26,"velocity_index":40.3,"brand_rev_per_unit":26.24,"category_rev_per_unit":27.52,"brands_in_category":12},{"category":"PRE ROLL","brand_units_per_day":0.18,"category_avg_units_per_day":42.38,"velocity_index":0.4,"brand_rev_per_unit":9.59,"category_rev_per_unit":7.54,"brands_in_category":46}],"store_gaps":[{"store":"Elevation Mesa","category":"PRE ROLL","category_revenue_at_store":3458612.5,"opportunity":"Category not carried at this store"},{"store":"Elevation Boulevard","category":"PRE ROLL","category_revenue_at_store":2504075.3125,"opportunity":"Category not carried at this store"},{"store":"Elevation Midtown","category":"PRE ROLL","category_revenue_at_store":1326764.21875,"opportunity":"Category not carried at this store"},{"store":"Elevation Downtown","category":"PRE ROLL","category_revenue_at_store":196139.1015625,"opportunity":"Brand not carried"},{"store":"Elevation Downtown","category":"INFUSED PACK","category_revenue_at_store":135628.349609375,"opportunity":"Brand not carried"},{"store":"Elevation Downtown","category":"INFUSED PRE ROLL","category_revenue_at_store":134242.0703125,"opportunity":"Brand not carried"},{"store":"Elevation Downtown","category":"PRE ROLL PACK","category_revenue_at_store":74783.623046875,"opportunity":"Brand not carried"}],"product_mix":{"top":[{"product":"PLAY 5 PK PRE ROLL - DOGWALKERS","units":9588,"revenue":302520.44921875,"cost":121543.49609375,"profit":180976.953125,"stores":6,"transactions":8080,"margin":59.79999923706055},{"product":"STAY 5 PK PRE ROLL - DOGWALKERS","units":9264,"revenue":289021.0546875,"cost":115364.248046875,"profit":173656.796875,"stores":6,"transactions":7878,"margin":60.099998474121094},{"product":"SIT 5 PK PRE ROLL - DOGWALKERS","units":8884,"revenue":273550.87890625,"cost":103287.7734375,"profit":170263.10546875,"stores":6,"transactions":7428,"margin":62.20000076293945},{"product":"SIT INFUSED PRE ROLL 3 PK - DOGWALKERS","units":3576,"revenue":118028.5546875,"cost":60474.423828125,"profit":57554.1259765625,"stores":6,"transactions":3014,"margin":48.79999923706055},{"product":"SIT INFUSED PRE ROLL - DOGWALKERS","units":4640,"revenue":96821.904296875,"cost":44737.67578125,"profit":52084.2236328125,"stores":6,"transactions":3740,"margin":53.79999923706055},{"product":"PLAY INFUSED PRE ROLL 3 PK - DOGWALKERS","units":2804,"revenue":92437.001953125,"cost":47665.2734375,"profit":44771.7236328125,"stores":6,"transactions":2430,"margin":48.400001525878906},{"product":"PLAY INFUSED PRE ROLL - DOGWALKERS","units":3162,"revenue":67388.8232421875,"cost":31388.00048828125,"profit":36000.8251953125,"stores":6,"transactions":2552,"margin":53.400001525878906},{"product":"STAY INFUSED PRE ROLL - DOGWALKERS","units":2694,"revenue":56067.5,"cost":26103.75,"profit":29963.75,"stores":6,"transactions":2166,"margin":53.400001525878906},{"product":"STAY INFUSED PRE ROLL 3 PK - DOGWALKERS","units":1680,"revenue":53949.4775390625,"cost":29222.5,"profit":24726.97509765625,"stores":6,"transactions":1446,"margin":45.79999923706055},{"product":"SIT 12 PK PRE ROLL - DOGWALKERS","units":28,"revenue":1673.9999389648438,"cost":0.3500000014901161,"profit":1673.6500549316406,"stores":1,"transactions":26,"margin":100.0},{"product":"STAY PRE ROLL - DOGWALKERS","units":58,"revenue":700.0,"cost":0.7249999791383743,"profit":699.2749786376953,"stores":2,"transactions":54,"margin":99.9000015258789},{"product":"PLAY PRE ROLL - DOGWALKERS","units":42,"revenue":522.5,"cost":0.5249999836087227,"profit":521.974983215332,"stores":1,"transactions":32,"margin":99.9000015258789},{"product":"SIT PRE ROLL - DOGWALKERS","units":42,"revenue":480.0,"cost":0.5249999836087227,"profit":479.47498321533203,"stores":1,"transactions":34,"margin":99.9000015258789}],"bottom":[],"expansion":[{"product":"STAY PRE ROLL - DOGWALKERS","current_stores":2,"total_stores":6,"missing_stores":["Elevation Mesa","Elevation Oasis","Elevation Midtown","Elevation Boulevard"],"revenue":700.0}]},"pricing_consistency":[{"product":"SIT 5 PK PRE ROLL - DOGWALKERS","min_price":55.602091688948306,"max_price":65.87545298381025,"avg_price":61.33735381092987,"std_dev":1.6076733016674198,"store_count":12,"price_range":10.273361294861934,"range_pct":16.7},{"product":"STAY INFUSED PRE ROLL 3 PK - DOGWALKERS","min_price":58.876274264588645,"max_price":68.85654526268877,"avg_price":63.847783877441984,"std_dev":1.586068592749629,"store_count":12,"price_range":9.980270998100114,"range_pct":15.6},{"product":"SIT INFUSED PRE ROLL 3 PK - DOGWALKERS","min_price":61.37667942474776,"max_price":70.43394608931108,"avg_price":65.46784059603289,"std_dev":1.4971364023393021,"store_count":12,"price_range":9.057266664563324,"range_pct":13.8},{"product":"STAY 5 PK PRE ROLL - DOGWALKERS","min_price":57.53620668530904,"max_price":65.94093627929688,"avg_price":61.95953644013233,"std_dev":1.3419737341453506,"store_count":12,"price_range":8.404729593987836,"range_pct":13.6},{"product":"STAY INFUSED PRE ROLL - DOGWALKERS","min_price":39.476845329576506,"max_price":45.11820060055272,"avg_price":42.158935058832505,"std_dev":0.9786999043963784,"store_count":12,"price_range":5.641355270976218,"range_pct":13.4},{"product":"PLAY 5 PK PRE ROLL - DOGWALKERS","min_price":59.26515650324149,"max_price":66.79828328161938,"avg_price":62.91188838355335,"std_dev":1.4663507107654274,"store_count":12,"price_range":7.533126778377888,"range_pct":12.0},{"product":"PLAY INFUSED PRE ROLL - DOGWALKERS","min_price":40.13336999075754,"max_price":45.15732688465338,"avg_price":42.75697863400402,"std_dev":0.7896118794586,"store_count":12,"price_range":5.0239568938958445,"range_pct":11.8},{"product":"PLAY INFUSED PRE ROLL 3 PK - DOGWALKERS","min_price":61.832421875,"max_price":69.54576387180119,"avg_price":66.04325330664145,"std_dev":1.28244630613287,"store_count":12,"price_range":7.713341996801182,"range_pct":11.7},{"product":"SIT INFUSED PRE ROLL - DOGWALKERS","min_price":40.093372758612574,"max_price":43.855541332347975,"avg_price":41.851684349948705,"std_dev":0.6902803803462756,"store_count":12,"price_range":3.762168573735396,"range_pct":9.0},{"product":"STAY PRE ROLL - DOGWALKERS","min_price":24.0,"max_price":24.210526315789473,"avg_price":24.105263157894736,"std_dev":0.05954583420518313,"store_count":4,"price_range":0.21052631578947434,"range_pct":0.9}],"promotional_effectiveness":{"lift":{"fp_units_per_day":29.8,"disc_units_per_day":32.46,"lift_pct":8.9,"fp_avg_revenue_per_unit":68.875,"disc_avg_revenue_per_unit":48.6},"by_deal":[{"deal_name":"Industry - 30% Off","uses":1537,"revenue":103021.62399530411,"discounts":44290.87475538254,"units":4472.0,"cost":55413.999997610226,"margin":46.2,"discount_depth":60.2},{"deal_name":"Industry 30% Off","uses":958,"revenue":63359.624651670456,"discounts":27297.87490963936,"units":2734.0,"cost":32983.73749995837,"margin":47.9,"discount_depth":60.2},{"deal_name":"DogWalkers 2 for $40","uses":608,"revenue":64065.75000286102,"discounts":28770.50000190735,"units":2561.0,"cost":32012.69999999553,"margin":50.0,"discount_depth":62.0},{"deal_name":"Senior - 10% Off","uses":544,"revenue":53207.375214099884,"discounts":5963.875045180321,"units":1743.0,"cost":21797.199999997392,"margin":59.0,"discount_depth":20.2},{"deal_name":"50% Off - G2B","uses":378,"revenue":18349.93749856949,"discounts":18443.81250143051,"units":1066.0,"cost":13957.949999989942,"margin":23.9,"discount_depth":100.2},{"deal_name":"Veterans - 10% Off","uses":327,"revenue":24442.50013589859,"discounts":2738.7500327825546,"units":813.0,"cost":9794.237499989104,"margin":59.9,"discount_depth":20.2},{"deal_name":"Lit4Less - 1g IPR - 3 for $50","uses":240,"revenue":18033.91239643097,"discounts":3691.0874837636948,"units":869.0,"cost":8504.624999994412,"margin":52.8,"discount_depth":34.0},{"deal_name":"DogWalkers / virtue / ama 2 for $40","uses":216,"revenue":19969.125003814697,"discounts":8922.125000953674,"units":797.0,"cost":9801.87499998603,"margin":50.9,"discount_depth":61.8},{"deal_name":"Senior / Veterans - 20% Off","uses":206,"revenue":17230.87513923645,"discounts":4336.625034809113,"units":664.0,"cost":7719.024999993853,"margin":55.2,"discount_depth":40.2},{"deal_name":"4/20 2025 - Flower / Infused","uses":202,"revenue":10821.25,"discounts":10821.25,"units":574.0,"cost":8636.25,"margin":20.2,"discount_depth":100.0},{"deal_name":"DogWalkers 2 for $40  5pk PR","uses":137,"revenue":13990.0,"discounts":6310.0,"units":560.0,"cost":7118.75,"margin":49.1,"discount_depth":62.2},{"deal_name":"Jackpot - Locals 30% Off","uses":117,"revenue":6507.887444496155,"discounts":2805.8624863624573,"units":289.0,"cost":3300.9499999927357,"margin":49.3,"discount_depth":60.2},{"deal_name":"DogWalkers / Virtue /ama  2 for $40  5pk / 4pk PR","uses":92,"revenue":7980.0,"discounts":3620.0,"units":320.0,"cost":3675.374999991618,"margin":53.9,"discount_depth":62.4},{"deal_name":"DogWalkers / Virtue 2 for $40  5pk / 4pk PR","uses":88,"revenue":8465.825004577637,"discounts":3786.675000190735,"units":338.0,"cost":4512.5,"margin":46.7,"discount_depth":61.8},{"deal_name":"Infused DogWalkers 2 for $50","uses":70,"revenue":8920.0,"discounts":2162.5,"units":286.0,"cost":4826.25,"margin":45.9,"discount_depth":39.0},{"deal_name":"Employee 30% - NOT FRIDAYS","uses":69,"revenue":3668.1750082969666,"discounts":1601.8250036239624,"units":178.0,"cost":2061.2999999988824,"margin":43.8,"discount_depth":60.8},{"deal_name":"LVAC - 25% Off","uses":56,"revenue":3247.5,"discounts":1082.5,"units":132.0,"cost":1597.5,"margin":50.8,"discount_depth":50.0},{"deal_name":"4/20 50% Off!!!!","uses":49,"revenue":2425.0,"discounts":2425.0,"units":154.0,"cost":1857.5,"margin":23.4,"discount_depth":100.0},{"deal_name":"30% Off Special","uses":34,"revenue":1505.0,"discounts":645.0,"units":86.0,"cost":806.25,"margin":46.4,"discount_depth":60.0},{"deal_name":"Cannavative / Dogwalkers/ Doinks IPR 3pk 2 for $55","uses":34,"revenue":4193.75,"discounts":533.75,"units":122.0,"cost":2058.75,"margin":50.9,"discount_depth":22.6}]},"growth_opportunities":[{"type":"distribution","title":"Expand to Elevation Downtown","detail":"Store has $216,317 in INFUSED PACK, INFUSED PRE ROLL, PRE ROLL, PRE ROLL PACK \u2014 categories where DOGWALKERS competes.","priority":"high"},{"type":"sku_expansion","title":"Add 'STAY PRE ROLL - DOGWALKERS' to 4 more store(s)","detail":"Carried in 2 stores. Missing from: Elevation Mesa, Elevation Oasis, Elevation Midtown, Elevation Boulevard","priority":"medium"},{"type":"velocity","title":"Improve velocity in INFUSED PRE ROLL","detail":"Velocity index 54 (below category average). 6.9 units/day vs 12.8 avg.","priority":"medium"},{"type":"velocity","title":"Improve velocity in INFUSED PACK","detail":"Velocity index 40 (below category average). 5.3 units/day vs 13.1 avg.","priority":"medium"},{"type":"velocity","title":"Improve velocity in PRE ROLL","detail":"Velocity index 0 (below category average). 0.1 units/day vs 21.2 avg.","priority":"medium"}],"trend":[{"period":"2024-01","revenue":41481.6259765625,"cost":16825.0,"margin":59.4,"units":1346,"transactions":932,"profit":24656.6259765625,"revenue_change_pct":null,"units_change_pct":null,"margin_change_pts":null},{"period":"2024-02","revenue":54736.123046875,"cost":22100.0,"margin":59.6,"units":1768,"transactions":1272,"profit":32636.12548828125,"revenue_change_pct":32.0,"units_change_pct":31.4,"margin_change_pts":0.2},{"period":"2024-03","revenue":50749.248046875,"cost":19881.25,"margin":60.8,"units":1550,"transactions":1202,"profit":30868.00048828125,"revenue_change_pct":-7.3,"units_change_pct":-12.3,"margin_change_pts":1.2},{"period":"2024-04","revenue":57640.8740234375,"cost":24248.75,"margin":57.9,"units":1968,"transactions":1494,"profit":33392.1240234375,"revenue_change_pct":13.6,"units_change_pct":27.0,"margin_change_pts":-2.9},{"period":"2024-05","revenue":72117.7490234375,"cost":30057.80029296875,"margin":58.3,"units":2454,"transactions":1848,"profit":42059.951171875,"revenue_change_pct":25.1,"units_change_pct":24.7,"margin_change_pts":0.4},{"period":"2024-06","revenue":75580.2490234375,"cost":31364.67529296875,"margin":58.5,"units":2600,"transactions":1840,"profit":44215.576171875,"revenue_change_pct":4.8,"units_change_pct":5.9,"margin_change_pts":0.2},{"period":"2024-07","revenue":77361.7724609375,"cost":32961.25,"margin":57.4,"units":2660,"transactions":1858,"profit":44400.52734375,"revenue_change_pct":2.4,"units_change_pct":2.3,"margin_change_pts":-1.1},{"period":"2024-08","revenue":47743.0517578125,"cost":19268.75,"margin":59.6,"units":1546,"transactions":1210,"profit":28474.29931640625,"revenue_change_pct":-38.3,"units_change_pct":-41.9,"margin_change_pts":2.2},{"period":"2024-09","revenue":43293.75,"cost":18145.0,"margin":58.1,"units":1404,"transactions":1028,"profit":25148.75,"revenue_change_pct":-9.3,"units_change_pct":-9.2,"margin_change_pts":-1.6},{"period":"2024-10","revenue":47644.90234375,"cost":19624.1748046875,"margin":58.8,"units":1586,"transactions":1174,"profit":28020.72509765625,"revenue_change_pct":10.1,"units_change_pct":13.0,"margin_change_pts":0.7},{"period":"2024-11","revenue":78510.8740234375,"cost":35110.0,"margin":55.3,"units":2740,"transactions":1866,"profit":43400.8740234375,"revenue_change_pct":64.8,"units_change_pct":72.8,"margin_change_pts":-3.5},{"period":"2024-12","revenue":28696.0009765625,"cost":13038.75,"margin":54.6,"units":976,"transactions":726,"profit":15657.249755859375,"revenue_change_pct":-63.4,"units_change_pct":-64.4,"margin_change_pts":-0.7},{"period":"2025-01","revenue":29879.375,"cost":14065.0,"margin":52.9,"units":1076,"transactions":838,"profit":15814.375,"revenue_change_pct":4.1,"units_change_pct":10.2,"margin_change_pts":-1.6},{"period":"2025-02","revenue":60129.3505859375,"cost":26431.25,"margin":56.0,"units":2168,"transactions":1618,"profit":33698.1005859375,"revenue_change_pct":101.2,"units_change_pct":101.5,"margin_change_pts":3.1},{"period":"2025-03","revenue":42695.3759765625,"cost":17106.824951171875,"margin":59.9,"units":1382,"transactions":1080,"profit":25588.5498046875,"revenue_change_pct":-29.0,"units_change_pct":-36.3,"margin_change_pts":3.9},{"period":"2025-04","revenue":52141.4990234375,"cost":28090.07568359375,"margin":46.1,"units":1924,"transactions":1386,"profit":24051.42578125,"revenue_change_pct":22.1,"units_change_pct":39.2,"margin_change_pts":-13.8},{"period":"2025-05","revenue":66175.17578125,"cost":26806.69921875,"margin":59.5,"units":2294,"transactions":1614,"profit":39368.47412109375,"revenue_change_pct":26.9,"units_change_pct":19.2,"margin_change_pts":13.4},{"period":"2025-06","revenue":76616.4990234375,"cost":32794.5751953125,"margin":57.2,"units":2710,"transactions":1912,"profit":43821.923828125,"revenue_change_pct":15.8,"units_change_pct":18.1,"margin_change_pts":-2.3},{"period":"2025-07","revenue":53615.2978515625,"cost":21338.125,"margin":60.2,"units":1794,"transactions":1264,"profit":32277.17529296875,"revenue_change_pct":-30.0,"units_change_pct":-33.8,"margin_change_pts":3.0},{"period":"2025-08","revenue":36145.2490234375,"cost":15374.949951171875,"margin":57.5,"units":1236,"transactions":896,"profit":20770.30029296875,"revenue_change_pct":-32.6,"units_change_pct":-31.1,"margin_change_pts":-2.7},{"period":"2025-09","revenue":65886.5234375,"cost":28003.076171875,"margin":57.5,"units":2206,"transactions":1648,"profit":37883.44970703125,"revenue_change_pct":82.3,"units_change_pct":78.5,"margin_change_pts":0.0},{"period":"2025-10","revenue":35060.0,"cost":15402.950439453125,"margin":56.1,"units":1216,"transactions":944,"profit":19657.049560546875,"revenue_change_pct":-46.8,"units_change_pct":-44.9,"margin_change_pts":-1.4},{"period":"2025-11","revenue":73325.5517578125,"cost":37108.22509765625,"margin":49.4,"units":2962,"transactions":2194,"profit":36217.32421875,"revenue_change_pct":109.1,"units_change_pct":143.6,"margin_change_pts":-6.7},{"period":"2025-12","revenue":59362.451171875,"cost":23355.224609375,"margin":60.7,"units":1966,"transactions":1494,"profit":36007.22412109375,"revenue_change_pct":-19.0,"units_change_pct":-33.6,"margin_change_pts":11.3},{"period":"2026-01","revenue":26573.5498046875,"cost":11286.8994140625,"margin":57.5,"units":930,"transactions":690,"profit":15286.650390625,"revenue_change_pct":-55.2,"units_change_pct":-52.7,"margin_change_pts":-3.1}]}