{"brand":"DOGWALKERS","date_range":"2024-01-01 00:00:00 to 2026-01-31 00:00:00","period_label":"All Time","summary":{"total_units":46462,"total_revenue":1353162.1875,"total_cost":579789.296875,"total_discounts":230292.890625,"total_profit":773372.8125,"overall_margin":57.20000076293945,"fp_margin":63.400001525878906,"disc_margin":49.099998474121094,"pct_full_price":56.29999923706055,"avg_discount_rate":14.5,"fp_revenue":761410.0,"disc_revenue":591752.109375,"unique_customers":22002,"brand":"DOGWALKERS","date_range":"2024-01-01 00:00:00 to 2026-01-31 00:00:00","months_count":50,"avg_monthly_cost":23191.574999999997,"cost_per_unit":24.950000000000003,"primary_category":"PRE ROLL PACK","primary_cat_margin":54.5,"category_rank":1,"category_total":14,"margin_vs_category":2.700000047683716,"velocity_rank":1},"category_breakdown":[{"category_clean":"PRE ROLL PACK","units":27764,"revenue":866766.40625,"cost":340195.859375,"profit":526570.5078125,"discounts":140833.623046875,"margin":60.79999923706055,"category_avg_margin":54.5,"vs_category":6.3,"rank":1.0,"total_brands":14.0},{"category_clean":"INFUSED PACK","units":8060,"revenue":264415.01953125,"cost":137362.197265625,"profit":127052.822265625,"discounts":47909.9755859375,"margin":48.099998474121094,"category_avg_margin":47.70000076293945,"vs_category":0.4,"rank":6.0,"total_brands":12.0},{"category_clean":"INFUSED PRE ROLL","units":10496,"revenue":220278.22265625,"cost":102229.423828125,"profit":118048.798828125,"discounts":41476.77734375,"margin":53.599998474121094,"category_avg_margin":47.29999923706055,"vs_category":6.3,"rank":10.0,"total_brands":25.0},{"category_clean":"PRE ROLL","units":142,"revenue":1702.5,"cost":1.7749999463558197,"profit":1700.7249450683594,"discounts":72.5,"margin":99.9000015258789,"category_avg_margin":48.29999923706055,"vs_category":51.6,"rank":38.0,"total_brands":46.0}],"trend":[{"period":"2024-01","revenue":41481.6259765625,"cost":16825.0,"margin":59.4,"units":1346,"transactions":932,"profit":24656.6259765625,"revenue_change_pct":null,"units_change_pct":null,"margin_change_pts":null},{"period":"2024-02","revenue":54736.123046875,"cost":22100.0,"margin":59.6,"units":1768,"transactions":1272,"profit":32636.12548828125,"revenue_change_pct":32.0,"units_change_pct":31.4,"margin_change_pts":0.2},{"period":"2024-03","revenue":50749.248046875,"cost":19881.25,"margin":60.8,"units":1550,"transactions":1202,"profit":30868.00048828125,"revenue_change_pct":-7.3,"units_change_pct":-12.3,"margin_change_pts":1.2},{"period":"2024-04","revenue":57640.8740234375,"cost":24248.75,"margin":57.9,"units":1968,"transactions":1494,"profit":33392.1240234375,"revenue_change_pct":13.6,"units_change_pct":27.0,"margin_change_pts":-2.9},{"period":"2024-05","revenue":72117.7490234375,"cost":30057.80029296875,"margin":58.3,"units":2454,"transactions":1848,"profit":42059.951171875,"revenue_change_pct":25.1,"units_change_pct":24.7,"margin_change_pts":0.4},{"period":"2024-06","revenue":75580.2490234375,"cost":31364.67529296875,"margin":58.5,"units":2600,"transactions":1840,"profit":44215.576171875,"revenue_change_pct":4.8,"units_change_pct":5.9,"margin_change_pts":0.2},{"period":"2024-07","revenue":77361.7724609375,"cost":32961.25,"margin":57.4,"units":2660,"transactions":1858,"profit":44400.52734375,"revenue_change_pct":2.4,"units_change_pct":2.3,"margin_change_pts":-1.1},{"period":"2024-08","revenue":47743.0517578125,"cost":19268.75,"margin":59.6,"units":1546,"transactions":1210,"profit":28474.29931640625,"revenue_change_pct":-38.3,"units_change_pct":-41.9,"margin_change_pts":2.2},{"period":"2024-09","revenue":43293.75,"cost":18145.0,"margin":58.1,"units":1404,"transactions":1028,"profit":25148.75,"revenue_change_pct":-9.3,"units_change_pct":-9.2,"margin_change_pts":-1.6},{"period":"2024-10","revenue":47644.90234375,"cost":19624.1748046875,"margin":58.8,"units":1586,"transactions":1174,"profit":28020.72509765625,"revenue_change_pct":10.1,"units_change_pct":13.0,"margin_change_pts":0.7},{"period":"2024-11","revenue":78510.8740234375,"cost":35110.0,"margin":55.3,"units":2740,"transactions":1866,"profit":43400.8740234375,"revenue_change_pct":64.8,"units_change_pct":72.8,"margin_change_pts":-3.5},{"period":"2024-12","revenue":28696.0009765625,"cost":13038.75,"margin":54.6,"units":976,"transactions":726,"profit":15657.249755859375,"revenue_change_pct":-63.4,"units_change_pct":-64.4,"margin_change_pts":-0.7},{"period":"2025-01","revenue":29879.375,"cost":14065.0,"margin":52.9,"units":1076,"transactions":838,"profit":15814.375,"revenue_change_pct":4.1,"units_change_pct":10.2,"margin_change_pts":-1.6},{"period":"2025-02","revenue":60129.3505859375,"cost":26431.25,"margin":56.0,"units":2168,"transactions":1618,"profit":33698.1005859375,"revenue_change_pct":101.2,"units_change_pct":101.5,"margin_change_pts":3.1},{"period":"2025-03","revenue":42695.3759765625,"cost":17106.824951171875,"margin":59.9,"units":1382,"transactions":1080,"profit":25588.5498046875,"revenue_change_pct":-29.0,"units_change_pct":-36.3,"margin_change_pts":3.9},{"period":"2025-04","revenue":52141.4990234375,"cost":28090.07568359375,"margin":46.1,"units":1924,"transactions":1386,"profit":24051.42578125,"revenue_change_pct":22.1,"units_change_pct":39.2,"margin_change_pts":-13.8},{"period":"2025-05","revenue":66175.17578125,"cost":26806.69921875,"margin":59.5,"units":2294,"transactions":1614,"profit":39368.47412109375,"revenue_change_pct":26.9,"units_change_pct":19.2,"margin_change_pts":13.4},{"period":"2025-06","revenue":76616.4990234375,"cost":32794.5751953125,"margin":57.2,"units":2710,"transactions":1912,"profit":43821.923828125,"revenue_change_pct":15.8,"units_change_pct":18.1,"margin_change_pts":-2.3},{"period":"2025-07","revenue":53615.2978515625,"cost":21338.125,"margin":60.2,"units":1794,"transactions":1264,"profit":32277.17529296875,"revenue_change_pct":-30.0,"units_change_pct":-33.8,"margin_change_pts":3.0},{"period":"2025-08","revenue":36145.2490234375,"cost":15374.949951171875,"margin":57.5,"units":1236,"transactions":896,"profit":20770.30029296875,"revenue_change_pct":-32.6,"units_change_pct":-31.1,"margin_change_pts":-2.7},{"period":"2025-09","revenue":65886.5234375,"cost":28003.076171875,"margin":57.5,"units":2206,"transactions":1648,"profit":37883.44970703125,"revenue_change_pct":82.3,"units_change_pct":78.5,"margin_change_pts":0.0},{"period":"2025-10","revenue":35060.0,"cost":15402.950439453125,"margin":56.1,"units":1216,"transactions":944,"profit":19657.049560546875,"revenue_change_pct":-46.8,"units_change_pct":-44.9,"margin_change_pts":-1.4},{"period":"2025-11","revenue":73325.5517578125,"cost":37108.22509765625,"margin":49.4,"units":2962,"transactions":2194,"profit":36217.32421875,"revenue_change_pct":109.1,"units_change_pct":143.6,"margin_change_pts":-6.7},{"period":"2025-12","revenue":59362.451171875,"cost":23355.224609375,"margin":60.7,"units":1966,"transactions":1494,"profit":36007.22412109375,"revenue_change_pct":-19.0,"units_change_pct":-33.6,"margin_change_pts":11.3},{"period":"2026-01","revenue":26573.5498046875,"cost":11286.8994140625,"margin":57.5,"units":930,"transactions":690,"profit":15286.650390625,"revenue_change_pct":-55.2,"units_change_pct":-52.7,"margin_change_pts":-3.1}],"share_of_category":[{"category":"PRE ROLL PACK","brand_revenue":866766.40625,"category_revenue":3903863.75,"revenue_share_pct":22.200000762939453,"brand_units":27764,"category_units":123714,"units_share_pct":22.4},{"category":"INFUSED PACK","brand_revenue":264415.0390625,"category_revenue":8259010.0,"revenue_share_pct":3.200000047683716,"brand_units":8060,"category_units":240090,"units_share_pct":3.4},{"category":"INFUSED PRE ROLL","brand_revenue":220278.22265625,"category_revenue":10308101.25,"revenue_share_pct":2.0999999046325684,"brand_units":10496,"category_units":488074,"units_share_pct":2.2},{"category":"PRE ROLL","brand_revenue":1702.5,"category_revenue":14009791.25,"revenue_share_pct":0.0,"brand_units":142,"category_units":1485736,"units_share_pct":0.0}],"share_of_category_trend":{"PRE ROLL PACK":[{"period":"2024-01","brand_revenue":41481.6259765625,"category_revenue":169271.89453125,"share_pct":24.5},{"period":"2024-02","brand_revenue":54736.123046875,"category_revenue":174199.375,"share_pct":31.399999618530273},{"period":"2024-03","brand_revenue":50749.248046875,"category_revenue":187083.0078125,"share_pct":27.100000381469727},{"period":"2024-04","brand_revenue":44492.2509765625,"category_revenue":179617.6171875,"share_pct":24.799999237060547},{"period":"2024-05","brand_revenue":44444.7509765625,"category_revenue":198875.703125,"share_pct":22.299999237060547},{"period":"2024-06","brand_revenue":47406.6259765625,"category_revenue":182181.42578125,"share_pct":26.0},{"period":"2024-07","brand_revenue":49093.0224609375,"category_revenue":189754.43359375,"share_pct":25.899999618530273},{"period":"2024-08","brand_revenue":35063.04931640625,"category_revenue":163466.5234375,"share_pct":21.399999618530273},{"period":"2024-09","brand_revenue":37100.3759765625,"category_revenue":145157.197265625,"share_pct":25.600000381469727},{"period":"2024-10","brand_revenue":38847.77587890625,"category_revenue":143902.822265625,"share_pct":27.0},{"period":"2024-11","brand_revenue":56570.126953125,"category_revenue":169051.3671875,"share_pct":33.5},{"period":"2024-12","brand_revenue":20455.250244140625,"category_revenue":186738.92578125,"share_pct":11.0},{"period":"2025-01","brand_revenue":13786.12548828125,"category_revenue":222888.57421875,"share_pct":6.199999809265137},{"period":"2025-02","brand_revenue":30043.22509765625,"category_revenue":186213.06640625,"share_pct":16.100000381469727},{"period":"2025-03","brand_revenue":20165.250244140625,"category_revenue":195415.56640625,"share_pct":10.300000190734863},{"period":"2025-04","brand_revenue":27241.12548828125,"category_revenue":188683.2421875,"share_pct":14.399999618530273},{"period":"2025-05","brand_revenue":39139.67529296875,"category_revenue":231505.29296875,"share_pct":16.899999618530273},{"period":"2025-06","brand_revenue":43420.17578125,"category_revenue":169830.2734375,"share_pct":25.600000381469727},{"period":"2025-07","brand_revenue":25944.7509765625,"category_revenue":130345.849609375,"share_pct":19.899999618530273},{"period":"2025-08","brand_revenue":20478.00048828125,"category_revenue":108797.099609375,"share_pct":18.799999237060547},{"period":"2025-09","brand_revenue":36544.1259765625,"category_revenue":99689.677734375,"share_pct":36.70000076293945},{"period":"2025-10","brand_revenue":17469.67529296875,"category_revenue":67141.8505859375,"share_pct":26.0},{"period":"2025-11","brand_revenue":35582.3486328125,"category_revenue":80167.7978515625,"share_pct":44.400001525878906},{"period":"2025-12","brand_revenue":29954.05029296875,"category_revenue":71818.3740234375,"share_pct":41.70000076293945},{"period":"2026-01","brand_revenue":6557.6251220703125,"category_revenue":62066.826171875,"share_pct":10.600000381469727}],"INFUSED PACK":[{"period":"2024-01","brand_revenue":0.0,"category_revenue":204601.875,"share_pct":0.0},{"period":"2024-02","brand_revenue":0.0,"category_revenue":221156.7578125,"share_pct":0.0},{"period":"2024-03","brand_revenue":0.0,"category_revenue":257436.93359375,"share_pct":0.0},{"period":"2024-04","brand_revenue":5343.8751220703125,"category_revenue":301537.3046875,"share_pct":1.7999999523162842},{"period":"2024-05","brand_revenue":13320.50048828125,"category_revenue":301873.0078125,"share_pct":4.400000095367432},{"period":"2024-06","brand_revenue":13159.87548828125,"category_revenue":300488.6328125,"share_pct":4.400000095367432},{"period":"2024-07","brand_revenue":12446.25,"category_revenue":303570.80078125,"share_pct":4.099999904632568},{"period":"2024-08","brand_revenue":6732.5,"category_revenue":283995.625,"share_pct":2.4000000953674316},{"period":"2024-09","brand_revenue":5308.375244140625,"category_revenue":331664.1796875,"share_pct":1.600000023841858},{"period":"2024-10","brand_revenue":4817.6251220703125,"category_revenue":311486.1328125,"share_pct":1.5},{"period":"2024-11","brand_revenue":11380.74951171875,"category_revenue":306613.92578125,"share_pct":3.700000047683716},{"period":"2024-12","brand_revenue":6170.7501220703125,"category_revenue":298008.41796875,"share_pct":2.0999999046325684},{"period":"2025-01","brand_revenue":7125.7501220703125,"category_revenue":269244.765625,"share_pct":2.5999999046325684},{"period":"2025-02","brand_revenue":9359.124755859375,"category_revenue":309579.8046875,"share_pct":3.0},{"period":"2025-03","brand_revenue":13837.62451171875,"category_revenue":312908.80859375,"share_pct":4.400000095367432},{"period":"2025-04","brand_revenue":24640.3759765625,"category_revenue":389974.3359375,"share_pct":6.300000190734863},{"period":"2025-05","brand_revenue":13435.50048828125,"category_revenue":404824.9609375,"share_pct":3.299999952316284},{"period":"2025-06","brand_revenue":15910.574951171875,"category_revenue":383193.4765625,"share_pct":4.199999809265137},{"period":"2025-07","brand_revenue":18045.250244140625,"category_revenue":437456.640625,"share_pct":4.099999904632568},{"period":"2025-08","brand_revenue":8282.750244140625,"category_revenue":391817.578125,"share_pct":2.0999999046325684},{"period":"2025-09","brand_revenue":15518.499755859375,"category_revenue":367221.40625,"share_pct":4.199999809265137},{"period":"2025-10","brand_revenue":9718.499755859375,"category_revenue":423332.109375,"share_pct":2.299999952316284},{"period":"2025-11","brand_revenue":20409.45068359375,"category_revenue":395184.53125,"share_pct":5.199999809265137},{"period":"2025-12","brand_revenue":16968.699951171875,"category_revenue":387500.234375,"share_pct":4.400000095367432},{"period":"2026-01","brand_revenue":12482.425537109375,"category_revenue":364337.6171875,"share_pct":3.4000000953674316}],"INFUSED PRE ROLL":[{"period":"2024-01","brand_revenue":0.0,"category_revenue":410907.8515625,"share_pct":0.0},{"period":"2024-02","brand_revenue":0.0,"category_revenue":458711.484375,"share_pct":0.0},{"period":"2024-03","brand_revenue":0.0,"category_revenue":427464.375,"share_pct":0.0},{"period":"2024-04","brand_revenue":7804.749755859375,"category_revenue":428699.9609375,"share_pct":1.7999999523162842},{"period":"2024-05","brand_revenue":14352.5,"category_revenue":501098.3203125,"share_pct":2.9000000953674316},{"period":"2024-06","brand_revenue":15013.75,"category_revenue":477320.78125,"share_pct":3.0999999046325684},{"period":"2024-07","brand_revenue":15822.5,"category_revenue":479382.109375,"share_pct":3.299999952316284},{"period":"2024-08","brand_revenue":5947.5,"category_revenue":474359.1015625,"share_pct":1.2999999523162842},{"period":"2024-09","brand_revenue":885.0,"category_revenue":424280.1171875,"share_pct":0.20000000298023224},{"period":"2024-10","brand_revenue":3979.5001220703125,"category_revenue":470840.6640625,"share_pct":0.800000011920929},{"period":"2024-11","brand_revenue":10560.0,"category_revenue":424285.1171875,"share_pct":2.5},{"period":"2024-12","brand_revenue":2070.0,"category_revenue":432093.1640625,"share_pct":0.5},{"period":"2025-01","brand_revenue":8967.5,"category_revenue":358002.890625,"share_pct":2.5},{"period":"2025-02","brand_revenue":20726.99951171875,"category_revenue":325080.17578125,"share_pct":6.400000095367432},{"period":"2025-03","brand_revenue":8692.5,"category_revenue":347380.078125,"share_pct":2.5},{"period":"2025-04","brand_revenue":260.0,"category_revenue":401341.40625,"share_pct":0.10000000149011612},{"period":"2025-05","brand_revenue":13600.0,"category_revenue":378076.09375,"share_pct":3.5999999046325684},{"period":"2025-06","brand_revenue":17285.74951171875,"category_revenue":354019.6484375,"share_pct":4.900000095367432},{"period":"2025-07","brand_revenue":9625.30029296875,"category_revenue":416008.203125,"share_pct":2.299999952316284},{"period":"2025-08","brand_revenue":6759.5001220703125,"category_revenue":425283.28125,"share_pct":1.600000023841858},{"period":"2025-09","brand_revenue":13021.400146484375,"category_revenue":378313.75,"share_pct":3.4000000953674316},{"period":"2025-10","brand_revenue":7596.824951171875,"category_revenue":389168.3203125,"share_pct":2.0},{"period":"2025-11","brand_revenue":17333.75,"category_revenue":390541.3671875,"share_pct":4.400000095367432},{"period":"2025-12","brand_revenue":12439.69970703125,"category_revenue":392812.34375,"share_pct":3.200000047683716},{"period":"2026-01","brand_revenue":7533.499755859375,"category_revenue":342630.7421875,"share_pct":2.200000047683716}],"PRE ROLL":[{"period":"2024-01","brand_revenue":0.0,"category_revenue":508338.515625,"share_pct":0.0},{"period":"2024-02","brand_revenue":0.0,"category_revenue":489393.671875,"share_pct":0.0},{"period":"2024-03","brand_revenue":0.0,"category_revenue":520052.3828125,"share_pct":0.0},{"period":"2024-04","brand_revenue":0.0,"category_revenue":491300.6640625,"share_pct":0.0},{"period":"2024-05","brand_revenue":0.0,"category_revenue":542202.890625,"share_pct":0.0},{"period":"2024-06","brand_revenue":0.0,"category_revenue":507288.8671875,"share_pct":0.0},{"period":"2024-07","brand_revenue":0.0,"category_revenue":524250.9765625,"share_pct":0.0},{"period":"2024-08","brand_revenue":0.0,"category_revenue":612518.7109375,"share_pct":0.0},{"period":"2024-09","brand_revenue":0.0,"category_revenue":586543.0078125,"share_pct":0.0},{"period":"2024-10","brand_revenue":0.0,"category_revenue":641449.1796875,"share_pct":0.0},{"period":"2024-11","brand_revenue":0.0,"category_revenue":579866.71875,"share_pct":0.0},{"period":"2024-12","brand_revenue":0.0,"category_revenue":582999.5703125,"share_pct":0.0},{"period":"2025-01","brand_revenue":0.0,"category_revenue":544095.3125,"share_pct":0.0},{"period":"2025-02","brand_revenue":0.0,"category_revenue":500875.5859375,"share_pct":0.0},{"period":"2025-03","brand_revenue":0.0,"category_revenue":551422.0703125,"share_pct":0.0},{"period":"2025-04","brand_revenue":0.0,"category_revenue":568189.375,"share_pct":0.0},{"period":"2025-05","brand_revenue":0.0,"category_revenue":565516.875,"share_pct":0.0},{"period":"2025-06","brand_revenue":0.0,"category_revenue":560506.71875,"share_pct":0.0},{"period":"2025-07","brand_revenue":0.0,"category_revenue":600916.09375,"share_pct":0.0},{"period":"2025-08","brand_revenue":625.0,"category_revenue":620247.5,"share_pct":0.10000000149011612},{"period":"2025-09","brand_revenue":802.5,"category_revenue":608971.09375,"share_pct":0.10000000149011612},{"period":"2025-10","brand_revenue":275.0,"category_revenue":645293.1640625,"share_pct":0.0},{"period":"2025-11","brand_revenue":0.0,"category_revenue":581113.4765625,"share_pct":0.0},{"period":"2025-12","brand_revenue":0.0,"category_revenue":553088.5546875,"share_pct":0.0},{"period":"2026-01","brand_revenue":0.0,"category_revenue":523350.9375,"share_pct":0.0}]},"discount_depth":[{"tier":"0% (Full Price)","transactions":19998,"pct_of_transactions":51.4,"revenue":761410.0,"avg_discount":0.0},{"tier":"1-10%","transactions":2900,"pct_of_transactions":7.5,"revenue":114671.728515625,"avg_discount":20.0},{"tier":"11-20%","transactions":1774,"pct_of_transactions":4.6,"revenue":65609.1552734375,"avg_discount":36.20000076293945},{"tier":"21-30%","transactions":4508,"pct_of_transactions":11.6,"revenue":132828.90625,"avg_discount":58.20000076293945},{"tier":"31%+","transactions":5558,"pct_of_transactions":14.3,"revenue":161040.595703125,"avg_discount":77.0}],"velocity":{"units_per_day":60.98,"revenue_per_day":1775.8000183105469,"avg_units_per_txn":2.74,"days_of_data":762,"total_units":46462,"total_transactions":34028},"velocity_by_category":[{"category":"PRE ROLL PACK","brand_units_per_day":36.44,"category_avg_units_per_day":11.6,"velocity_index":314.2,"brand_rev_per_unit":24.98,"category_rev_per_unit":25.24,"brands_in_category":14},{"category":"INFUSED PRE ROLL","brand_units_per_day":13.78,"category_avg_units_per_day":25.62,"velocity_index":53.8,"brand_rev_per_unit":16.79,"category_rev_per_unit":16.9,"brands_in_category":25},{"category":"INFUSED PACK","brand_units_per_day":10.58,"category_avg_units_per_day":26.26,"velocity_index":40.3,"brand_rev_per_unit":26.24,"category_rev_per_unit":27.52,"brands_in_category":12},{"category":"PRE ROLL","brand_units_per_day":0.18,"category_avg_units_per_day":42.38,"velocity_index":0.4,"brand_rev_per_unit":9.59,"category_rev_per_unit":7.54,"brands_in_category":46}],"deals":[{"deal_name":"Industry - 30% Off","times_used":3074,"units":4472.0,"revenue":103021.62399530411,"discounts":44290.87475538254,"cost":55413.999997610226,"profit":47607.62527167797,"pre_discount_revenue":147312.5,"margin":46.2,"avg_discount":60.2},{"deal_name":"Industry 30% Off","times_used":1916,"units":2734.0,"revenue":63359.624651670456,"discounts":27297.87490963936,"cost":32983.73749995837,"profit":30375.88768184185,"pre_discount_revenue":90657.5,"margin":47.9,"avg_discount":60.2},{"deal_name":"DogWalkers 2 for $40","times_used":1216,"units":2561.0,"revenue":64065.75000286102,"discounts":28770.50000190735,"cost":32012.69999999553,"profit":32053.049993515015,"pre_discount_revenue":92836.25,"margin":50.0,"avg_discount":62.0},{"deal_name":"Senior - 10% Off","times_used":1088,"units":1743.0,"revenue":53207.375214099884,"discounts":5963.875045180321,"cost":21797.199999997392,"profit":31410.175139904022,"pre_discount_revenue":59171.25,"margin":59.0,"avg_discount":20.2},{"deal_name":"50% Off - G2B","times_used":756,"units":1066.0,"revenue":18349.93749856949,"discounts":18443.81250143051,"cost":13957.949999989942,"profit":4391.987494677305,"pre_discount_revenue":36793.75,"margin":23.9,"avg_discount":100.2},{"deal_name":"Veterans - 10% Off","times_used":654,"units":813.0,"revenue":24442.50013589859,"discounts":2738.7500327825546,"cost":9794.237499989104,"profit":14648.262622356415,"pre_discount_revenue":27181.25,"margin":59.9,"avg_discount":20.2},{"deal_name":"Lit4Less - 1g IPR - 3 for $50","times_used":480,"units":869.0,"revenue":18033.91239643097,"discounts":3691.0874837636948,"cost":8504.624999994412,"profit":9529.28734511137,"pre_discount_revenue":21725.0,"margin":52.8,"avg_discount":34.0},{"deal_name":"DogWalkers / virtue / ama 2 for $40","times_used":432,"units":797.0,"revenue":19969.125003814697,"discounts":8922.125000953674,"cost":9801.87499998603,"profit":10167.249984741211,"pre_discount_revenue":28891.25,"margin":50.9,"avg_discount":61.8},{"deal_name":"Senior / Veterans - 20% Off","times_used":412,"units":664.0,"revenue":17230.87513923645,"discounts":4336.625034809113,"cost":7719.024999993853,"profit":9511.849961280823,"pre_discount_revenue":21567.5,"margin":55.2,"avg_discount":40.2},{"deal_name":"4/20 2025 - Flower / Infused","times_used":404,"units":574.0,"revenue":10821.25,"discounts":10821.25,"cost":8636.25,"profit":2185.0,"pre_discount_revenue":21642.5,"margin":20.2,"avg_discount":100.0},{"deal_name":"DogWalkers 2 for $40  5pk PR","times_used":274,"units":560.0,"revenue":13990.0,"discounts":6310.0,"cost":7118.75,"profit":6871.25,"pre_discount_revenue":20300.0,"margin":49.1,"avg_discount":62.2},{"deal_name":"Jackpot - Locals 30% Off","times_used":234,"units":289.0,"revenue":6507.887444496155,"discounts":2805.8624863624573,"cost":3300.9499999927357,"profit":3206.9375306367874,"pre_discount_revenue":9313.75,"margin":49.3,"avg_discount":60.2},{"deal_name":"DogWalkers / Virtue /ama  2 for $40  5pk / 4pk PR","times_used":184,"units":320.0,"revenue":7980.0,"discounts":3620.0,"cost":3675.374999991618,"profit":4304.624991416931,"pre_discount_revenue":11600.0,"margin":53.9,"avg_discount":62.4},{"deal_name":"DogWalkers / Virtue 2 for $40  5pk / 4pk PR","times_used":176,"units":338.0,"revenue":8465.825004577637,"discounts":3786.675000190735,"cost":4512.5,"profit":3953.324999809265,"pre_discount_revenue":12252.5,"margin":46.7,"avg_discount":61.8},{"deal_name":"Infused DogWalkers 2 for $50","times_used":140,"units":286.0,"revenue":8920.0,"discounts":2162.5,"cost":4826.25,"profit":4093.75,"pre_discount_revenue":11082.5,"margin":45.9,"avg_discount":39.0},{"deal_name":"Employee 30% - NOT FRIDAYS","times_used":138,"units":178.0,"revenue":3668.1750082969666,"discounts":1601.8250036239624,"cost":2061.2999999988824,"profit":1606.8749994039536,"pre_discount_revenue":5270.0,"margin":43.8,"avg_discount":60.8},{"deal_name":"LVAC - 25% Off","times_used":112,"units":132.0,"revenue":3247.5,"discounts":1082.5,"cost":1597.5,"profit":1650.0,"pre_discount_revenue":4330.0,"margin":50.8,"avg_discount":50.0},{"deal_name":"4/20 50% Off!!!!","times_used":98,"units":154.0,"revenue":2425.0,"discounts":2425.0,"cost":1857.5,"profit":567.5,"pre_discount_revenue":4850.0,"margin":23.4,"avg_discount":100.0},{"deal_name":"30% Off Special","times_used":68,"units":86.0,"revenue":1505.0,"discounts":645.0,"cost":806.25,"profit":698.75,"pre_discount_revenue":2150.0,"margin":46.4,"avg_discount":60.0},{"deal_name":"Cannavative / Dogwalkers/ Doinks IPR 3pk 2 for $55","times_used":68,"units":122.0,"revenue":4193.75,"discounts":533.75,"cost":2058.75,"profit":2135.0,"pre_discount_revenue":4727.5,"margin":50.9,"avg_discount":22.6},{"deal_name":"Employee - 40% OFF","times_used":56,"units":74.0,"revenue":1286.9999980926514,"discounts":858.0000019073486,"cost":853.75,"profit":433.2500007748604,"pre_discount_revenue":2145.0,"margin":33.7,"avg_discount":80.0},{"deal_name":"Store Credit - $25","times_used":36,"units":51.0,"revenue":1047.0250022411346,"discounts":697.9749947786331,"cost":671.25,"profit":375.77500253915787,"pre_discount_revenue":1745.0,"margin":35.9,"avg_discount":80.0},{"deal_name":"Store Credit - $15","times_used":28,"units":29.0,"revenue":582.5750017166138,"discounts":373.6749994754791,"cost":362.5124999997206,"profit":220.0625003874302,"pre_discount_revenue":956.25,"margin":37.8,"avg_discount":78.2},{"deal_name":"Reno - Early Bird - Senior / Veterans - 20%","times_used":16,"units":20.0,"revenue":556.0000038146973,"discounts":139.00000095367432,"cost":263.75,"profit":292.2499990463257,"pre_discount_revenue":695.0,"margin":52.6,"avg_discount":40.0},{"deal_name":"Medical - 10%","times_used":10,"units":30.0,"revenue":1041.749997138977,"discounts":115.74999928474426,"cost":361.2749999994412,"profit":680.475001335144,"pre_discount_revenue":1157.5,"margin":65.3,"avg_discount":20.0},{"deal_name":"Sammy Davis Early Bird - 15% Off","times_used":6,"units":6.0,"revenue":189.12499904632568,"discounts":33.37499976158142,"cost":83.75,"profit":105.37499904632568,"pre_discount_revenue":222.5,"margin":55.7,"avg_discount":30.0},{"deal_name":"Store Credit - $50","times_used":6,"units":4.0,"revenue":40.012500286102295,"discounts":93.7374997138977,"cost":34.3874999997206,"profit":5.625000298023224,"pre_discount_revenue":133.75,"margin":14.1,"avg_discount":140.2},{"deal_name":"40% Off Special","times_used":6,"units":6.0,"revenue":279.0000057220459,"discounts":185.9999942779541,"cost":0.07499999832361937,"profit":278.9249897003174,"pre_discount_revenue":465.0,"margin":100.0,"avg_discount":80.0},{"deal_name":"Presidential / Karma / ROVE / Dogwalkers - 1g IPR 3 for $50","times_used":2,"units":2.0,"revenue":41.64999961853027,"discounts":8.349999785423279,"cost":33.75,"profit":7.900000214576721,"pre_discount_revenue":50.0,"margin":19.0,"avg_discount":33.4},{"deal_name":"Store Credit - $75","times_used":2,"units":2.0,"revenue":24.32499885559082,"discounts":53.17500114440918,"cost":33.75,"profit":-9.424999952316284,"pre_discount_revenue":77.5,"margin":-38.7,"avg_discount":137.2},{"deal_name":"Voucher - 35% Off One Item","times_used":2,"units":2.0,"revenue":47.125000953674316,"discounts":25.374999046325684,"cost":25.0,"profit":22.125000953674316,"pre_discount_revenue":72.5,"margin":46.9,"avg_discount":70.0}],"top_products":[{"product":"PLAY 5 PK PRE ROLL - DOGWALKERS","units":9588,"revenue":302520.44921875,"cost":121543.49609375,"profit":180976.953125,"transactions":8080,"margin":59.79999923706055},{"product":"STAY 5 PK PRE ROLL - DOGWALKERS","units":9264,"revenue":289021.0546875,"cost":115364.248046875,"profit":173656.796875,"transactions":7878,"margin":60.099998474121094},{"product":"SIT 5 PK PRE ROLL - DOGWALKERS","units":8884,"revenue":273550.87890625,"cost":103287.7734375,"profit":170263.10546875,"transactions":7428,"margin":62.20000076293945},{"product":"SIT INFUSED PRE ROLL 3 PK - DOGWALKERS","units":3576,"revenue":118028.5546875,"cost":60474.423828125,"profit":57554.1259765625,"transactions":3014,"margin":48.79999923706055},{"product":"SIT INFUSED PRE ROLL - DOGWALKERS","units":4640,"revenue":96821.904296875,"cost":44737.67578125,"profit":52084.2236328125,"transactions":3740,"margin":53.79999923706055},{"product":"PLAY INFUSED PRE ROLL 3 PK - DOGWALKERS","units":2804,"revenue":92437.001953125,"cost":47665.2734375,"profit":44771.7236328125,"transactions":2430,"margin":48.400001525878906},{"product":"PLAY INFUSED PRE ROLL - DOGWALKERS","units":3162,"revenue":67388.8232421875,"cost":31388.00048828125,"profit":36000.8251953125,"transactions":2552,"margin":53.400001525878906},{"product":"STAY INFUSED PRE ROLL - DOGWALKERS","units":2694,"revenue":56067.5,"cost":26103.75,"profit":29963.75,"transactions":2166,"margin":53.400001525878906},{"product":"STAY INFUSED PRE ROLL 3 PK - DOGWALKERS","units":1680,"revenue":53949.4775390625,"cost":29222.5,"profit":24726.97509765625,"transactions":1446,"margin":45.79999923706055},{"product":"SIT 12 PK PRE ROLL - DOGWALKERS","units":28,"revenue":1673.9999389648438,"cost":0.3500000014901161,"profit":1673.6500549316406,"transactions":26,"margin":100.0},{"product":"STAY PRE ROLL - DOGWALKERS","units":58,"revenue":700.0,"cost":0.7249999791383743,"profit":699.2749786376953,"transactions":54,"margin":99.9000015258789},{"product":"PLAY PRE ROLL - DOGWALKERS","units":42,"revenue":522.5,"cost":0.5249999836087227,"profit":521.974983215332,"transactions":32,"margin":99.9000015258789},{"product":"SIT PRE ROLL - DOGWALKERS","units":42,"revenue":480.0,"cost":0.5249999836087227,"profit":479.47498321533203,"transactions":34,"margin":99.9000015258789}],"products_by_store":{"Elevation Springs":[{"product":"STAY 5 PK PRE ROLL - DOGWALKERS","units":2454,"revenue":74822.548828125,"cost":29938.5498046875,"profit":44883.9990234375,"transactions":2020,"margin":60.0},{"product":"SIT 5 PK PRE ROLL - DOGWALKERS","units":2116,"revenue":63602.05078125,"cost":24914.3505859375,"profit":38687.7001953125,"transactions":1718,"margin":60.79999923706055},{"product":"PLAY 5 PK PRE ROLL - DOGWALKERS","units":2088,"revenue":62839.501953125,"cost":26568.75,"profit":36270.74951171875,"transactions":1776,"margin":57.70000076293945},{"product":"PLAY INFUSED PRE ROLL 3 PK - DOGWALKERS","units":704,"revenue":22619.951171875,"cost":11928.75,"profit":10691.199951171875,"transactions":592,"margin":47.29999923706055},{"product":"SIT INFUSED PRE ROLL 3 PK - DOGWALKERS","units":642,"revenue":20610.625,"cost":10852.5,"profit":9758.125,"transactions":550,"margin":47.29999923706055},{"product":"SIT INFUSED PRE ROLL - DOGWALKERS","units":922,"revenue":18587.149658203125,"cost":8956.25,"profit":9630.900268554688,"transactions":708,"margin":51.79999923706055},{"product":"PLAY INFUSED PRE ROLL - DOGWALKERS","units":784,"revenue":16785.350341796875,"cost":8031.7498779296875,"profit":8753.599853515625,"transactions":566,"margin":52.20000076293945},{"product":"STAY INFUSED PRE ROLL 3 PK - DOGWALKERS","units":490,"revenue":15850.10009765625,"cost":8332.5,"profit":7517.60009765625,"transactions":422,"margin":47.400001525878906},{"product":"STAY INFUSED PRE ROLL - DOGWALKERS","units":732,"revenue":14448.525390625,"cost":7193.75,"profit":7254.7747802734375,"transactions":536,"margin":50.20000076293945},{"product":"STAY PRE ROLL - DOGWALKERS","units":20,"revenue":240.0,"cost":0.2499999850988388,"profit":239.74998474121094,"transactions":18,"margin":99.9000015258789}],"Elevation Mesa":[{"product":"SIT 5 PK PRE ROLL - DOGWALKERS","units":1288,"revenue":37499.47509765625,"cost":14202.049560546875,"profit":23297.42431640625,"transactions":1118,"margin":62.099998474121094},{"product":"PLAY 5 PK PRE ROLL - DOGWALKERS","units":1234,"revenue":36566.59912109375,"cost":15425.0,"profit":21141.59912109375,"transactions":1038,"margin":57.79999923706055},{"product":"STAY 5 PK PRE ROLL - DOGWALKERS","units":924,"revenue":27261.25,"cost":11550.0,"profit":15711.25,"transactions":832,"margin":57.599998474121094},{"product":"SIT INFUSED PRE ROLL - DOGWALKERS","units":898,"revenue":18206.524658203125,"cost":8418.75,"profit":9787.775268554688,"transactions":764,"margin":53.79999923706055},{"product":"PLAY INFUSED PRE ROLL 3 PK - DOGWALKERS","units":490,"revenue":15580.875244140625,"cost":8268.75,"profit":7312.125244140625,"transactions":434,"margin":46.900001525878906},{"product":"SIT INFUSED PRE ROLL 3 PK - DOGWALKERS","units":446,"revenue":13686.99951171875,"cost":6709.425048828125,"profit":6977.5750732421875,"transactions":400,"margin":51.0},{"product":"PLAY INFUSED PRE ROLL - DOGWALKERS","units":602,"revenue":12343.475341796875,"cost":5943.75,"profit":6399.7247314453125,"transactions":522,"margin":51.79999923706055},{"product":"STAY INFUSED PRE ROLL - DOGWALKERS","units":546,"revenue":11247.099609375,"cost":5118.75,"profit":6128.3502197265625,"transactions":438,"margin":54.5},{"product":"STAY INFUSED PRE ROLL 3 PK - DOGWALKERS","units":196,"revenue":5769.8748779296875,"cost":3401.25,"profit":2368.625030517578,"transactions":166,"margin":41.099998474121094}],"Elevation Oasis":[{"product":"PLAY 5 PK PRE ROLL - DOGWALKERS","units":1420,"revenue":47403.251953125,"cost":17750.0,"profit":29653.24951171875,"transactions":1126,"margin":62.599998474121094},{"product":"STAY 5 PK PRE ROLL - DOGWALKERS","units":1266,"revenue":40035.30029296875,"cost":15200.625,"profit":24834.67529296875,"transactions":1052,"margin":62.0},{"product":"SIT 5 PK PRE ROLL - DOGWALKERS","units":1184,"revenue":37561.97509765625,"cost":12926.875,"profit":24635.10009765625,"transactions":978,"margin":65.5999984741211},{"product":"SIT INFUSED PRE ROLL - DOGWALKERS","units":838,"revenue":17894.5751953125,"cost":8150.0,"profit":9744.5751953125,"transactions":690,"margin":54.5},{"product":"PLAY INFUSED PRE ROLL 3 PK - DOGWALKERS","units":508,"revenue":17664.625244140625,"cost":8653.875122070312,"profit":9010.750122070312,"transactions":444,"margin":51.0},{"product":"SIT INFUSED PRE ROLL 3 PK - DOGWALKERS","units":496,"revenue":16009.05029296875,"cost":8620.0,"profit":7389.0496826171875,"transactions":354,"margin":46.20000076293945},{"product":"PLAY INFUSED PRE ROLL - DOGWALKERS","units":496,"revenue":10595.32470703125,"cost":4956.25,"profit":5639.07470703125,"transactions":406,"margin":53.20000076293945},{"product":"STAY INFUSED PRE ROLL - DOGWALKERS","units":294,"revenue":6632.3748779296875,"cost":2756.25,"profit":3876.1248779296875,"transactions":234,"margin":58.400001525878906},{"product":"STAY INFUSED PRE ROLL 3 PK - DOGWALKERS","units":200,"revenue":6520.94970703125,"cost":3625.0,"profit":2895.9500122070312,"transactions":172,"margin":44.400001525878906},{"product":"SIT 12 PK PRE ROLL - DOGWALKERS","units":28,"revenue":1673.9999389648438,"cost":0.3500000014901161,"profit":1673.6500549316406,"transactions":26,"margin":100.0},{"product":"SIT PRE ROLL - DOGWALKERS","units":42,"revenue":480.0,"cost":0.5249999836087227,"profit":479.47498321533203,"transactions":34,"margin":99.9000015258789}],"Elevation Midtown":[{"product":"PLAY 5 PK PRE ROLL - DOGWALKERS","units":1960,"revenue":63718.1982421875,"cost":25425.0,"profit":38293.20068359375,"transactions":1666,"margin":60.099998474121094},{"product":"STAY 5 PK PRE ROLL - DOGWALKERS","units":1936,"revenue":62964.5751953125,"cost":24512.5,"profit":38452.0751953125,"transactions":1708,"margin":61.099998474121094},{"product":"SIT 5 PK PRE ROLL - DOGWALKERS","units":1514,"revenue":49017.9736328125,"cost":18133.125,"profit":30884.85107421875,"transactions":1306,"margin":63.0},{"product":"SIT INFUSED PRE ROLL 3 PK - DOGWALKERS","units":704,"revenue":24792.7490234375,"cost":12360.0,"profit":12432.750244140625,"transactions":624,"margin":50.099998474121094},{"product":"SIT INFUSED PRE ROLL - DOGWALKERS","units":740,"revenue":16226.55029296875,"cost":7700.0,"profit":8526.55029296875,"transactions":606,"margin":52.5},{"product":"PLAY INFUSED PRE ROLL - DOGWALKERS","units":484,"revenue":10817.425537109375,"cost":4687.5,"profit":6129.9249267578125,"transactions":402,"margin":56.70000076293945},{"product":"PLAY INFUSED PRE ROLL 3 PK - DOGWALKERS","units":304,"revenue":10434.49951171875,"cost":5177.650146484375,"profit":5256.8499755859375,"transactions":274,"margin":50.400001525878906},{"product":"STAY INFUSED PRE ROLL 3 PK - DOGWALKERS","units":246,"revenue":8138.75,"cost":4401.25,"profit":3737.5,"transactions":216,"margin":45.900001525878906},{"product":"STAY INFUSED PRE ROLL - DOGWALKERS","units":344,"revenue":7464.89990234375,"cost":3381.25,"profit":4083.64990234375,"transactions":290,"margin":54.70000076293945}],"Elevation Boulevard":[{"product":"PLAY 5 PK PRE ROLL - DOGWALKERS","units":1194,"revenue":35481.55029296875,"cost":15363.75,"profit":20117.80029296875,"transactions":976,"margin":56.70000076293945},{"product":"SIT 5 PK PRE ROLL - DOGWALKERS","units":1122,"revenue":31192.77587890625,"cost":13706.875,"profit":17485.899658203125,"transactions":852,"margin":56.099998474121094},{"product":"STAY 5 PK PRE ROLL - DOGWALKERS","units":1084,"revenue":31184.6240234375,"cost":13850.074462890625,"profit":17334.549560546875,"transactions":810,"margin":55.599998474121094},{"product":"SIT INFUSED PRE ROLL 3 PK - DOGWALKERS","units":546,"revenue":17077.874755859375,"cost":9213.75,"profit":7864.124755859375,"transactions":450,"margin":46.0},{"product":"SIT INFUSED PRE ROLL - DOGWALKERS","units":664,"revenue":13310.999755859375,"cost":6093.9251708984375,"profit":7217.0751953125,"transactions":510,"margin":54.20000076293945},{"product":"PLAY INFUSED PRE ROLL 3 PK - DOGWALKERS","units":350,"revenue":10820.675048828125,"cost":5906.25,"profit":4914.425048828125,"transactions":296,"margin":45.400001525878906},{"product":"PLAY INFUSED PRE ROLL - DOGWALKERS","units":448,"revenue":8989.874877929688,"cost":4200.0,"profit":4789.8748779296875,"transactions":346,"margin":53.29999923706055},{"product":"STAY INFUSED PRE ROLL - DOGWALKERS","units":396,"revenue":7820.30029296875,"cost":4072.5,"profit":3747.7999877929688,"transactions":328,"margin":47.900001525878906},{"product":"STAY INFUSED PRE ROLL 3 PK - DOGWALKERS","units":250,"revenue":7410.1751708984375,"cost":4218.75,"profit":3191.4248657226562,"transactions":216,"margin":43.099998474121094}],"Elevation Parkway":[{"product":"PLAY 5 PK PRE ROLL - DOGWALKERS","units":1692,"revenue":56511.34765625,"cost":21011.0009765625,"profit":35500.34912109375,"transactions":1498,"margin":62.79999923706055},{"product":"SIT 5 PK PRE ROLL - DOGWALKERS","units":1660,"revenue":54676.6259765625,"cost":19404.49951171875,"profit":35272.1240234375,"transactions":1456,"margin":64.5},{"product":"STAY 5 PK PRE ROLL - DOGWALKERS","units":1600,"revenue":52752.7490234375,"cost":20312.5,"profit":32440.2490234375,"transactions":1456,"margin":61.5},{"product":"SIT INFUSED PRE ROLL 3 PK - DOGWALKERS","units":742,"revenue":25851.25,"cost":12718.75,"profit":13132.5,"transactions":636,"margin":50.79999923706055},{"product":"PLAY INFUSED PRE ROLL 3 PK - DOGWALKERS","units":448,"revenue":15316.37451171875,"cost":7730.0,"profit":7586.3751220703125,"transactions":390,"margin":49.5},{"product":"SIT INFUSED PRE ROLL - DOGWALKERS","units":578,"revenue":12596.099853515625,"cost":5418.75,"profit":7177.349853515625,"transactions":462,"margin":57.0},{"product":"STAY INFUSED PRE ROLL 3 PK - DOGWALKERS","units":298,"revenue":10259.625244140625,"cost":5243.75,"profit":5015.874938964844,"transactions":254,"margin":48.900001525878906},{"product":"STAY INFUSED PRE ROLL - DOGWALKERS","units":382,"revenue":8454.299926757812,"cost":3581.25,"profit":4873.0499267578125,"transactions":340,"margin":57.599998474121094},{"product":"PLAY INFUSED PRE ROLL - DOGWALKERS","units":348,"revenue":7857.3748779296875,"cost":3568.75,"profit":4288.6248779296875,"transactions":310,"margin":54.599998474121094},{"product":"PLAY PRE ROLL - DOGWALKERS","units":42,"revenue":522.5,"cost":0.5249999836087227,"profit":521.974983215332,"transactions":32,"margin":99.9000015258789},{"product":"STAY PRE ROLL - DOGWALKERS","units":38,"revenue":460.0,"cost":0.4749999940395355,"profit":459.5249938964844,"transactions":36,"margin":99.9000015258789}]},"store_summary":[{"store_clean":"Elevation Springs","units":10952,"revenue":310405.80078125,"cost":136717.40234375,"profit":173688.3984375,"discounts":63151.69921875,"margin":56.0,"discount_rate":16.899999618530273},{"store_clean":"Elevation Midtown","units":8232,"revenue":253575.625,"cost":105778.271484375,"profit":147797.353515625,"discounts":30244.375,"margin":58.29999923706055,"discount_rate":10.699999809265137},{"store_clean":"Elevation Parkway","units":7828,"revenue":245258.2421875,"cost":98990.25390625,"profit":146267.998046875,"discounts":25516.75048828125,"margin":59.599998474121094,"discount_rate":9.399999618530273},{"store_clean":"Elevation Oasis","units":6772,"revenue":202471.42578125,"cost":82639.74609375,"profit":119831.6796875,"discounts":27866.07421875,"margin":59.20000076293945,"discount_rate":12.100000381469727},{"store_clean":"Elevation Mesa","units":6624,"revenue":178162.16796875,"cost":79037.724609375,"profit":99124.453125,"discounts":41570.3271484375,"margin":55.599998474121094,"discount_rate":18.899999618530273},{"store_clean":"Elevation Boulevard","units":6054,"revenue":163288.84765625,"cost":76625.8740234375,"profit":86662.978515625,"discounts":41943.65234375,"margin":53.099998474121094,"discount_rate":20.399999618530273}],"recommendations":[{"severity":"info","title":"VOLUME LEVERAGE","detail":"$541,265 revenue provides negotiating leverage.","action":"Use volume as leverage in next vendor meeting."}],"comparison":null}