{"brand":"ME","date_range":"2024-01-01 00:00:00 to 2026-01-31 00:00:00","period_label":"All Time","summary":{"total_units":16808,"total_revenue":410540.9375,"total_cost":200728.75,"total_discounts":150021.54296875,"total_profit":209812.20703125,"overall_margin":51.099998474121094,"fp_margin":61.099998474121094,"disc_margin":46.0,"pct_full_price":34.0,"avg_discount_rate":26.799999237060547,"fp_revenue":139378.75,"disc_revenue":271162.1875,"brand":"ME","date_range":"2024-01-01 00:00:00 to 2026-01-31 00:00:00","primary_category":"FLOWER","store_coverage":"6/7","stores_present":["Elevation Springs","Elevation Mesa","Elevation Oasis","Elevation Midtown","Elevation Boulevard","Elevation Parkway"],"stores_missing":["Elevation Downtown"],"velocity_rank":32,"velocity_total":64},"distribution":[{"store":"Elevation Springs","carries_brand":true,"sku_count":22,"revenue":85142.59765625,"units":3354,"store_total_revenue":51138750.0,"brand_share_pct":0.20000000298023224},{"store":"Elevation Mesa","carries_brand":true,"sku_count":18,"revenue":81292.197265625,"units":3138,"store_total_revenue":47532240.0,"brand_share_pct":0.20000000298023224},{"store":"Elevation Oasis","carries_brand":true,"sku_count":26,"revenue":96120.4296875,"units":4046,"store_total_revenue":56050145.0,"brand_share_pct":0.20000000298023224},{"store":"Elevation Downtown","carries_brand":false,"sku_count":0,"revenue":0.0,"units":0,"store_total_revenue":1945237.1875,"brand_share_pct":0},{"store":"Elevation Midtown","carries_brand":true,"sku_count":22,"revenue":68682.59765625,"units":2576,"store_total_revenue":30850185.0,"brand_share_pct":0.20000000298023224},{"store":"Elevation Boulevard","carries_brand":true,"sku_count":18,"revenue":52507.0263671875,"units":2618,"store_total_revenue":28757865.0,"brand_share_pct":0.20000000298023224},{"store":"Elevation Parkway","carries_brand":true,"sku_count":10,"revenue":26796.0986328125,"units":1076,"store_total_revenue":21987007.5,"brand_share_pct":0.10000000149011612}],"share_of_category":[{"category":"FLOWER","brand_revenue":365467.0703125,"category_revenue":77755450.0,"revenue_share_pct":0.5,"brand_units":12220,"category_units":2708446,"units_share_pct":0.5},{"category":"PRE ROLL","brand_revenue":45073.876953125,"category_revenue":14009791.25,"revenue_share_pct":0.30000001192092896,"brand_units":4588,"category_units":1485736,"units_share_pct":0.3}],"share_of_category_trend":{"FLOWER":[{"period":"2024-01","brand_revenue":48606.796875,"category_revenue":3552357.8125,"share_pct":1.399999976158142},{"period":"2024-02","brand_revenue":5360.875244140625,"category_revenue":3535245.625,"share_pct":0.20000000298023224},{"period":"2024-03","brand_revenue":36712.275390625,"category_revenue":3693805.625,"share_pct":1.0},{"period":"2024-04","brand_revenue":60408.173828125,"category_revenue":3541899.6875,"share_pct":1.7000000476837158},{"period":"2024-05","brand_revenue":53042.7978515625,"category_revenue":3537479.375,"share_pct":1.5},{"period":"2024-06","brand_revenue":71725.849609375,"category_revenue":3403269.6875,"share_pct":2.0999999046325684},{"period":"2024-07","brand_revenue":5547.80029296875,"category_revenue":3457705.9375,"share_pct":0.20000000298023224},{"period":"2024-08","brand_revenue":0.0,"category_revenue":3453819.375,"share_pct":0.0},{"period":"2024-09","brand_revenue":50.0,"category_revenue":3316441.5625,"share_pct":0.0},{"period":"2024-10","brand_revenue":66834.248046875,"category_revenue":3585775.0,"share_pct":1.899999976158142},{"period":"2024-11","brand_revenue":8737.000122070312,"category_revenue":3454855.3125,"share_pct":0.30000001192092896},{"period":"2024-12","brand_revenue":3638.5000610351562,"category_revenue":3226567.8125,"share_pct":0.10000000149011612},{"period":"2025-01","brand_revenue":4802.749938964844,"category_revenue":2984938.125,"share_pct":0.20000000298023224},{"period":"2025-02","brand_revenue":0.0,"category_revenue":2816220.0,"share_pct":0.0},{"period":"2025-03","brand_revenue":0.0,"category_revenue":2911379.6875,"share_pct":0.0},{"period":"2025-04","brand_revenue":0.0,"category_revenue":3118895.3125,"share_pct":0.0},{"period":"2025-05","brand_revenue":0.0,"category_revenue":2887345.0,"share_pct":0.0},{"period":"2025-06","brand_revenue":0.0,"category_revenue":2773698.125,"share_pct":0.0},{"period":"2025-07","brand_revenue":0.0,"category_revenue":2782763.125,"share_pct":0.0},{"period":"2025-08","brand_revenue":0.0,"category_revenue":2733122.8125,"share_pct":0.0},{"period":"2025-09","brand_revenue":0.0,"category_revenue":2603501.5625,"share_pct":0.0},{"period":"2025-10","brand_revenue":0.0,"category_revenue":2663705.0,"share_pct":0.0},{"period":"2025-11","brand_revenue":0.0,"category_revenue":2700189.0625,"share_pct":0.0},{"period":"2025-12","brand_revenue":0.0,"category_revenue":2515209.53125,"share_pct":0.0},{"period":"2026-01","brand_revenue":0.0,"category_revenue":2505261.875,"share_pct":0.0}],"PRE ROLL":[{"period":"2024-01","brand_revenue":5137.5,"category_revenue":508338.515625,"share_pct":1.0},{"period":"2024-02","brand_revenue":4091.25,"category_revenue":489393.671875,"share_pct":0.800000011920929},{"period":"2024-03","brand_revenue":4623.75,"category_revenue":520052.3828125,"share_pct":0.8999999761581421},{"period":"2024-04","brand_revenue":6435.0,"category_revenue":491300.6640625,"share_pct":1.2999999523162842},{"period":"2024-05","brand_revenue":10790.849609375,"category_revenue":542202.890625,"share_pct":2.0},{"period":"2024-06","brand_revenue":6062.974853515625,"category_revenue":507288.8671875,"share_pct":1.2000000476837158},{"period":"2024-07","brand_revenue":7150.050048828125,"category_revenue":524250.9765625,"share_pct":1.399999976158142},{"period":"2024-08","brand_revenue":782.5,"category_revenue":612518.7109375,"share_pct":0.10000000149011612},{"period":"2024-09","brand_revenue":0.0,"category_revenue":586543.0078125,"share_pct":0.0},{"period":"2024-10","brand_revenue":0.0,"category_revenue":641449.1796875,"share_pct":0.0},{"period":"2024-11","brand_revenue":0.0,"category_revenue":579866.71875,"share_pct":0.0},{"period":"2024-12","brand_revenue":0.0,"category_revenue":582999.5703125,"share_pct":0.0},{"period":"2025-01","brand_revenue":0.0,"category_revenue":544095.3125,"share_pct":0.0},{"period":"2025-02","brand_revenue":0.0,"category_revenue":500875.5859375,"share_pct":0.0},{"period":"2025-03","brand_revenue":0.0,"category_revenue":551422.0703125,"share_pct":0.0},{"period":"2025-04","brand_revenue":0.0,"category_revenue":568189.375,"share_pct":0.0},{"period":"2025-05","brand_revenue":0.0,"category_revenue":565516.875,"share_pct":0.0},{"period":"2025-06","brand_revenue":0.0,"category_revenue":560506.71875,"share_pct":0.0},{"period":"2025-07","brand_revenue":0.0,"category_revenue":600916.09375,"share_pct":0.0},{"period":"2025-08","brand_revenue":0.0,"category_revenue":620247.5,"share_pct":0.0},{"period":"2025-09","brand_revenue":0.0,"category_revenue":608971.09375,"share_pct":0.0},{"period":"2025-10","brand_revenue":0.0,"category_revenue":645293.1640625,"share_pct":0.0},{"period":"2025-11","brand_revenue":0.0,"category_revenue":581113.4765625,"share_pct":0.0},{"period":"2025-12","brand_revenue":0.0,"category_revenue":553088.5546875,"share_pct":0.0},{"period":"2026-01","brand_revenue":0.0,"category_revenue":523350.9375,"share_pct":0.0}]},"velocity_by_category":[{"category":"FLOWER","brand_units_per_day":16.04,"category_avg_units_per_day":55.54,"velocity_index":28.9,"brand_rev_per_unit":23.93,"category_rev_per_unit":22.97,"brands_in_category":64},{"category":"PRE ROLL","brand_units_per_day":6.02,"category_avg_units_per_day":42.38,"velocity_index":14.2,"brand_rev_per_unit":7.86,"category_rev_per_unit":7.54,"brands_in_category":46}],"store_gaps":[{"store":"Elevation Downtown","category":"FLOWER","category_revenue_at_store":324929.8828125,"opportunity":"Brand not carried"},{"store":"Elevation Downtown","category":"PRE ROLL","category_revenue_at_store":196139.1015625,"opportunity":"Brand not carried"}],"product_mix":{"top":[{"product":"ORANGE BELTZ EIGHTH - ME","units":4832,"revenue":143300.37109375,"cost":71645.0,"profit":71655.3759765625,"stores":6,"transactions":3354,"margin":50.0},{"product":"MIMOSA PIE EIGHTH - ME","units":4114,"revenue":120551.15234375,"cost":61285.0,"profit":59266.15234375,"stores":6,"transactions":2964,"margin":49.20000076293945},{"product":"WIFI BARZ EIGHTH - ME","units":1200,"revenue":34965.94970703125,"cost":21000.0,"profit":13965.94970703125,"stores":6,"transactions":824,"margin":39.900001525878906},{"product":"HOT SPOT EIGHTH - ME","units":734,"revenue":25137.4755859375,"cost":12460.0,"profit":12677.4755859375,"stores":5,"transactions":560,"margin":50.400001525878906},{"product":"HEADBAND EIGHTH - ME","units":600,"revenue":18835.699462890625,"cost":9345.0,"profit":9490.700073242188,"stores":3,"transactions":416,"margin":50.400001525878906},{"product":"WIFI BARZ PRE ROLL - ME","units":1894,"revenue":17395.30029296875,"cost":5918.75,"profit":11476.55029296875,"stores":6,"transactions":1492,"margin":66.0},{"product":"SOURDOUGH EIGHTH - ME","units":366,"revenue":9252.000122070312,"cost":3202.5,"profit":6049.5001220703125,"stores":3,"transactions":244,"margin":65.4000015258789},{"product":"HEADBAND PRE ROLL - ME","units":890,"revenue":9149.69970703125,"cost":3337.5,"profit":5812.19970703125,"stores":4,"transactions":754,"margin":63.5},{"product":"WEDDING CAKE EIGHTH - ME","units":198,"revenue":7445.0,"cost":3465.0,"profit":3980.0,"stores":1,"transactions":142,"margin":53.5},{"product":"ORANGE BELTZ PRE ROLL - ME","units":640,"revenue":6865.10009765625,"cost":2400.0,"profit":4465.10009765625,"stores":6,"transactions":444,"margin":65.0},{"product":"PINEAPPLE CROWN EIGHTH - ME","units":176,"revenue":5979.425048828125,"cost":2355.0,"profit":3624.425048828125,"stores":2,"transactions":154,"margin":60.599998474121094},{"product":"MIMOSA PIE PRE ROLL - ME","units":572,"revenue":5713.75,"cost":2145.0,"profit":3568.75,"stores":3,"transactions":448,"margin":62.5},{"product":"LAVA CAKE PRE ROLL - ME","units":252,"revenue":2698.75,"cost":945.0,"profit":1753.75,"stores":4,"transactions":192,"margin":65.0},{"product":"PINEAPPLE CROWN PRE ROLL - ME","units":260,"revenue":2406.2750244140625,"cost":975.0,"profit":1431.2750244140625,"stores":2,"transactions":196,"margin":59.5},{"product":"HOT SPOT PRE ROLL - ME","units":80,"revenue":845.0,"cost":250.0,"profit":595.0,"stores":1,"transactions":68,"margin":70.4000015258789}],"bottom":[],"expansion":[{"product":"HOT SPOT EIGHTH - ME","current_stores":5,"total_stores":6,"missing_stores":["Elevation Parkway"],"revenue":25137.4755859375},{"product":"HEADBAND EIGHTH - ME","current_stores":3,"total_stores":6,"missing_stores":["Elevation Springs","Elevation Mesa","Elevation Parkway"],"revenue":18835.699462890625},{"product":"SOURDOUGH EIGHTH - ME","current_stores":3,"total_stores":6,"missing_stores":["Elevation Midtown","Elevation Boulevard","Elevation Parkway"],"revenue":9252.000122070312},{"product":"HEADBAND PRE ROLL - ME","current_stores":4,"total_stores":6,"missing_stores":["Elevation Mesa","Elevation Parkway"],"revenue":9149.69970703125},{"product":"PINEAPPLE CROWN EIGHTH - ME","current_stores":2,"total_stores":6,"missing_stores":["Elevation Springs","Elevation Oasis","Elevation Boulevard","Elevation Parkway"],"revenue":5979.425048828125},{"product":"MIMOSA PIE PRE ROLL - ME","current_stores":3,"total_stores":6,"missing_stores":["Elevation Springs","Elevation Mesa","Elevation Parkway"],"revenue":5713.75},{"product":"LAVA CAKE PRE ROLL - ME","current_stores":4,"total_stores":6,"missing_stores":["Elevation Boulevard","Elevation Parkway"],"revenue":2698.75},{"product":"PINEAPPLE CROWN PRE ROLL - ME","current_stores":2,"total_stores":6,"missing_stores":["Elevation Mesa","Elevation Midtown","Elevation Boulevard","Elevation Parkway"],"revenue":2406.2750244140625}]},"pricing_consistency":[{"product":"WIFI BARZ EIGHTH - ME","min_price":43.712863366580706,"max_price":70.74772921475497,"avg_price":58.252383728946775,"std_dev":4.009816495165614,"store_count":12,"price_range":27.034865848174263,"range_pct":46.4},{"product":"WIFI BARZ PRE ROLL - ME","min_price":13.589069615656406,"max_price":21.70620911873427,"avg_price":18.721847045711392,"std_dev":1.192378408082455,"store_count":12,"price_range":8.117139503077864,"range_pct":43.4},{"product":"ORANGE BELTZ PRE ROLL - ME","min_price":17.5,"max_price":24.642857142857146,"avg_price":21.247987639066043,"std_dev":1.1038733905991978,"store_count":12,"price_range":7.142857142857144,"range_pct":33.6},{"product":"HOT SPOT EIGHTH - ME","min_price":53.46590909090909,"max_price":70.71604410807292,"avg_price":66.10385727391099,"std_dev":2.8652979424744522,"store_count":10,"price_range":17.250135017163828,"range_pct":26.1},{"product":"HEADBAND EIGHTH - ME","min_price":53.98866653442383,"max_price":68.01500156947544,"avg_price":61.99193555270537,"std_dev":2.887917493953744,"store_count":6,"price_range":14.026335035051618,"range_pct":22.6},{"product":"ORANGE BELTZ EIGHTH - ME","min_price":52.27633643696326,"max_price":64.46753927064832,"avg_price":59.43974857680651,"std_dev":1.6759705955258337,"store_count":12,"price_range":12.191202833685049,"range_pct":20.5},{"product":"PINEAPPLE CROWN EIGHTH - ME","min_price":59.224137931034484,"max_price":72.23601777674789,"avg_price":65.73007785389117,"std_dev":3.6803153899554055,"store_count":4,"price_range":13.011879845713397,"range_pct":19.8},{"product":"MIMOSA PIE PRE ROLL - ME","min_price":18.21875,"max_price":22.231308411214954,"avg_price":20.851773856369896,"std_dev":0.9124545203027623,"store_count":6,"price_range":4.012558411214955,"range_pct":19.2},{"product":"HEADBAND PRE ROLL - ME","min_price":19.014974681253968,"max_price":22.95,"avg_price":21.2024093814792,"std_dev":0.7197189646478949,"store_count":8,"price_range":3.9350253187460327,"range_pct":18.6},{"product":"PINEAPPLE CROWN PRE ROLL - ME","min_price":17.633928571428573,"max_price":20.109239661175273,"avg_price":18.87158411630192,"std_dev":0.7001237028424621,"store_count":4,"price_range":2.475311089746701,"range_pct":13.1},{"product":"LAVA CAKE PRE ROLL - ME","min_price":20.22727272727273,"max_price":22.857142857142854,"avg_price":21.59982985764236,"std_dev":0.4421283460766178,"store_count":8,"price_range":2.6298701298701266,"range_pct":12.2},{"product":"MIMOSA PIE EIGHTH - ME","min_price":55.93192435599662,"max_price":62.820834205264134,"avg_price":58.839381668286784,"std_dev":1.0053554522951842,"store_count":12,"price_range":6.888909849267515,"range_pct":11.7},{"product":"SOURDOUGH EIGHTH - ME","min_price":50.357142857142854,"max_price":50.73469512316645,"avg_price":50.603946400337485,"std_dev":0.08554574859567417,"store_count":6,"price_range":0.3775522660235975,"range_pct":0.7}],"promotional_effectiveness":{"lift":{"fp_units_per_day":18.82,"disc_units_per_day":42.6,"lift_pct":126.3,"fp_avg_revenue_per_unit":61.974999999999994,"disc_avg_revenue_per_unit":44.050000000000004},"by_deal":[{"deal_name":"Industry - 30% Off","uses":873,"revenue":44283.824932575226,"discounts":19034.925066828728,"units":2022.0,"cost":23933.75,"margin":46.0,"discount_depth":60.2},{"deal_name":"Stock & Save - 1/4 for $40","uses":799,"revenue":69778.75,"discounts":41248.75,"units":2792.0,"cost":24447.5,"margin":65.0,"discount_depth":74.4},{"deal_name":"4/20 50% Off!!!!","uses":186,"revenue":9664.574999809265,"discounts":9591.675000190735,"units":568.0,"cost":7992.5,"margin":17.3,"discount_depth":99.6},{"deal_name":"ME + LAVI 1/4 BOGO","uses":160,"revenue":20924.974040985107,"discounts":20831.27601623535,"units":998.0,"cost":17465.0,"margin":16.5,"discount_depth":99.8},{"deal_name":"ME + LAVI 1/4 for $50","uses":137,"revenue":18875.0,"discounts":6681.25,"units":604.0,"cost":10570.0,"margin":44.0,"discount_depth":52.2},{"deal_name":"Senior - 10% Off","uses":122,"revenue":11092.5,"discounts":1232.5,"units":418.0,"cost":4878.75,"margin":56.0,"discount_depth":20.0},{"deal_name":"ME + Lavi BOGO 1/8th's","uses":84,"revenue":11703.574495315552,"discounts":11615.175523757935,"units":574.0,"cost":10045.0,"margin":14.2,"discount_depth":99.6},{"deal_name":"ME + LAVI 1/8th BOGO","uses":78,"revenue":8083.599624633789,"discounts":7910.150394439697,"units":380.0,"cost":6650.0,"margin":17.7,"discount_depth":99.0},{"deal_name":"Veterans - 10% Off","uses":59,"revenue":4620.749998092651,"discounts":521.7500001192093,"units":162.0,"cost":2056.25,"margin":55.5,"discount_depth":20.2},{"deal_name":"Jackpot - Locals 30% Off","uses":55,"revenue":3225.9999990463257,"discounts":1454.0000009536743,"units":188.0,"cost":1802.5,"margin":44.1,"discount_depth":62.2},{"deal_name":"Senior / Veterans - 20% Off","uses":55,"revenue":4674.000000953674,"discounts":1168.5000002384186,"units":198.0,"cost":2323.75,"margin":50.3,"discount_depth":40.0},{"deal_name":"ME & LAVI & Kush Co 1/4 for $50","uses":42,"revenue":5187.5,"discounts":2481.25,"units":168.0,"cost":2940.0,"margin":43.3,"discount_depth":64.8},{"deal_name":"Stock & Save - PR - 5 for $30","uses":41,"revenue":790.0,"discounts":510.0,"units":104.0,"cost":341.25,"margin":56.8,"discount_depth":78.4},{"deal_name":"ME & LAVI & Kush Co 1/4 for $45","uses":32,"revenue":3231.25,"discounts":1500.0,"units":114.0,"cost":1995.0,"margin":38.3,"discount_depth":63.4},{"deal_name":"$45 Mix N Match Quarters","uses":11,"revenue":731.25,"discounts":450.0,"units":26.0,"cost":455.0,"margin":37.8,"discount_depth":76.2},{"deal_name":"30% Off Special","uses":10,"revenue":488.2499933242798,"discounts":209.25000667572021,"units":32.0,"cost":190.0,"margin":61.1,"discount_depth":60.0},{"deal_name":"LVAC - 25% Off","uses":8,"revenue":233.4250020980835,"discounts":77.8250002861023,"units":16.0,"cost":97.5,"margin":58.2,"discount_depth":50.0},{"deal_name":"ME + LAVI 1/4 for $45","uses":7,"revenue":675.0,"discounts":450.0,"units":24.0,"cost":420.0,"margin":37.8,"discount_depth":80.0},{"deal_name":"Employee - 40% OFF","uses":6,"revenue":327.00000762939453,"discounts":218.00000190734863,"units":14.0,"cost":122.5,"margin":62.5,"discount_depth":80.0},{"deal_name":"ME - $50 Quarters","uses":5,"revenue":625.0,"discounts":187.5,"units":20.0,"cost":350.0,"margin":44.0,"discount_depth":46.2}]},"growth_opportunities":[{"type":"distribution","title":"Expand to Elevation Downtown","detail":"Store has $208,428 in FLOWER, PRE ROLL \u2014 categories where ME competes.","priority":"high"},{"type":"sku_expansion","title":"Add 'HEADBAND EIGHTH - ME' to 3 more store(s)","detail":"Carried in 3 stores. Missing from: Elevation Springs, Elevation Mesa, Elevation Parkway","priority":"medium"},{"type":"sku_expansion","title":"Add 'HEADBAND PRE ROLL - ME' to 2 more store(s)","detail":"Carried in 4 stores. Missing from: Elevation Mesa, Elevation Parkway","priority":"medium"},{"type":"sku_expansion","title":"Add 'HOT SPOT EIGHTH - ME' to 1 more store(s)","detail":"Carried in 5 stores. Missing from: Elevation Parkway","priority":"medium"},{"type":"sku_expansion","title":"Add 'LAVA CAKE PRE ROLL - ME' to 2 more store(s)","detail":"Carried in 4 stores. Missing from: Elevation Boulevard, Elevation Parkway","priority":"medium"},{"type":"sku_expansion","title":"Add 'MIMOSA PIE PRE ROLL - ME' to 3 more store(s)","detail":"Carried in 3 stores. Missing from: Elevation Springs, Elevation Mesa, Elevation Parkway","priority":"medium"},{"type":"velocity","title":"Improve velocity in FLOWER","detail":"Velocity index 29 (below category average). 8.0 units/day vs 27.8 avg.","priority":"medium"},{"type":"velocity","title":"Improve velocity in PRE ROLL","detail":"Velocity index 14 (below category average). 3.0 units/day vs 21.2 avg.","priority":"medium"}],"trend":[{"period":"2024-01","revenue":53744.296875,"cost":32007.5,"margin":40.4,"units":2192,"transactions":1246,"profit":21736.79931640625,"revenue_change_pct":null,"units_change_pct":null,"margin_change_pts":null},{"period":"2024-02","revenue":9452.125244140625,"cost":4457.5,"margin":52.8,"units":558,"transactions":354,"profit":4994.624938964844,"revenue_change_pct":-82.4,"units_change_pct":-74.5,"margin_change_pts":12.4},{"period":"2024-03","revenue":41336.025390625,"cost":21485.0,"margin":48.0,"units":1564,"transactions":1112,"profit":19851.025390625,"revenue_change_pct":337.3,"units_change_pct":180.3,"margin_change_pts":-4.8},{"period":"2024-04","revenue":66843.173828125,"cost":35591.25,"margin":46.8,"units":2596,"transactions":1850,"profit":31251.923828125,"revenue_change_pct":61.7,"units_change_pct":66.0,"margin_change_pts":-1.3},{"period":"2024-05","revenue":63833.6474609375,"cost":34746.25,"margin":45.6,"units":2970,"transactions":2054,"profit":29087.39990234375,"revenue_change_pct":-4.5,"units_change_pct":14.4,"margin_change_pts":-1.2},{"period":"2024-06","revenue":77788.8232421875,"cost":38255.0,"margin":50.8,"units":2636,"transactions":1928,"profit":39533.82568359375,"revenue_change_pct":21.9,"units_change_pct":-11.2,"margin_change_pts":5.3},{"period":"2024-07","revenue":12697.850341796875,"cost":5475.0,"margin":56.9,"units":950,"transactions":760,"profit":7222.8497314453125,"revenue_change_pct":-83.7,"units_change_pct":-64.0,"margin_change_pts":6.1},{"period":"2024-08","revenue":782.5,"cost":308.75,"margin":60.5,"units":98,"transactions":74,"profit":473.75,"revenue_change_pct":-93.8,"units_change_pct":-89.7,"margin_change_pts":3.7},{"period":"2024-09","revenue":50.0,"cost":35.0,"margin":30.0,"units":2,"transactions":2,"profit":15.0,"revenue_change_pct":-93.6,"units_change_pct":-98.0,"margin_change_pts":-30.5},{"period":"2024-10","revenue":66834.248046875,"cost":22960.0,"margin":65.6,"units":2624,"transactions":1534,"profit":43874.248046875,"revenue_change_pct":133568.5,"units_change_pct":131100.0,"margin_change_pts":35.6},{"period":"2024-11","revenue":8737.000122070312,"cost":2975.0,"margin":65.9,"units":340,"transactions":260,"profit":5762.0001220703125,"revenue_change_pct":-86.9,"units_change_pct":-87.0,"margin_change_pts":0.3},{"period":"2024-12","revenue":3638.5000610351562,"cost":1015.0,"margin":72.1,"units":116,"transactions":106,"profit":2623.5000610351562,"revenue_change_pct":-58.4,"units_change_pct":-65.9,"margin_change_pts":6.2},{"period":"2025-01","revenue":4802.749938964844,"cost":1417.5,"margin":70.5,"units":162,"transactions":128,"profit":3385.2499389648438,"revenue_change_pct":32.0,"units_change_pct":39.7,"margin_change_pts":-1.6}]}