{"brand":"ME","date_range":"2024-01-01 00:00:00 to 2026-01-31 00:00:00","period_label":"All Time","summary":{"total_units":16808,"total_revenue":410540.9375,"total_cost":200728.75,"total_discounts":150021.54296875,"total_profit":209812.20703125,"overall_margin":51.099998474121094,"fp_margin":61.099998474121094,"disc_margin":46.0,"pct_full_price":34.0,"avg_discount_rate":26.799999237060547,"fp_revenue":139378.75,"disc_revenue":271162.1875,"unique_customers":9052,"brand":"ME","date_range":"2024-01-01 00:00:00 to 2026-01-31 00:00:00","months_count":26,"avg_monthly_cost":15440.675000000001,"cost_per_unit":23.875,"primary_category":"FLOWER","primary_cat_margin":54.099998474121094,"category_rank":34,"category_total":64,"margin_vs_category":-3.0,"velocity_rank":32},"category_breakdown":[{"category_clean":"FLOWER","units":12220,"revenue":365467.0703125,"cost":184757.5,"profit":180709.5703125,"discounts":137810.4296875,"margin":49.400001525878906,"category_avg_margin":54.099998474121094,"vs_category":-4.7,"rank":34.0,"total_brands":64.0},{"category_clean":"PRE ROLL","units":4588,"revenue":45073.876953125,"cost":15971.25,"profit":29102.62451171875,"discounts":12211.12548828125,"margin":64.5999984741211,"category_avg_margin":48.29999923706055,"vs_category":16.3,"rank":26.0,"total_brands":46.0}],"trend":[{"period":"2024-01","revenue":53744.296875,"cost":32007.5,"margin":40.4,"units":2192,"transactions":1246,"profit":21736.79931640625,"revenue_change_pct":null,"units_change_pct":null,"margin_change_pts":null},{"period":"2024-02","revenue":9452.125244140625,"cost":4457.5,"margin":52.8,"units":558,"transactions":354,"profit":4994.624938964844,"revenue_change_pct":-82.4,"units_change_pct":-74.5,"margin_change_pts":12.4},{"period":"2024-03","revenue":41336.025390625,"cost":21485.0,"margin":48.0,"units":1564,"transactions":1112,"profit":19851.025390625,"revenue_change_pct":337.3,"units_change_pct":180.3,"margin_change_pts":-4.8},{"period":"2024-04","revenue":66843.173828125,"cost":35591.25,"margin":46.8,"units":2596,"transactions":1850,"profit":31251.923828125,"revenue_change_pct":61.7,"units_change_pct":66.0,"margin_change_pts":-1.3},{"period":"2024-05","revenue":63833.6474609375,"cost":34746.25,"margin":45.6,"units":2970,"transactions":2054,"profit":29087.39990234375,"revenue_change_pct":-4.5,"units_change_pct":14.4,"margin_change_pts":-1.2},{"period":"2024-06","revenue":77788.8232421875,"cost":38255.0,"margin":50.8,"units":2636,"transactions":1928,"profit":39533.82568359375,"revenue_change_pct":21.9,"units_change_pct":-11.2,"margin_change_pts":5.3},{"period":"2024-07","revenue":12697.850341796875,"cost":5475.0,"margin":56.9,"units":950,"transactions":760,"profit":7222.8497314453125,"revenue_change_pct":-83.7,"units_change_pct":-64.0,"margin_change_pts":6.1},{"period":"2024-08","revenue":782.5,"cost":308.75,"margin":60.5,"units":98,"transactions":74,"profit":473.75,"revenue_change_pct":-93.8,"units_change_pct":-89.7,"margin_change_pts":3.7},{"period":"2024-09","revenue":50.0,"cost":35.0,"margin":30.0,"units":2,"transactions":2,"profit":15.0,"revenue_change_pct":-93.6,"units_change_pct":-98.0,"margin_change_pts":-30.5},{"period":"2024-10","revenue":66834.248046875,"cost":22960.0,"margin":65.6,"units":2624,"transactions":1534,"profit":43874.248046875,"revenue_change_pct":133568.5,"units_change_pct":131100.0,"margin_change_pts":35.6},{"period":"2024-11","revenue":8737.000122070312,"cost":2975.0,"margin":65.9,"units":340,"transactions":260,"profit":5762.0001220703125,"revenue_change_pct":-86.9,"units_change_pct":-87.0,"margin_change_pts":0.3},{"period":"2024-12","revenue":3638.5000610351562,"cost":1015.0,"margin":72.1,"units":116,"transactions":106,"profit":2623.5000610351562,"revenue_change_pct":-58.4,"units_change_pct":-65.9,"margin_change_pts":6.2},{"period":"2025-01","revenue":4802.749938964844,"cost":1417.5,"margin":70.5,"units":162,"transactions":128,"profit":3385.2499389648438,"revenue_change_pct":32.0,"units_change_pct":39.7,"margin_change_pts":-1.6}],"share_of_category":[{"category":"FLOWER","brand_revenue":365467.0703125,"category_revenue":77755450.0,"revenue_share_pct":0.5,"brand_units":12220,"category_units":2708446,"units_share_pct":0.5},{"category":"PRE ROLL","brand_revenue":45073.876953125,"category_revenue":14009791.25,"revenue_share_pct":0.30000001192092896,"brand_units":4588,"category_units":1485736,"units_share_pct":0.3}],"share_of_category_trend":{"FLOWER":[{"period":"2024-01","brand_revenue":48606.796875,"category_revenue":3552357.8125,"share_pct":1.399999976158142},{"period":"2024-02","brand_revenue":5360.875244140625,"category_revenue":3535245.625,"share_pct":0.20000000298023224},{"period":"2024-03","brand_revenue":36712.275390625,"category_revenue":3693805.625,"share_pct":1.0},{"period":"2024-04","brand_revenue":60408.173828125,"category_revenue":3541899.6875,"share_pct":1.7000000476837158},{"period":"2024-05","brand_revenue":53042.7978515625,"category_revenue":3537479.375,"share_pct":1.5},{"period":"2024-06","brand_revenue":71725.849609375,"category_revenue":3403269.6875,"share_pct":2.0999999046325684},{"period":"2024-07","brand_revenue":5547.80029296875,"category_revenue":3457705.9375,"share_pct":0.20000000298023224},{"period":"2024-08","brand_revenue":0.0,"category_revenue":3453819.375,"share_pct":0.0},{"period":"2024-09","brand_revenue":50.0,"category_revenue":3316441.5625,"share_pct":0.0},{"period":"2024-10","brand_revenue":66834.248046875,"category_revenue":3585775.0,"share_pct":1.899999976158142},{"period":"2024-11","brand_revenue":8737.000122070312,"category_revenue":3454855.3125,"share_pct":0.30000001192092896},{"period":"2024-12","brand_revenue":3638.5000610351562,"category_revenue":3226567.8125,"share_pct":0.10000000149011612},{"period":"2025-01","brand_revenue":4802.749938964844,"category_revenue":2984938.125,"share_pct":0.20000000298023224},{"period":"2025-02","brand_revenue":0.0,"category_revenue":2816220.0,"share_pct":0.0},{"period":"2025-03","brand_revenue":0.0,"category_revenue":2911379.6875,"share_pct":0.0},{"period":"2025-04","brand_revenue":0.0,"category_revenue":3118895.3125,"share_pct":0.0},{"period":"2025-05","brand_revenue":0.0,"category_revenue":2887345.0,"share_pct":0.0},{"period":"2025-06","brand_revenue":0.0,"category_revenue":2773698.125,"share_pct":0.0},{"period":"2025-07","brand_revenue":0.0,"category_revenue":2782763.125,"share_pct":0.0},{"period":"2025-08","brand_revenue":0.0,"category_revenue":2733122.8125,"share_pct":0.0},{"period":"2025-09","brand_revenue":0.0,"category_revenue":2603501.5625,"share_pct":0.0},{"period":"2025-10","brand_revenue":0.0,"category_revenue":2663705.0,"share_pct":0.0},{"period":"2025-11","brand_revenue":0.0,"category_revenue":2700189.0625,"share_pct":0.0},{"period":"2025-12","brand_revenue":0.0,"category_revenue":2515209.53125,"share_pct":0.0},{"period":"2026-01","brand_revenue":0.0,"category_revenue":2505261.875,"share_pct":0.0}],"PRE ROLL":[{"period":"2024-01","brand_revenue":5137.5,"category_revenue":508338.515625,"share_pct":1.0},{"period":"2024-02","brand_revenue":4091.25,"category_revenue":489393.671875,"share_pct":0.800000011920929},{"period":"2024-03","brand_revenue":4623.75,"category_revenue":520052.3828125,"share_pct":0.8999999761581421},{"period":"2024-04","brand_revenue":6435.0,"category_revenue":491300.6640625,"share_pct":1.2999999523162842},{"period":"2024-05","brand_revenue":10790.849609375,"category_revenue":542202.890625,"share_pct":2.0},{"period":"2024-06","brand_revenue":6062.974853515625,"category_revenue":507288.8671875,"share_pct":1.2000000476837158},{"period":"2024-07","brand_revenue":7150.050048828125,"category_revenue":524250.9765625,"share_pct":1.399999976158142},{"period":"2024-08","brand_revenue":782.5,"category_revenue":612518.7109375,"share_pct":0.10000000149011612},{"period":"2024-09","brand_revenue":0.0,"category_revenue":586543.0078125,"share_pct":0.0},{"period":"2024-10","brand_revenue":0.0,"category_revenue":641449.1796875,"share_pct":0.0},{"period":"2024-11","brand_revenue":0.0,"category_revenue":579866.71875,"share_pct":0.0},{"period":"2024-12","brand_revenue":0.0,"category_revenue":582999.5703125,"share_pct":0.0},{"period":"2025-01","brand_revenue":0.0,"category_revenue":544095.3125,"share_pct":0.0},{"period":"2025-02","brand_revenue":0.0,"category_revenue":500875.5859375,"share_pct":0.0},{"period":"2025-03","brand_revenue":0.0,"category_revenue":551422.0703125,"share_pct":0.0},{"period":"2025-04","brand_revenue":0.0,"category_revenue":568189.375,"share_pct":0.0},{"period":"2025-05","brand_revenue":0.0,"category_revenue":565516.875,"share_pct":0.0},{"period":"2025-06","brand_revenue":0.0,"category_revenue":560506.71875,"share_pct":0.0},{"period":"2025-07","brand_revenue":0.0,"category_revenue":600916.09375,"share_pct":0.0},{"period":"2025-08","brand_revenue":0.0,"category_revenue":620247.5,"share_pct":0.0},{"period":"2025-09","brand_revenue":0.0,"category_revenue":608971.09375,"share_pct":0.0},{"period":"2025-10","brand_revenue":0.0,"category_revenue":645293.1640625,"share_pct":0.0},{"period":"2025-11","brand_revenue":0.0,"category_revenue":581113.4765625,"share_pct":0.0},{"period":"2025-12","brand_revenue":0.0,"category_revenue":553088.5546875,"share_pct":0.0},{"period":"2026-01","brand_revenue":0.0,"category_revenue":523350.9375,"share_pct":0.0}]},"discount_depth":[{"tier":"0% (Full Price)","transactions":3924,"pct_of_transactions":32.0,"revenue":139378.75,"avg_discount":0.0},{"tier":"1-10%","transactions":620,"pct_of_transactions":5.1,"revenue":26462.9736328125,"avg_discount":19.600000381469727},{"tier":"11-20%","transactions":404,"pct_of_transactions":3.3,"revenue":14527.19970703125,"avg_discount":39.20000076293945},{"tier":"21-30%","transactions":468,"pct_of_transactions":3.8,"revenue":20548.7744140625,"avg_discount":48.0},{"tier":"31%+","transactions":4390,"pct_of_transactions":35.8,"revenue":147576.123046875,"avg_discount":84.80000305175781}],"velocity":{"units_per_day":43.78,"revenue_per_day":1069.124984741211,"avg_units_per_txn":2.94,"days_of_data":384,"total_units":16808,"total_transactions":11408},"velocity_by_category":[{"category":"FLOWER","brand_units_per_day":16.04,"category_avg_units_per_day":55.54,"velocity_index":28.9,"brand_rev_per_unit":23.93,"category_rev_per_unit":22.97,"brands_in_category":64},{"category":"PRE ROLL","brand_units_per_day":6.02,"category_avg_units_per_day":42.38,"velocity_index":14.2,"brand_rev_per_unit":7.86,"category_rev_per_unit":7.54,"brands_in_category":46}],"deals":[{"deal_name":"Industry - 30% Off","times_used":1746,"units":2022.0,"revenue":44283.824932575226,"discounts":19034.925066828728,"cost":23933.75,"profit":20350.074933171272,"pre_discount_revenue":63318.75,"margin":46.0,"avg_discount":60.2},{"deal_name":"Stock & Save - 1/4 for $40","times_used":1598,"units":2792.0,"revenue":69778.75,"discounts":41248.75,"cost":24447.5,"profit":45331.25,"pre_discount_revenue":111027.5,"margin":65.0,"avg_discount":74.4},{"deal_name":"4/20 50% Off!!!!","times_used":372,"units":568.0,"revenue":9664.574999809265,"discounts":9591.675000190735,"cost":7992.5,"profit":1672.0749999582767,"pre_discount_revenue":19256.25,"margin":17.3,"avg_discount":99.6},{"deal_name":"ME + LAVI 1/4 BOGO","times_used":320,"units":998.0,"revenue":20924.974040985107,"discounts":20831.27601623535,"cost":17465.0,"profit":3459.9751377105713,"pre_discount_revenue":41756.25,"margin":16.5,"avg_discount":99.8},{"deal_name":"ME + LAVI 1/4 for $50","times_used":274,"units":604.0,"revenue":18875.0,"discounts":6681.25,"cost":10570.0,"profit":8305.0,"pre_discount_revenue":25556.25,"margin":44.0,"avg_discount":52.2},{"deal_name":"Senior - 10% Off","times_used":244,"units":418.0,"revenue":11092.5,"discounts":1232.5,"cost":4878.75,"profit":6213.75,"pre_discount_revenue":12325.0,"margin":56.0,"avg_discount":20.0},{"deal_name":"ME + Lavi BOGO 1/8th's","times_used":168,"units":574.0,"revenue":11703.574495315552,"discounts":11615.175523757935,"cost":10045.0,"profit":1658.5750722885132,"pre_discount_revenue":23318.75,"margin":14.2,"avg_discount":99.6},{"deal_name":"ME + LAVI 1/8th BOGO","times_used":156,"units":380.0,"revenue":8083.599624633789,"discounts":7910.150394439697,"cost":6650.0,"profit":1433.6000537872314,"pre_discount_revenue":15993.75,"margin":17.7,"avg_discount":99.0},{"deal_name":"Veterans - 10% Off","times_used":118,"units":162.0,"revenue":4620.749998092651,"discounts":521.7500001192093,"cost":2056.25,"profit":2564.4999980926514,"pre_discount_revenue":5142.5,"margin":55.5,"avg_discount":20.2},{"deal_name":"Jackpot - Locals 30% Off","times_used":110,"units":188.0,"revenue":3225.9999990463257,"discounts":1454.0000009536743,"cost":1802.5,"profit":1423.4999990463257,"pre_discount_revenue":4680.0,"margin":44.1,"avg_discount":62.2},{"deal_name":"Senior / Veterans - 20% Off","times_used":110,"units":198.0,"revenue":4674.000000953674,"discounts":1168.5000002384186,"cost":2323.75,"profit":2350.2500009536743,"pre_discount_revenue":5842.5,"margin":50.3,"avg_discount":40.0},{"deal_name":"ME & LAVI & Kush Co 1/4 for $50","times_used":84,"units":168.0,"revenue":5187.5,"discounts":2481.25,"cost":2940.0,"profit":2247.5,"pre_discount_revenue":7668.75,"margin":43.3,"avg_discount":64.8},{"deal_name":"Stock & Save - PR - 5 for $30","times_used":82,"units":104.0,"revenue":790.0,"discounts":510.0,"cost":341.25,"profit":448.75,"pre_discount_revenue":1300.0,"margin":56.8,"avg_discount":78.4},{"deal_name":"ME & LAVI & Kush Co 1/4 for $45","times_used":64,"units":114.0,"revenue":3231.25,"discounts":1500.0,"cost":1995.0,"profit":1236.25,"pre_discount_revenue":4731.25,"margin":38.3,"avg_discount":63.4},{"deal_name":"$45 Mix N Match Quarters","times_used":22,"units":26.0,"revenue":731.25,"discounts":450.0,"cost":455.0,"profit":276.25,"pre_discount_revenue":1181.25,"margin":37.8,"avg_discount":76.2},{"deal_name":"30% Off Special","times_used":20,"units":32.0,"revenue":488.2499933242798,"discounts":209.25000667572021,"cost":190.0,"profit":298.2499933242798,"pre_discount_revenue":697.5,"margin":61.1,"avg_discount":60.0},{"deal_name":"LVAC - 25% Off","times_used":16,"units":16.0,"revenue":233.4250020980835,"discounts":77.8250002861023,"cost":97.5,"profit":135.9249997138977,"pre_discount_revenue":311.25,"margin":58.2,"avg_discount":50.0},{"deal_name":"ME + LAVI 1/4 for $45","times_used":14,"units":24.0,"revenue":675.0,"discounts":450.0,"cost":420.0,"profit":255.0,"pre_discount_revenue":1125.0,"margin":37.8,"avg_discount":80.0},{"deal_name":"Employee - 40% OFF","times_used":12,"units":14.0,"revenue":327.00000762939453,"discounts":218.00000190734863,"cost":122.5,"profit":204.49999809265137,"pre_discount_revenue":545.0,"margin":62.5,"avg_discount":80.0},{"deal_name":"ME - $50 Quarters","times_used":10,"units":20.0,"revenue":625.0,"discounts":187.5,"cost":350.0,"profit":275.0,"pre_discount_revenue":812.5,"margin":44.0,"avg_discount":46.2},{"deal_name":"Employee 30% - NOT FRIDAYS","times_used":6,"units":6.0,"revenue":160.99999904632568,"discounts":69.00000095367432,"cost":52.5,"profit":108.49999904632568,"pre_discount_revenue":230.0,"margin":67.4,"avg_discount":60.0}],"top_products":[{"product":"ORANGE BELTZ EIGHTH - ME","units":4832,"revenue":143300.37109375,"cost":71645.0,"profit":71655.3759765625,"transactions":3354,"margin":50.0},{"product":"MIMOSA PIE EIGHTH - ME","units":4114,"revenue":120551.15234375,"cost":61285.0,"profit":59266.15234375,"transactions":2964,"margin":49.20000076293945},{"product":"WIFI BARZ EIGHTH - ME","units":1200,"revenue":34965.94970703125,"cost":21000.0,"profit":13965.94970703125,"transactions":824,"margin":39.900001525878906},{"product":"HOT SPOT EIGHTH - ME","units":734,"revenue":25137.4755859375,"cost":12460.0,"profit":12677.4755859375,"transactions":560,"margin":50.400001525878906},{"product":"HEADBAND EIGHTH - ME","units":600,"revenue":18835.699462890625,"cost":9345.0,"profit":9490.700073242188,"transactions":416,"margin":50.400001525878906},{"product":"WIFI BARZ PRE ROLL - ME","units":1894,"revenue":17395.30029296875,"cost":5918.75,"profit":11476.55029296875,"transactions":1492,"margin":66.0},{"product":"SOURDOUGH EIGHTH - ME","units":366,"revenue":9252.000122070312,"cost":3202.5,"profit":6049.5001220703125,"transactions":244,"margin":65.4000015258789},{"product":"HEADBAND PRE ROLL - ME","units":890,"revenue":9149.69970703125,"cost":3337.5,"profit":5812.19970703125,"transactions":754,"margin":63.5},{"product":"WEDDING CAKE EIGHTH - ME","units":198,"revenue":7445.0,"cost":3465.0,"profit":3980.0,"transactions":142,"margin":53.5},{"product":"ORANGE BELTZ PRE ROLL - ME","units":640,"revenue":6865.10009765625,"cost":2400.0,"profit":4465.10009765625,"transactions":444,"margin":65.0},{"product":"PINEAPPLE CROWN EIGHTH - ME","units":176,"revenue":5979.425048828125,"cost":2355.0,"profit":3624.425048828125,"transactions":154,"margin":60.599998474121094},{"product":"MIMOSA PIE PRE ROLL - ME","units":572,"revenue":5713.75,"cost":2145.0,"profit":3568.75,"transactions":448,"margin":62.5},{"product":"LAVA CAKE PRE ROLL - ME","units":252,"revenue":2698.75,"cost":945.0,"profit":1753.75,"transactions":192,"margin":65.0},{"product":"PINEAPPLE CROWN PRE ROLL - ME","units":260,"revenue":2406.2750244140625,"cost":975.0,"profit":1431.2750244140625,"transactions":196,"margin":59.5},{"product":"HOT SPOT PRE ROLL - ME","units":80,"revenue":845.0,"cost":250.0,"profit":595.0,"transactions":68,"margin":70.4000015258789}],"products_by_store":{"Elevation Springs":[{"product":"ORANGE BELTZ EIGHTH - ME","units":1126,"revenue":36295.224609375,"cost":15837.5,"profit":20457.724609375,"transactions":864,"margin":56.400001525878906},{"product":"MIMOSA PIE EIGHTH - ME","units":888,"revenue":24833.7744140625,"cost":13002.5,"profit":11831.2744140625,"transactions":654,"margin":47.599998474121094},{"product":"WIFI BARZ EIGHTH - ME","units":262,"revenue":8375.700073242188,"cost":4585.0,"profit":3790.7000732421875,"transactions":192,"margin":45.29999923706055},{"product":"HOT SPOT EIGHTH - ME","units":150,"revenue":5224.375,"cost":2625.0,"profit":2599.375,"transactions":132,"margin":49.79999923706055},{"product":"WIFI BARZ PRE ROLL - ME","units":310,"revenue":2647.5,"cost":968.75,"profit":1678.75,"transactions":268,"margin":63.400001525878906},{"product":"SOURDOUGH EIGHTH - ME","units":98,"revenue":2486.0000610351562,"cost":857.5,"profit":1628.5000610351562,"transactions":82,"margin":65.5},{"product":"HEADBAND PRE ROLL - ME","units":198,"revenue":2027.5,"cost":742.5,"profit":1285.0,"transactions":166,"margin":63.400001525878906},{"product":"PINEAPPLE CROWN PRE ROLL - ME","units":92,"revenue":925.0250244140625,"cost":345.0,"profit":580.0249862670898,"transactions":78,"margin":62.70000076293945},{"product":"HOT SPOT PRE ROLL - ME","units":80,"revenue":845.0,"cost":250.0,"profit":595.0,"transactions":68,"margin":70.4000015258789},{"product":"ORANGE BELTZ PRE ROLL - ME","units":84,"revenue":815.0,"cost":315.0,"profit":500.0,"transactions":46,"margin":61.29999923706055},{"product":"LAVA CAKE PRE ROLL - ME","units":66,"revenue":667.5,"cost":247.5,"profit":420.0,"transactions":62,"margin":62.900001525878906}],"Elevation Mesa":[{"product":"ORANGE BELTZ EIGHTH - ME","units":1086,"revenue":32876.99951171875,"cost":16362.5,"profit":16514.49951171875,"transactions":848,"margin":50.20000076293945},{"product":"MIMOSA PIE EIGHTH - ME","units":738,"revenue":21053.9990234375,"cost":9520.0,"profit":11534.000244140625,"transactions":562,"margin":54.79999923706055},{"product":"WIFI BARZ EIGHTH - ME","units":388,"revenue":12006.8994140625,"cost":6790.0,"profit":5216.9000244140625,"transactions":302,"margin":43.400001525878906},{"product":"HOT SPOT EIGHTH - ME","units":150,"revenue":5057.799987792969,"cost":2625.0,"profit":2432.7999877929688,"transactions":120,"margin":48.099998474121094},{"product":"WIFI BARZ PRE ROLL - ME","units":396,"revenue":3755.4998779296875,"cost":1237.5,"profit":2518.000030517578,"transactions":264,"margin":67.0},{"product":"SOURDOUGH EIGHTH - ME","units":100,"revenue":2536.0000610351562,"cost":875.0,"profit":1661.0000610351562,"transactions":72,"margin":65.5},{"product":"PINEAPPLE CROWN EIGHTH - ME","units":58,"revenue":1717.5,"cost":290.0,"profit":1427.5,"transactions":54,"margin":83.0999984741211},{"product":"ORANGE BELTZ PRE ROLL - ME","units":144,"revenue":1455.0,"cost":540.0,"profit":915.0,"transactions":114,"margin":62.900001525878906},{"product":"LAVA CAKE PRE ROLL - ME","units":78,"revenue":832.5,"cost":292.5,"profit":540.0,"transactions":58,"margin":64.9000015258789}],"Elevation Oasis":[{"product":"ORANGE BELTZ EIGHTH - ME","units":1048,"revenue":27392.80029296875,"cost":16152.5,"profit":11240.30029296875,"transactions":466,"margin":41.0},{"product":"MIMOSA PIE EIGHTH - ME","units":840,"revenue":25133.75,"cost":12092.5,"profit":13041.25,"transactions":428,"margin":51.900001525878906},{"product":"HEADBAND EIGHTH - ME","units":332,"revenue":10619.375,"cost":4655.0,"profit":5964.375,"transactions":200,"margin":56.20000076293945},{"product":"WEDDING CAKE EIGHTH - ME","units":198,"revenue":7445.0,"cost":3465.0,"profit":3980.0,"transactions":142,"margin":53.5},{"product":"HOT SPOT EIGHTH - ME","units":150,"revenue":5193.125,"cost":2625.0,"profit":2568.125,"transactions":76,"margin":49.5},{"product":"WIFI BARZ EIGHTH - ME","units":206,"revenue":4502.4249267578125,"cost":3605.0,"profit":897.4250030517578,"transactions":80,"margin":19.899999618530273},{"product":"SOURDOUGH EIGHTH - ME","units":168,"revenue":4230.0,"cost":1470.0,"profit":2760.0,"transactions":90,"margin":65.19999694824219},{"product":"ORANGE BELTZ PRE ROLL - ME","units":294,"revenue":3187.60009765625,"cost":1102.5,"profit":2085.10009765625,"transactions":182,"margin":65.4000015258789},{"product":"MIMOSA PIE PRE ROLL - ME","units":214,"revenue":2378.75,"cost":802.5,"profit":1576.25,"transactions":138,"margin":66.30000305175781},{"product":"WIFI BARZ PRE ROLL - ME","units":200,"revenue":2022.5999450683594,"cost":625.0,"profit":1397.5999450683594,"transactions":130,"margin":69.0999984741211},{"product":"HEADBAND PRE ROLL - ME","units":148,"revenue":1655.0,"cost":555.0,"profit":1100.0,"transactions":120,"margin":66.5},{"product":"PINEAPPLE CROWN PRE ROLL - ME","units":168,"revenue":1481.25,"cost":630.0,"profit":851.25,"transactions":118,"margin":57.5},{"product":"LAVA CAKE PRE ROLL - ME","units":80,"revenue":878.75,"cost":300.0,"profit":578.75,"transactions":46,"margin":65.9000015258789}],"Elevation Midtown":[{"product":"MIMOSA PIE EIGHTH - ME","units":672,"revenue":21107.80029296875,"cost":10745.0,"profit":10362.80029296875,"transactions":544,"margin":49.099998474121094},{"product":"ORANGE BELTZ EIGHTH - ME","units":682,"revenue":20329.024658203125,"cost":9747.5,"profit":10581.524658203125,"transactions":524,"margin":52.099998474121094},{"product":"HOT SPOT EIGHTH - ME","units":240,"revenue":8485.92529296875,"cost":4200.0,"profit":4285.924987792969,"transactions":192,"margin":50.5},{"product":"HEADBAND EIGHTH - ME","units":140,"revenue":4761.050109863281,"cost":2450.0,"profit":2311.0499572753906,"transactions":112,"margin":48.5},{"product":"PINEAPPLE CROWN EIGHTH - ME","units":118,"revenue":4261.925048828125,"cost":2065.0,"profit":2196.925048828125,"transactions":100,"margin":51.5},{"product":"WIFI BARZ EIGHTH - ME","units":132,"revenue":3234.375,"cost":2310.0,"profit":924.375,"transactions":80,"margin":28.600000381469727},{"product":"WIFI BARZ PRE ROLL - ME","units":292,"revenue":3031.25,"cost":912.5,"profit":2118.75,"transactions":250,"margin":69.9000015258789},{"product":"HEADBAND PRE ROLL - ME","units":150,"revenue":1721.25,"cost":562.5,"profit":1158.75,"transactions":134,"margin":67.30000305175781},{"product":"ORANGE BELTZ PRE ROLL - ME","units":84,"revenue":1010.0,"cost":315.0,"profit":695.0,"transactions":76,"margin":68.80000305175781},{"product":"MIMOSA PIE PRE ROLL - ME","units":38,"revenue":420.0,"cost":142.5,"profit":277.5,"transactions":34,"margin":66.0999984741211},{"product":"LAVA CAKE PRE ROLL - ME","units":28,"revenue":320.0,"cost":105.0,"profit":215.0,"transactions":26,"margin":67.19999694824219}],"Elevation Boulevard":[{"product":"MIMOSA PIE EIGHTH - ME","units":666,"revenue":19133.00048828125,"cost":10780.0,"profit":8352.999877929688,"transactions":546,"margin":43.70000076293945},{"product":"ORANGE BELTZ EIGHTH - ME","units":552,"revenue":15919.425048828125,"cost":8785.0,"profit":7134.425048828125,"transactions":406,"margin":44.79999923706055},{"product":"HEADBAND PRE ROLL - ME","units":394,"revenue":3745.9500122070312,"cost":1477.5,"profit":2268.4500122070312,"transactions":334,"margin":60.599998474121094},{"product":"HEADBAND EIGHTH - ME","units":128,"revenue":3455.2749633789062,"cost":2240.0,"profit":1215.2750396728516,"transactions":104,"margin":35.20000076293945},{"product":"WIFI BARZ EIGHTH - ME","units":88,"revenue":3112.9000854492188,"cost":1540.0,"profit":1572.8999328613281,"transactions":70,"margin":50.5},{"product":"MIMOSA PIE PRE ROLL - ME","units":320,"revenue":2915.0,"cost":1200.0,"profit":1715.0,"transactions":276,"margin":58.79999923706055},{"product":"WIFI BARZ PRE ROLL - ME","units":398,"revenue":2704.224853515625,"cost":1243.75,"profit":1460.4750061035156,"transactions":326,"margin":54.0},{"product":"HOT SPOT EIGHTH - ME","units":44,"revenue":1176.25,"cost":385.0,"profit":791.25,"transactions":40,"margin":67.30000305175781},{"product":"ORANGE BELTZ PRE ROLL - ME","units":28,"revenue":345.0,"cost":105.0,"profit":240.0,"transactions":22,"margin":69.5999984741211}],"Elevation Parkway":[{"product":"ORANGE BELTZ EIGHTH - ME","units":338,"revenue":10486.8994140625,"cost":4760.0,"profit":5726.9000244140625,"transactions":246,"margin":54.599998474121094},{"product":"MIMOSA PIE EIGHTH - ME","units":310,"revenue":9288.825073242188,"cost":5145.0,"profit":4143.8250732421875,"transactions":230,"margin":44.599998474121094},{"product":"WIFI BARZ EIGHTH - ME","units":124,"revenue":3733.64990234375,"cost":2170.0,"profit":1563.6500549316406,"transactions":100,"margin":41.900001525878906},{"product":"WIFI BARZ PRE ROLL - ME","units":298,"revenue":3234.224853515625,"cost":931.25,"profit":2302.9750061035156,"transactions":254,"margin":71.19999694824219},{"product":"ORANGE BELTZ PRE ROLL - ME","units":6,"revenue":52.5,"cost":22.5,"profit":30.0,"transactions":4,"margin":57.099998474121094}]},"store_summary":[{"store_clean":"Elevation Oasis","units":4046,"revenue":96120.419921875,"cost":48080.0,"profit":48040.4248046875,"discounts":37688.3251953125,"margin":50.0,"discount_rate":28.200000762939453},{"store_clean":"Elevation Springs","units":3354,"revenue":85142.59765625,"cost":39776.25,"profit":45366.34765625,"discounts":31526.14990234375,"margin":53.29999923706055,"discount_rate":27.0},{"store_clean":"Elevation Mesa","units":3138,"revenue":81292.2021484375,"cost":38532.5,"profit":42759.7021484375,"discounts":29632.80029296875,"margin":52.599998474121094,"discount_rate":26.700000762939453},{"store_clean":"Elevation Midtown","units":2576,"revenue":68682.59765625,"cost":33555.0,"profit":35127.60009765625,"discounts":18463.64990234375,"margin":51.099998474121094,"discount_rate":21.200000762939453},{"store_clean":"Elevation Boulevard","units":2618,"revenue":52507.0263671875,"cost":27756.25,"profit":24750.77392578125,"discounts":22979.22607421875,"margin":47.099998474121094,"discount_rate":30.399999618530273},{"store_clean":"Elevation Parkway","units":1076,"revenue":26796.10107421875,"cost":13028.75,"profit":13767.349853515625,"discounts":9731.400146484375,"margin":51.400001525878906,"discount_rate":26.600000381469727}],"recommendations":[{"severity":"info","title":"VOLUME LEVERAGE","detail":"$164,216 revenue provides negotiating leverage.","action":"Use volume as leverage in next vendor meeting."}],"comparison":null}