{"brand":"Afghan hemp","date_range":"2024-01-01 00:00:00 to 2026-01-31 00:00:00","period_label":"All Time","summary":{"total_units":61,"total_revenue":195.52000427246094,"total_cost":84.98999786376953,"total_discounts":24.479997634887695,"total_profit":110.52999877929688,"overall_margin":56.5,"fp_margin":61.5,"disc_margin":42.900001525878906,"pct_full_price":73.0999984741211,"avg_discount_rate":11.100000381469727,"fp_revenue":143.0,"disc_revenue":52.519996643066406,"unique_customers":46,"brand":"Afghan hemp","date_range":"2024-01-01 00:00:00 to 2026-01-31 00:00:00","months_count":10,"avg_monthly_cost":8.5,"cost_per_unit":1.39,"primary_category":"ACCESSORY","primary_cat_margin":61.099998474121094,"category_rank":110,"category_total":136,"margin_vs_category":-4.599999904632568,"velocity_rank":69},"category_breakdown":[{"category_clean":"ACCESSORY","units":61,"revenue":195.52000427246094,"cost":84.98999786376953,"profit":110.52999877929688,"discounts":24.479999542236328,"margin":56.5,"category_avg_margin":61.099998474121094,"vs_category":-4.6,"rank":110.0,"total_brands":136.0}],"trend":[{"period":"2025-04","revenue":6.5,"cost":2.5,"margin":61.5,"units":2,"transactions":2,"profit":4.0,"revenue_change_pct":null,"units_change_pct":null,"margin_change_pts":null},{"period":"2025-05","revenue":22.40999984741211,"cost":10.0,"margin":55.4,"units":8,"transactions":8,"profit":12.40999984741211,"revenue_change_pct":244.8,"units_change_pct":300.0,"margin_change_pts":-6.2},{"period":"2025-06","revenue":37.11000061035156,"cost":19.989999771118164,"margin":46.1,"units":9,"transactions":6,"profit":17.1200008392334,"revenue_change_pct":65.6,"units_change_pct":12.5,"margin_change_pts":-9.2},{"period":"2025-07","revenue":26.0,"cost":11.25,"margin":56.7,"units":9,"transactions":7,"profit":14.75,"revenue_change_pct":-29.9,"units_change_pct":0,"margin_change_pts":10.6},{"period":"2025-08","revenue":9.75,"cost":3.75,"margin":61.5,"units":3,"transactions":3,"profit":6.0,"revenue_change_pct":-62.5,"units_change_pct":-66.7,"margin_change_pts":4.8},{"period":"2025-09","revenue":20.309999465942383,"cost":8.75,"margin":56.9,"units":7,"transactions":6,"profit":11.559999465942383,"revenue_change_pct":108.3,"units_change_pct":133.3,"margin_change_pts":-4.6},{"period":"2025-10","revenue":18.520000457763672,"cost":7.5,"margin":59.5,"units":6,"transactions":6,"profit":11.020000457763672,"revenue_change_pct":-8.8,"units_change_pct":-14.3,"margin_change_pts":2.6},{"period":"2025-11","revenue":9.75,"cost":3.75,"margin":61.5,"units":3,"transactions":3,"profit":6.0,"revenue_change_pct":-47.4,"units_change_pct":-50.0,"margin_change_pts":2.0},{"period":"2025-12","revenue":16.25,"cost":6.25,"margin":61.5,"units":5,"transactions":5,"profit":10.0,"revenue_change_pct":66.7,"units_change_pct":66.7,"margin_change_pts":0.0},{"period":"2026-01","revenue":28.920000076293945,"cost":11.25,"margin":61.1,"units":9,"transactions":7,"profit":17.670000076293945,"revenue_change_pct":78.0,"units_change_pct":80.0,"margin_change_pts":-0.4}],"share_of_category":[{"category":"ACCESSORY","brand_revenue":195.52000427246094,"category_revenue":1651501.625,"revenue_share_pct":0.0,"brand_units":61,"category_units":1065048,"units_share_pct":0.0}],"share_of_category_trend":{"ACCESSORY":[{"period":"2024-01","brand_revenue":0.0,"category_revenue":61417.578125,"share_pct":0.0},{"period":"2024-02","brand_revenue":0.0,"category_revenue":60959.7890625,"share_pct":0.0},{"period":"2024-03","brand_revenue":0.0,"category_revenue":61871.55078125,"share_pct":0.0},{"period":"2024-04","brand_revenue":0.0,"category_revenue":65341.4609375,"share_pct":0.0},{"period":"2024-05","brand_revenue":0.0,"category_revenue":71870.578125,"share_pct":0.0},{"period":"2024-06","brand_revenue":0.0,"category_revenue":74003.53125,"share_pct":0.0},{"period":"2024-07","brand_revenue":0.0,"category_revenue":74670.1875,"share_pct":0.0},{"period":"2024-08","brand_revenue":0.0,"category_revenue":72090.53125,"share_pct":0.0},{"period":"2024-09","brand_revenue":0.0,"category_revenue":64954.51953125,"share_pct":0.0},{"period":"2024-10","brand_revenue":0.0,"category_revenue":66435.4921875,"share_pct":0.0},{"period":"2024-11","brand_revenue":0.0,"category_revenue":68682.4375,"share_pct":0.0},{"period":"2024-12","brand_revenue":0.0,"category_revenue":70600.8125,"share_pct":0.0},{"period":"2025-01","brand_revenue":0.0,"category_revenue":66904.5390625,"share_pct":0.0},{"period":"2025-02","brand_revenue":0.0,"category_revenue":62104.37109375,"share_pct":0.0},{"period":"2025-03","brand_revenue":0.0,"category_revenue":70568.15625,"share_pct":0.0},{"period":"2025-04","brand_revenue":6.5,"category_revenue":73077.9296875,"share_pct":0.0},{"period":"2025-05","brand_revenue":22.40999984741211,"category_revenue":71961.796875,"share_pct":0.0},{"period":"2025-06","brand_revenue":37.11000061035156,"category_revenue":64459.5,"share_pct":0.10000000149011612},{"period":"2025-07","brand_revenue":26.0,"category_revenue":66219.921875,"share_pct":0.0},{"period":"2025-08","brand_revenue":9.75,"category_revenue":68700.8203125,"share_pct":0.0},{"period":"2025-09","brand_revenue":20.309999465942383,"category_revenue":67279.578125,"share_pct":0.0},{"period":"2025-10","brand_revenue":18.520000457763672,"category_revenue":68737.8203125,"share_pct":0.0},{"period":"2025-11","brand_revenue":9.75,"category_revenue":69135.8984375,"share_pct":0.0},{"period":"2025-12","brand_revenue":16.25,"category_revenue":56781.94921875,"share_pct":0.0},{"period":"2026-01","brand_revenue":28.920000076293945,"category_revenue":32670.859375,"share_pct":0.10000000149011612}]},"discount_depth":[{"tier":"0% (Full Price)","transactions":40,"pct_of_transactions":75.5,"revenue":143.0,"avg_discount":0.0},{"tier":"1-10%","transactions":1,"pct_of_transactions":1.9,"revenue":22.5,"avg_discount":10.0},{"tier":"11-20%","transactions":1,"pct_of_transactions":1.9,"revenue":2.9200000762939453,"avg_discount":10.199999809265137},{"tier":"21-30%","transactions":1,"pct_of_transactions":1.9,"revenue":2.440000057220459,"avg_discount":24.899999618530273},{"tier":"31%+","transactions":10,"pct_of_transactions":18.9,"revenue":24.660001754760742,"avg_discount":44.099998474121094}],"velocity":{"units_per_day":0.21,"revenue_per_day":0.6800000071525574,"avg_units_per_txn":1.15,"days_of_data":286,"total_units":61,"total_transactions":53},"velocity_by_category":[{"category":"ACCESSORY","brand_units_per_day":0.08,"category_avg_units_per_day":10.28,"velocity_index":0.8,"brand_rev_per_unit":3.21,"category_rev_per_unit":1.55,"brands_in_category":136}],"deals":[{"deal_name":"Industry 30% Off","times_used":2,"units":2.0,"revenue":4.539999961853027,"discounts":1.9600000381469727,"cost":2.5,"profit":2.0399999618530273,"pre_discount_revenue":6.5,"margin":44.9,"avg_discount":30.2},{"deal_name":"Employee 30% - NOT FRIDAYS","times_used":1,"units":1.0,"revenue":2.2699999809265137,"discounts":0.9800000190734863,"cost":1.25,"profit":1.0199999809265137,"pre_discount_revenue":3.25,"margin":44.9,"avg_discount":30.2},{"deal_name":"Veterans - 10% Off","times_used":1,"units":1.0,"revenue":2.9200000762939453,"discounts":0.33000001311302185,"cost":1.25,"profit":1.6699999570846558,"pre_discount_revenue":3.25,"margin":57.2,"avg_discount":10.2}],"top_products":[{"product":"HEMP WICK - 20FT","units":46,"revenue":137.6199951171875,"cost":57.5,"profit":80.12000274658203,"transactions":39,"margin":58.20000076293945},{"product":"hemp wick 20 ft roll","units":14,"revenue":35.400001525878906,"cost":17.5,"profit":17.899999618530273,"transactions":13,"margin":50.599998474121094},{"product":"Hemp wick 100 ft","units":1,"revenue":22.5,"cost":9.989999771118164,"profit":12.510000228881836,"transactions":1,"margin":55.599998474121094}],"products_by_store":{"Thrive Cheyenne":[{"product":"HEMP WICK - 20FT","units":8,"revenue":17.869998931884766,"cost":10.0,"profit":7.869999885559082,"transactions":5,"margin":44.0},{"product":"hemp wick 20 ft roll","units":7,"revenue":12.649999618530273,"cost":8.75,"profit":3.9000000953674316,"transactions":6,"margin":30.799999237060547}],"Thrive Reno":[{"product":"HEMP WICK - 20FT","units":38,"revenue":119.75,"cost":47.5,"profit":72.25,"transactions":34,"margin":60.29999923706055},{"product":"hemp wick 20 ft roll","units":7,"revenue":22.75,"cost":8.75,"profit":14.0,"transactions":7,"margin":61.5},{"product":"Hemp wick 100 ft","units":1,"revenue":22.5,"cost":9.989999771118164,"profit":12.510000228881836,"transactions":1,"margin":55.599998474121094}]},"store_summary":[{"store_clean":"Thrive Reno","units":46,"revenue":165.0,"cost":66.23999786376953,"profit":98.76000213623047,"discounts":6.25,"margin":59.900001525878906,"discount_rate":3.5999999046325684},{"store_clean":"Thrive Cheyenne","units":15,"revenue":30.520000457763672,"cost":18.75,"profit":11.770000457763672,"discounts":18.229999542236328,"margin":38.599998474121094,"discount_rate":37.400001525878906}],"recommendations":[],"comparison":null}