{"brand":"ROYALESQUE","date_range":"2024-01-01 00:00:00 to 2026-01-31 00:00:00","period_label":"All Time","summary":{"total_units":12072,"total_revenue":341932.265625,"total_cost":125515.0,"total_discounts":39892.7490234375,"total_profit":216417.24609375,"overall_margin":63.29999923706055,"fp_margin":67.0999984741211,"disc_margin":53.900001525878906,"pct_full_price":70.9000015258789,"avg_discount_rate":10.399999618530273,"fp_revenue":242487.5,"disc_revenue":99444.74609375,"brand":"ROYALESQUE","date_range":"2024-01-01 00:00:00 to 2026-01-31 00:00:00","primary_category":"DISPOSABLE VAPE","store_coverage":"6/7","stores_present":["Elevation Springs","Elevation Mesa","Elevation Oasis","Elevation Midtown","Elevation Boulevard","Elevation Parkway"],"stores_missing":["Elevation Downtown"],"velocity_rank":16,"velocity_total":35},"distribution":[{"store":"Elevation Springs","carries_brand":true,"sku_count":24,"revenue":55193.30078125,"units":2002,"store_total_revenue":51138750.0,"brand_share_pct":0.10000000149011612},{"store":"Elevation Mesa","carries_brand":true,"sku_count":30,"revenue":80498.798828125,"units":2868,"store_total_revenue":47532240.0,"brand_share_pct":0.20000000298023224},{"store":"Elevation Oasis","carries_brand":true,"sku_count":22,"revenue":61413.3984375,"units":2098,"store_total_revenue":56050145.0,"brand_share_pct":0.10000000149011612},{"store":"Elevation Downtown","carries_brand":false,"sku_count":0,"revenue":0.0,"units":0,"store_total_revenue":1945237.1875,"brand_share_pct":0},{"store":"Elevation Midtown","carries_brand":true,"sku_count":26,"revenue":49740.0,"units":1694,"store_total_revenue":30850185.0,"brand_share_pct":0.20000000298023224},{"store":"Elevation Boulevard","carries_brand":true,"sku_count":28,"revenue":56006.796875,"units":2078,"store_total_revenue":28757865.0,"brand_share_pct":0.20000000298023224},{"store":"Elevation Parkway","carries_brand":true,"sku_count":26,"revenue":39079.94873046875,"units":1332,"store_total_revenue":21987007.5,"brand_share_pct":0.20000000298023224}],"share_of_category":[{"category":"DISPOSABLE VAPE","brand_revenue":341363.515625,"category_revenue":30552405.0,"revenue_share_pct":1.100000023841858,"brand_units":12052,"category_units":756548,"units_share_pct":1.6},{"category":0.0,"brand_revenue":0.0,"category_revenue":0.0,"revenue_share_pct":0.0,"brand_units":0,"category_units":0,"units_share_pct":0.0}],"share_of_category_trend":{"DISPOSABLE VAPE":[{"period":"2024-01","brand_revenue":0.0,"category_revenue":933474.921875,"share_pct":0.0},{"period":"2024-02","brand_revenue":0.0,"category_revenue":877782.109375,"share_pct":0.0},{"period":"2024-03","brand_revenue":0.0,"category_revenue":990692.03125,"share_pct":0.0},{"period":"2024-04","brand_revenue":0.0,"category_revenue":971952.1875,"share_pct":0.0},{"period":"2024-05","brand_revenue":0.0,"category_revenue":1035100.46875,"share_pct":0.0},{"period":"2024-06","brand_revenue":2758.125,"category_revenue":1039794.21875,"share_pct":0.30000001192092896},{"period":"2024-07","brand_revenue":31587.5,"category_revenue":1081636.5625,"share_pct":2.9000000953674316},{"period":"2024-08","brand_revenue":27116.25,"category_revenue":1098658.125,"share_pct":2.5},{"period":"2024-09","brand_revenue":34291.875,"category_revenue":1056394.53125,"share_pct":3.200000047683716},{"period":"2024-10","brand_revenue":17527.5,"category_revenue":1197041.171875,"share_pct":1.5},{"period":"2024-11","brand_revenue":27431.2744140625,"category_revenue":1193980.234375,"share_pct":2.299999952316284},{"period":"2024-12","brand_revenue":34480.70068359375,"category_revenue":1222008.984375,"share_pct":2.799999952316284},{"period":"2025-01","brand_revenue":34963.30078125,"category_revenue":1100552.421875,"share_pct":3.200000047683716},{"period":"2025-02","brand_revenue":25155.224609375,"category_revenue":1167271.25,"share_pct":2.200000047683716},{"period":"2025-03","brand_revenue":28041.2255859375,"category_revenue":1348856.71875,"share_pct":2.0999999046325684},{"period":"2025-04","brand_revenue":21193.75,"category_revenue":1414639.84375,"share_pct":1.5},{"period":"2025-05","brand_revenue":34404.3505859375,"category_revenue":1460588.4375,"share_pct":2.4000000953674316},{"period":"2025-06","brand_revenue":15526.875,"category_revenue":1320852.96875,"share_pct":1.2000000476837158},{"period":"2025-07","brand_revenue":2838.75,"category_revenue":1451194.84375,"share_pct":0.20000000298023224},{"period":"2025-08","brand_revenue":2540.5499267578125,"category_revenue":1403520.625,"share_pct":0.20000000298023224},{"period":"2025-09","brand_revenue":1462.5,"category_revenue":1317518.125,"share_pct":0.10000000149011612},{"period":"2025-10","brand_revenue":43.75,"category_revenue":1511693.75,"share_pct":0.0},{"period":"2025-11","brand_revenue":0.0,"category_revenue":1481709.21875,"share_pct":0.0},{"period":"2025-12","brand_revenue":0.0,"category_revenue":1476896.875,"share_pct":0.0},{"period":"2026-01","brand_revenue":0.0,"category_revenue":1398594.84375,"share_pct":0.0}]},"velocity_by_category":[{"category":"DISPOSABLE VAPE","brand_units_per_day":15.82,"category_avg_units_per_day":28.36,"velocity_index":55.8,"brand_rev_per_unit":22.66,"category_rev_per_unit":32.31,"brands_in_category":35},{"category":0.0,"brand_units_per_day":0.0,"category_avg_units_per_day":0,"velocity_index":0,"brand_rev_per_unit":0.0,"category_rev_per_unit":0.0,"brands_in_category":0}],"store_gaps":[{"store":"Elevation Downtown","category":"DISPOSABLE VAPE","category_revenue_at_store":386406.2890625,"opportunity":"Brand not carried"}],"product_mix":{"top":[{"product":"BLUE CHEESE DISPOSABLE VAPE - ROYALESQUE","units":1852,"revenue":53920.6494140625,"cost":19507.5,"profit":34413.1494140625,"stores":6,"transactions":1772,"margin":63.79999923706055},{"product":"WHITE RUNTZ DISPOSABLE VAPE - ROYALESQUE","units":1442,"revenue":41600.3271484375,"cost":14420.0,"profit":27180.32470703125,"stores":6,"transactions":1340,"margin":65.30000305175781},{"product":"CHERRY ZLUSHIE DISPOSABLE VAPE - ROYALESQUE","units":1356,"revenue":37129.89990234375,"cost":13922.5,"profit":23207.39990234375,"stores":6,"transactions":1238,"margin":62.5},{"product":"GARLIC COOKIES DISPOSABLE VAPE - ROYALESQUE","units":1136,"revenue":31821.8994140625,"cost":12105.0,"profit":19716.8994140625,"stores":6,"transactions":1054,"margin":62.0},{"product":"GDP DISPOSABLE VAPE - ROYALESQUE","units":1104,"revenue":31675.17578125,"cost":11040.0,"profit":20635.17578125,"stores":6,"transactions":1022,"margin":65.0999984741211},{"product":"HIPPIE CRASHER DISPOSABLE VAPE - ROYALESQUE","units":916,"revenue":25776.875,"cost":10305.0,"profit":15471.875,"stores":6,"transactions":860,"margin":60.0},{"product":"ORANGE APRICOT DISPOSABLE VAPE - ROYALESQUE","units":908,"revenue":25727.2998046875,"cost":9080.0,"profit":16647.2998046875,"stores":6,"transactions":880,"margin":64.69999694824219},{"product":"ANIMAL MINTZ DISPOSABLE VAPE - ROYALESQUE","units":794,"revenue":21303.125,"cost":8447.5,"profit":12855.625,"stores":5,"transactions":742,"margin":60.29999923706055},{"product":"FRUIT PIE DISPOSABLE VAPE - ROYALESQUE","units":602,"revenue":16843.7744140625,"cost":6020.0,"profit":10823.7744140625,"stores":6,"transactions":556,"margin":64.30000305175781},{"product":"OUTER ZEN DISPOSABLE VAPE - ROYALESQUE","units":482,"revenue":13771.875,"cost":5422.5,"profit":8349.375,"stores":5,"transactions":460,"margin":60.599998474121094},{"product":"GHOST TRAIN HAZE DISPOSABLE VAPE - ROYALESQUE","units":426,"revenue":11842.60009765625,"cost":4260.0,"profit":7582.60009765625,"stores":4,"transactions":394,"margin":64.0},{"product":"GREEN CRACK DISPOSABLE VAPE - ROYALESQUE","units":356,"revenue":10125.0,"cost":4005.0,"profit":6120.0,"stores":4,"transactions":348,"margin":60.400001525878906},{"product":"LONDON POUND CAKE DISPOSABLE VAPE - ROYALESQUE","units":308,"revenue":9021.875,"cost":3080.0,"profit":5941.875,"stores":4,"transactions":290,"margin":65.9000015258789},{"product":"GELATTI DISPOSABLE VAPE - ROYALESQUE","units":240,"revenue":6953.125,"cost":2400.0,"profit":4553.125,"stores":4,"transactions":232,"margin":65.5},{"product":"GG4 DISPOSABLE VAPE - ROYALESQUE","units":108,"revenue":3125.0,"cost":1080.0,"profit":2045.0,"stores":3,"transactions":102,"margin":65.4000015258789},{"product":"LEMON POUND CAKE DISPOSABLE VAPE - ROYALESQUE","units":42,"revenue":1293.75,"cost":420.0,"profit":873.75,"stores":1,"transactions":42,"margin":67.5}],"bottom":[],"expansion":[{"product":"ANIMAL MINTZ DISPOSABLE VAPE - ROYALESQUE","current_stores":5,"total_stores":6,"missing_stores":["Elevation Midtown"],"revenue":21303.125},{"product":"OUTER ZEN DISPOSABLE VAPE - ROYALESQUE","current_stores":5,"total_stores":6,"missing_stores":["Elevation Parkway"],"revenue":13771.875},{"product":"GHOST TRAIN HAZE DISPOSABLE VAPE - ROYALESQUE","current_stores":4,"total_stores":6,"missing_stores":["Elevation Midtown","Elevation Parkway"],"revenue":11842.60009765625},{"product":"GREEN CRACK DISPOSABLE VAPE - ROYALESQUE","current_stores":4,"total_stores":6,"missing_stores":["Elevation Oasis","Elevation Parkway"],"revenue":10125.0},{"product":"LONDON POUND CAKE DISPOSABLE VAPE - ROYALESQUE","current_stores":4,"total_stores":6,"missing_stores":["Elevation Springs","Elevation Oasis"],"revenue":9021.875},{"product":"GELATTI DISPOSABLE VAPE - ROYALESQUE","current_stores":4,"total_stores":6,"missing_stores":["Elevation Springs","Elevation Oasis"],"revenue":6953.125},{"product":"GG4 DISPOSABLE VAPE - ROYALESQUE","current_stores":3,"total_stores":6,"missing_stores":["Elevation Springs","Elevation Oasis","Elevation Boulevard"],"revenue":3125.0}]},"pricing_consistency":[{"product":"ANIMAL MINTZ DISPOSABLE VAPE - ROYALESQUE","min_price":43.68489583333333,"max_price":58.08080808080808,"avg_price":52.97314078282828,"std_dev":2.3434028189973657,"store_count":10,"price_range":14.39591224747475,"range_pct":27.2},{"product":"GDP DISPOSABLE VAPE - ROYALESQUE","min_price":52.921316046463815,"max_price":66.25,"avg_price":58.16832762374344,"std_dev":1.8560025781377907,"store_count":12,"price_range":13.328683953536187,"range_pct":22.9},{"product":"BLUE CHEESE DISPOSABLE VAPE - ROYALESQUE","min_price":55.24943833940484,"max_price":68.359375,"avg_price":59.413420661927354,"std_dev":1.8969240237215643,"store_count":12,"price_range":13.109936660595158,"range_pct":22.1},{"product":"CHERRY ZLUSHIE DISPOSABLE VAPE - ROYALESQUE","min_price":51.60751662887893,"max_price":58.90410958904109,"avg_price":55.205844933383304,"std_dev":1.1008052466611413,"store_count":12,"price_range":7.296592960162158,"range_pct":13.2},{"product":"WHITE RUNTZ DISPOSABLE VAPE - ROYALESQUE","min_price":53.8256005859375,"max_price":61.410472972972975,"avg_price":57.962927931402845,"std_dev":1.150085598925113,"store_count":12,"price_range":7.584872387035473,"range_pct":13.1},{"product":"GHOST TRAIN HAZE DISPOSABLE VAPE - ROYALESQUE","min_price":53.25255102040816,"max_price":59.61538461538461,"avg_price":55.27851756049475,"std_dev":1.1681671233961937,"store_count":8,"price_range":6.362833594976456,"range_pct":11.5},{"product":"FRUIT PIE DISPOSABLE VAPE - ROYALESQUE","min_price":54.79753521126761,"max_price":61.01190476190476,"avg_price":56.70429495967906,"std_dev":0.9253061852359635,"store_count":12,"price_range":6.214369550637153,"range_pct":11.0},{"product":"HIPPIE CRASHER DISPOSABLE VAPE - ROYALESQUE","min_price":53.2421875,"max_price":58.65625,"avg_price":56.2393873769037,"std_dev":0.895567616729459,"store_count":12,"price_range":5.4140624999999964,"range_pct":9.6},{"product":"LONDON POUND CAKE DISPOSABLE VAPE - ROYALESQUE","min_price":56.620370370370374,"max_price":61.625,"avg_price":58.83009259259259,"std_dev":0.9364731871112616,"store_count":8,"price_range":5.004629629629624,"range_pct":8.5},{"product":"GARLIC COOKIES DISPOSABLE VAPE - ROYALESQUE","min_price":54.43055555555556,"max_price":58.3545918367347,"avg_price":55.96628097990518,"std_dev":0.584966384123073,"store_count":12,"price_range":3.9240362811791396,"range_pct":7.0},{"product":"OUTER ZEN DISPOSABLE VAPE - ROYALESQUE","min_price":55.63725490196078,"max_price":59.625,"avg_price":57.10870098039216,"std_dev":0.7249500672194975,"store_count":10,"price_range":3.9877450980392215,"range_pct":7.0},{"product":"GG4 DISPOSABLE VAPE - ROYALESQUE","min_price":55.97826086956522,"max_price":59.89583333333333,"avg_price":57.672317115251886,"std_dev":0.8046951620577548,"store_count":6,"price_range":3.9175724637681153,"range_pct":6.8},{"product":"GELATTI DISPOSABLE VAPE - ROYALESQUE","min_price":56.625,"max_price":60.326086956521735,"avg_price":58.10728149955635,"std_dev":0.6343611429985483,"store_count":8,"price_range":3.701086956521742,"range_pct":6.4},{"product":"GREEN CRACK DISPOSABLE VAPE - ROYALESQUE","min_price":55.0,"max_price":58.29081632653061,"avg_price":56.703125,"std_dev":0.5697018028852864,"store_count":8,"price_range":3.29081632653061,"range_pct":5.8},{"product":"ORANGE APRICOT DISPOSABLE VAPE - ROYALESQUE","min_price":55.79623287671233,"max_price":58.73999837239583,"avg_price":56.70697677325603,"std_dev":0.45159172655665747,"store_count":12,"price_range":2.943765495683497,"range_pct":5.2}],"promotional_effectiveness":{"lift":{"fp_units_per_day":19.12,"disc_units_per_day":12.24,"lift_pct":-36.0,"fp_avg_revenue_per_unit":63.075,"disc_avg_revenue_per_unit":45.375},"by_deal":[{"deal_name":"Industry - 30% Off","uses":882,"revenue":41857.5,"discounts":18055.0,"units":1890.0,"cost":19765.0,"margin":52.8,"discount_depth":60.2},{"deal_name":"4/20 2025 - Vapes","uses":102,"revenue":4031.25,"discounts":4031.25,"units":258.0,"cost":2580.0,"margin":36.0,"discount_depth":100.0},{"deal_name":"Industry 30% Off","uses":84,"revenue":4325.0,"discounts":1862.5,"units":198.0,"cost":1980.0,"margin":54.2,"discount_depth":60.2},{"deal_name":"Senior - 10% Off","uses":80,"revenue":5726.25,"discounts":636.25,"units":202.0,"cost":2102.5,"margin":63.3,"discount_depth":20.0},{"deal_name":"Royalesque 0.5g Disposables 2 for $40","uses":74,"revenue":7600.0,"discounts":2550.0,"units":304.0,"cost":3420.0,"margin":55.0,"discount_depth":50.2},{"deal_name":"Jackpot - Locals 30% Off","uses":65,"revenue":3412.5,"discounts":1462.5,"units":156.0,"cost":1640.0,"margin":51.9,"discount_depth":60.0},{"deal_name":"Veterans - 10% Off","uses":58,"revenue":3626.25,"discounts":411.25,"units":128.0,"cost":1342.5,"margin":63.0,"discount_depth":20.4},{"deal_name":"LVAC - 25% Off","uses":31,"revenue":1534.375,"discounts":528.125,"units":66.0,"cost":680.0,"margin":55.7,"discount_depth":51.2},{"deal_name":"Senior / Veterans - 20% Off","uses":21,"revenue":1250.0,"discounts":312.5,"units":48.0,"cost":502.5,"margin":59.8,"discount_depth":40.0},{"deal_name":"Royalesque 0.5g Disposables B2G1","uses":13,"revenue":1625.324945449829,"discounts":812.1749925613403,"units":78.0,"cost":780.0,"margin":52.0,"discount_depth":66.6},{"deal_name":"Employee 30% - NOT FRIDAYS","uses":10,"revenue":481.25,"discounts":206.25,"units":22.0,"cost":240.0,"margin":50.1,"discount_depth":60.0},{"deal_name":"Royalesque - 30% Off","uses":10,"revenue":525.0,"discounts":225.0,"units":24.0,"cost":240.0,"margin":54.3,"discount_depth":60.0},{"deal_name":"Medical - 10%","uses":3,"revenue":247.5,"discounts":27.5,"units":8.0,"cost":80.0,"margin":67.7,"discount_depth":20.0},{"deal_name":"Employee - 40% OFF","uses":1,"revenue":37.5,"discounts":25.0,"units":2.0,"cost":20.0,"margin":46.7,"discount_depth":80.0}]},"growth_opportunities":[{"type":"distribution","title":"Expand to Elevation Downtown","detail":"Store has $154,563 in DISPOSABLE VAPE \u2014 categories where ROYALESQUE competes.","priority":"high"},{"type":"sku_expansion","title":"Add 'ANIMAL MINTZ DISPOSABLE VAPE - ROYALESQUE' to 1 more store(s)","detail":"Carried in 5 stores. Missing from: Elevation Midtown","priority":"medium"},{"type":"sku_expansion","title":"Add 'GELATTI DISPOSABLE VAPE - ROYALESQUE' to 2 more store(s)","detail":"Carried in 4 stores. Missing from: Elevation Springs, Elevation Oasis","priority":"medium"},{"type":"sku_expansion","title":"Add 'GG4 DISPOSABLE VAPE - ROYALESQUE' to 3 more store(s)","detail":"Carried in 3 stores. Missing from: Elevation Springs, Elevation Oasis, Elevation Boulevard","priority":"medium"},{"type":"sku_expansion","title":"Add 'GHOST TRAIN HAZE DISPOSABLE VAPE - ROYALESQUE' to 2 more store(s)","detail":"Carried in 4 stores. Missing from: Elevation Midtown, Elevation Parkway","priority":"medium"},{"type":"sku_expansion","title":"Add 'GREEN CRACK DISPOSABLE VAPE - ROYALESQUE' to 2 more store(s)","detail":"Carried in 4 stores. Missing from: Elevation Oasis, Elevation Parkway","priority":"medium"},{"type":"velocity","title":"Improve velocity in DISPOSABLE VAPE","detail":"Velocity index 56 (below category average). 7.9 units/day vs 14.2 avg.","priority":"medium"},{"type":"velocity","title":"Improve velocity in nan","detail":"Velocity index 0 (below category average). 0.0 units/day vs 0.0 avg.","priority":"medium"}],"trend":[{"period":"2024-06","revenue":2758.125,"cost":1102.5,"margin":60.0,"units":98,"transactions":96,"profit":1655.625,"revenue_change_pct":null,"units_change_pct":null,"margin_change_pts":null},{"period":"2024-07","revenue":31587.5,"cost":12825.0,"margin":59.4,"units":1140,"transactions":924,"profit":18762.5,"revenue_change_pct":1045.3,"units_change_pct":1063.3,"margin_change_pts":-0.6},{"period":"2024-08","revenue":27116.25,"cost":10822.5,"margin":60.1,"units":962,"transactions":856,"profit":16293.75,"revenue_change_pct":-14.2,"units_change_pct":-15.6,"margin_change_pts":0.7},{"period":"2024-09","revenue":34291.875,"cost":13522.5,"margin":60.6,"units":1202,"transactions":1116,"profit":20769.375,"revenue_change_pct":26.5,"units_change_pct":24.9,"margin_change_pts":0.5},{"period":"2024-10","revenue":17527.5,"cost":6340.0,"margin":63.8,"units":586,"transactions":552,"profit":11187.5,"revenue_change_pct":-48.9,"units_change_pct":-51.2,"margin_change_pts":3.3},{"period":"2024-11","revenue":27431.2744140625,"cost":9000.0,"margin":67.2,"units":896,"transactions":822,"profit":18431.2744140625,"revenue_change_pct":56.5,"units_change_pct":52.9,"margin_change_pts":3.4},{"period":"2024-12","revenue":34480.70068359375,"cost":12240.0,"margin":64.5,"units":1224,"transactions":1066,"profit":22240.70068359375,"revenue_change_pct":25.7,"units_change_pct":36.6,"margin_change_pts":-2.7},{"period":"2025-01","revenue":34963.30078125,"cost":12380.0,"margin":64.6,"units":1238,"transactions":1082,"profit":22583.30078125,"revenue_change_pct":1.4,"units_change_pct":1.1,"margin_change_pts":0.1},{"period":"2025-02","revenue":25723.974609375,"cost":9080.0,"margin":64.7,"units":908,"transactions":796,"profit":16643.974609375,"revenue_change_pct":-26.4,"units_change_pct":-26.7,"margin_change_pts":0.1},{"period":"2025-03","revenue":28041.2255859375,"cost":9860.0,"margin":64.8,"units":986,"transactions":850,"profit":18181.2255859375,"revenue_change_pct":9.0,"units_change_pct":8.6,"margin_change_pts":0.1},{"period":"2025-04","revenue":21193.75,"cost":8862.5,"margin":58.2,"units":884,"transactions":792,"profit":12331.25,"revenue_change_pct":-24.4,"units_change_pct":-10.3,"margin_change_pts":-6.7},{"period":"2025-05","revenue":34404.3505859375,"cost":11820.0,"margin":65.6,"units":1182,"transactions":1076,"profit":22584.3505859375,"revenue_change_pct":62.3,"units_change_pct":33.7,"margin_change_pts":7.5},{"period":"2025-06","revenue":15526.875,"cost":5240.0,"margin":66.3,"units":524,"transactions":496,"profit":10286.875,"revenue_change_pct":-54.9,"units_change_pct":-55.7,"margin_change_pts":0.6},{"period":"2025-07","revenue":2838.75,"cost":960.0,"margin":66.2,"units":96,"transactions":86,"profit":1878.75,"revenue_change_pct":-81.7,"units_change_pct":-81.7,"margin_change_pts":-0.1},{"period":"2025-08","revenue":2540.5499267578125,"cost":940.0,"margin":63.0,"units":94,"transactions":86,"profit":1600.5499267578125,"revenue_change_pct":-10.5,"units_change_pct":-2.1,"margin_change_pts":-3.2},{"period":"2025-09","revenue":1462.5,"cost":500.0,"margin":65.8,"units":50,"transactions":44,"profit":962.5,"revenue_change_pct":-42.4,"units_change_pct":-46.8,"margin_change_pts":2.8},{"period":"2025-10","revenue":43.75,"cost":20.0,"margin":54.3,"units":2,"transactions":2,"profit":23.75,"revenue_change_pct":-97.0,"units_change_pct":-96.0,"margin_change_pts":-11.5}]}