{"brand":"ROYALESQUE","date_range":"2024-01-01 00:00:00 to 2026-01-31 00:00:00","period_label":"All Time","summary":{"total_units":12072,"total_revenue":341932.265625,"total_cost":125515.0,"total_discounts":39892.7490234375,"total_profit":216417.24609375,"overall_margin":63.29999923706055,"fp_margin":67.0999984741211,"disc_margin":53.900001525878906,"pct_full_price":70.9000015258789,"avg_discount_rate":10.399999618530273,"fp_revenue":242487.5,"disc_revenue":99444.74609375,"unique_customers":8028,"brand":"ROYALESQUE","date_range":"2024-01-01 00:00:00 to 2026-01-31 00:00:00","months_count":34,"avg_monthly_cost":7383.225,"cost_per_unit":20.8,"primary_category":"DISPOSABLE VAPE","primary_cat_margin":52.79999923706055,"category_rank":19,"category_total":35,"margin_vs_category":10.5,"velocity_rank":16},"category_breakdown":[{"category_clean":"DISPOSABLE VAPE","units":12052,"revenue":341363.515625,"cost":125315.0,"profit":216048.49609375,"discounts":39836.4990234375,"margin":63.29999923706055,"category_avg_margin":52.79999923706055,"vs_category":10.5,"rank":19.0,"total_brands":35.0}],"trend":[{"period":"2024-06","revenue":2758.125,"cost":1102.5,"margin":60.0,"units":98,"transactions":96,"profit":1655.625,"revenue_change_pct":null,"units_change_pct":null,"margin_change_pts":null},{"period":"2024-07","revenue":31587.5,"cost":12825.0,"margin":59.4,"units":1140,"transactions":924,"profit":18762.5,"revenue_change_pct":1045.3,"units_change_pct":1063.3,"margin_change_pts":-0.6},{"period":"2024-08","revenue":27116.25,"cost":10822.5,"margin":60.1,"units":962,"transactions":856,"profit":16293.75,"revenue_change_pct":-14.2,"units_change_pct":-15.6,"margin_change_pts":0.7},{"period":"2024-09","revenue":34291.875,"cost":13522.5,"margin":60.6,"units":1202,"transactions":1116,"profit":20769.375,"revenue_change_pct":26.5,"units_change_pct":24.9,"margin_change_pts":0.5},{"period":"2024-10","revenue":17527.5,"cost":6340.0,"margin":63.8,"units":586,"transactions":552,"profit":11187.5,"revenue_change_pct":-48.9,"units_change_pct":-51.2,"margin_change_pts":3.3},{"period":"2024-11","revenue":27431.2744140625,"cost":9000.0,"margin":67.2,"units":896,"transactions":822,"profit":18431.2744140625,"revenue_change_pct":56.5,"units_change_pct":52.9,"margin_change_pts":3.4},{"period":"2024-12","revenue":34480.70068359375,"cost":12240.0,"margin":64.5,"units":1224,"transactions":1066,"profit":22240.70068359375,"revenue_change_pct":25.7,"units_change_pct":36.6,"margin_change_pts":-2.7},{"period":"2025-01","revenue":34963.30078125,"cost":12380.0,"margin":64.6,"units":1238,"transactions":1082,"profit":22583.30078125,"revenue_change_pct":1.4,"units_change_pct":1.1,"margin_change_pts":0.1},{"period":"2025-02","revenue":25723.974609375,"cost":9080.0,"margin":64.7,"units":908,"transactions":796,"profit":16643.974609375,"revenue_change_pct":-26.4,"units_change_pct":-26.7,"margin_change_pts":0.1},{"period":"2025-03","revenue":28041.2255859375,"cost":9860.0,"margin":64.8,"units":986,"transactions":850,"profit":18181.2255859375,"revenue_change_pct":9.0,"units_change_pct":8.6,"margin_change_pts":0.1},{"period":"2025-04","revenue":21193.75,"cost":8862.5,"margin":58.2,"units":884,"transactions":792,"profit":12331.25,"revenue_change_pct":-24.4,"units_change_pct":-10.3,"margin_change_pts":-6.7},{"period":"2025-05","revenue":34404.3505859375,"cost":11820.0,"margin":65.6,"units":1182,"transactions":1076,"profit":22584.3505859375,"revenue_change_pct":62.3,"units_change_pct":33.7,"margin_change_pts":7.5},{"period":"2025-06","revenue":15526.875,"cost":5240.0,"margin":66.3,"units":524,"transactions":496,"profit":10286.875,"revenue_change_pct":-54.9,"units_change_pct":-55.7,"margin_change_pts":0.6},{"period":"2025-07","revenue":2838.75,"cost":960.0,"margin":66.2,"units":96,"transactions":86,"profit":1878.75,"revenue_change_pct":-81.7,"units_change_pct":-81.7,"margin_change_pts":-0.1},{"period":"2025-08","revenue":2540.5499267578125,"cost":940.0,"margin":63.0,"units":94,"transactions":86,"profit":1600.5499267578125,"revenue_change_pct":-10.5,"units_change_pct":-2.1,"margin_change_pts":-3.2},{"period":"2025-09","revenue":1462.5,"cost":500.0,"margin":65.8,"units":50,"transactions":44,"profit":962.5,"revenue_change_pct":-42.4,"units_change_pct":-46.8,"margin_change_pts":2.8},{"period":"2025-10","revenue":43.75,"cost":20.0,"margin":54.3,"units":2,"transactions":2,"profit":23.75,"revenue_change_pct":-97.0,"units_change_pct":-96.0,"margin_change_pts":-11.5}],"share_of_category":[{"category":"DISPOSABLE VAPE","brand_revenue":341363.515625,"category_revenue":30552405.0,"revenue_share_pct":1.100000023841858,"brand_units":12052,"category_units":756548,"units_share_pct":1.6},{"category":0.0,"brand_revenue":0.0,"category_revenue":0.0,"revenue_share_pct":0.0,"brand_units":0,"category_units":0,"units_share_pct":0.0}],"share_of_category_trend":{"DISPOSABLE VAPE":[{"period":"2024-01","brand_revenue":0.0,"category_revenue":933474.921875,"share_pct":0.0},{"period":"2024-02","brand_revenue":0.0,"category_revenue":877782.109375,"share_pct":0.0},{"period":"2024-03","brand_revenue":0.0,"category_revenue":990692.03125,"share_pct":0.0},{"period":"2024-04","brand_revenue":0.0,"category_revenue":971952.1875,"share_pct":0.0},{"period":"2024-05","brand_revenue":0.0,"category_revenue":1035100.46875,"share_pct":0.0},{"period":"2024-06","brand_revenue":2758.125,"category_revenue":1039794.21875,"share_pct":0.30000001192092896},{"period":"2024-07","brand_revenue":31587.5,"category_revenue":1081636.5625,"share_pct":2.9000000953674316},{"period":"2024-08","brand_revenue":27116.25,"category_revenue":1098658.125,"share_pct":2.5},{"period":"2024-09","brand_revenue":34291.875,"category_revenue":1056394.53125,"share_pct":3.200000047683716},{"period":"2024-10","brand_revenue":17527.5,"category_revenue":1197041.171875,"share_pct":1.5},{"period":"2024-11","brand_revenue":27431.2744140625,"category_revenue":1193980.234375,"share_pct":2.299999952316284},{"period":"2024-12","brand_revenue":34480.70068359375,"category_revenue":1222008.984375,"share_pct":2.799999952316284},{"period":"2025-01","brand_revenue":34963.30078125,"category_revenue":1100552.421875,"share_pct":3.200000047683716},{"period":"2025-02","brand_revenue":25155.224609375,"category_revenue":1167271.25,"share_pct":2.200000047683716},{"period":"2025-03","brand_revenue":28041.2255859375,"category_revenue":1348856.71875,"share_pct":2.0999999046325684},{"period":"2025-04","brand_revenue":21193.75,"category_revenue":1414639.84375,"share_pct":1.5},{"period":"2025-05","brand_revenue":34404.3505859375,"category_revenue":1460588.4375,"share_pct":2.4000000953674316},{"period":"2025-06","brand_revenue":15526.875,"category_revenue":1320852.96875,"share_pct":1.2000000476837158},{"period":"2025-07","brand_revenue":2838.75,"category_revenue":1451194.84375,"share_pct":0.20000000298023224},{"period":"2025-08","brand_revenue":2540.5499267578125,"category_revenue":1403520.625,"share_pct":0.20000000298023224},{"period":"2025-09","brand_revenue":1462.5,"category_revenue":1317518.125,"share_pct":0.10000000149011612},{"period":"2025-10","brand_revenue":43.75,"category_revenue":1511693.75,"share_pct":0.0},{"period":"2025-11","brand_revenue":0.0,"category_revenue":1481709.21875,"share_pct":0.0},{"period":"2025-12","brand_revenue":0.0,"category_revenue":1476896.875,"share_pct":0.0},{"period":"2026-01","brand_revenue":0.0,"category_revenue":1398594.84375,"share_pct":0.0}]},"discount_depth":[{"tier":"0% (Full Price)","transactions":7304,"pct_of_transactions":64.5,"revenue":242487.5,"avg_discount":0.0},{"tier":"1-10%","transactions":444,"pct_of_transactions":3.9,"revenue":13916.25,"avg_discount":19.799999237060547},{"tier":"11-20%","transactions":306,"pct_of_transactions":2.7,"revenue":9114.7998046875,"avg_discount":39.400001525878906},{"tier":"21-30%","transactions":180,"pct_of_transactions":1.6,"revenue":4876.25,"avg_discount":50.0},{"tier":"31%+","transactions":476,"pct_of_transactions":4.2,"revenue":10952.449951171875,"avg_discount":91.80000305175781}],"velocity":{"units_per_day":25.86,"revenue_per_day":732.2000122070312,"avg_units_per_txn":2.24,"days_of_data":467,"total_units":12072,"total_transactions":10742},"velocity_by_category":[{"category":"DISPOSABLE VAPE","brand_units_per_day":15.82,"category_avg_units_per_day":28.36,"velocity_index":55.8,"brand_rev_per_unit":22.66,"category_rev_per_unit":32.31,"brands_in_category":35},{"category":0.0,"brand_units_per_day":0.0,"category_avg_units_per_day":0,"velocity_index":0,"brand_rev_per_unit":0.0,"category_rev_per_unit":0.0,"brands_in_category":0}],"deals":[{"deal_name":"Industry - 30% Off","times_used":1764,"units":1890.0,"revenue":41857.5,"discounts":18055.0,"cost":19765.0,"profit":22092.5,"pre_discount_revenue":59912.5,"margin":52.8,"avg_discount":60.2},{"deal_name":"4/20 2025 - Vapes","times_used":204,"units":258.0,"revenue":4031.25,"discounts":4031.25,"cost":2580.0,"profit":1451.25,"pre_discount_revenue":8062.5,"margin":36.0,"avg_discount":100.0},{"deal_name":"Industry 30% Off","times_used":168,"units":198.0,"revenue":4325.0,"discounts":1862.5,"cost":1980.0,"profit":2345.0,"pre_discount_revenue":6187.5,"margin":54.2,"avg_discount":60.2},{"deal_name":"Senior - 10% Off","times_used":160,"units":202.0,"revenue":5726.25,"discounts":636.25,"cost":2102.5,"profit":3623.75,"pre_discount_revenue":6362.5,"margin":63.3,"avg_discount":20.0},{"deal_name":"Royalesque 0.5g Disposables 2 for $40","times_used":148,"units":304.0,"revenue":7600.0,"discounts":2550.0,"cost":3420.0,"profit":4180.0,"pre_discount_revenue":10150.0,"margin":55.0,"avg_discount":50.2},{"deal_name":"Jackpot - Locals 30% Off","times_used":130,"units":156.0,"revenue":3412.5,"discounts":1462.5,"cost":1640.0,"profit":1772.5,"pre_discount_revenue":4875.0,"margin":51.9,"avg_discount":60.0},{"deal_name":"Veterans - 10% Off","times_used":116,"units":128.0,"revenue":3626.25,"discounts":411.25,"cost":1342.5,"profit":2283.75,"pre_discount_revenue":4037.5,"margin":63.0,"avg_discount":20.4},{"deal_name":"LVAC - 25% Off","times_used":62,"units":66.0,"revenue":1534.375,"discounts":528.125,"cost":680.0,"profit":854.375,"pre_discount_revenue":2062.5,"margin":55.7,"avg_discount":51.2},{"deal_name":"Senior / Veterans - 20% Off","times_used":42,"units":48.0,"revenue":1250.0,"discounts":312.5,"cost":502.5,"profit":747.5,"pre_discount_revenue":1562.5,"margin":59.8,"avg_discount":40.0},{"deal_name":"Royalesque 0.5g Disposables B2G1","times_used":26,"units":78.0,"revenue":1625.324945449829,"discounts":812.1749925613403,"cost":780.0,"profit":845.3250074386597,"pre_discount_revenue":2437.5,"margin":52.0,"avg_discount":66.6},{"deal_name":"Employee 30% - NOT FRIDAYS","times_used":20,"units":22.0,"revenue":481.25,"discounts":206.25,"cost":240.0,"profit":241.25,"pre_discount_revenue":687.5,"margin":50.1,"avg_discount":60.0},{"deal_name":"Royalesque - 30% Off","times_used":20,"units":24.0,"revenue":525.0,"discounts":225.0,"cost":240.0,"profit":285.0,"pre_discount_revenue":750.0,"margin":54.3,"avg_discount":60.0},{"deal_name":"Medical - 10%","times_used":6,"units":8.0,"revenue":247.5,"discounts":27.5,"cost":80.0,"profit":167.5,"pre_discount_revenue":275.0,"margin":67.7,"avg_discount":20.0},{"deal_name":"Employee - 40% OFF","times_used":2,"units":2.0,"revenue":37.5,"discounts":25.0,"cost":20.0,"profit":17.5,"pre_discount_revenue":62.5,"margin":46.7,"avg_discount":80.0}],"top_products":[{"product":"BLUE CHEESE DISPOSABLE VAPE - ROYALESQUE","units":1852,"revenue":53920.6494140625,"cost":19507.5,"profit":34413.1494140625,"transactions":1772,"margin":63.79999923706055},{"product":"WHITE RUNTZ DISPOSABLE VAPE - ROYALESQUE","units":1442,"revenue":41600.3271484375,"cost":14420.0,"profit":27180.32470703125,"transactions":1340,"margin":65.30000305175781},{"product":"CHERRY ZLUSHIE DISPOSABLE VAPE - ROYALESQUE","units":1356,"revenue":37129.89990234375,"cost":13922.5,"profit":23207.39990234375,"transactions":1238,"margin":62.5},{"product":"GARLIC COOKIES DISPOSABLE VAPE - ROYALESQUE","units":1136,"revenue":31821.8994140625,"cost":12105.0,"profit":19716.8994140625,"transactions":1054,"margin":62.0},{"product":"GDP DISPOSABLE VAPE - ROYALESQUE","units":1104,"revenue":31675.17578125,"cost":11040.0,"profit":20635.17578125,"transactions":1022,"margin":65.0999984741211},{"product":"HIPPIE CRASHER DISPOSABLE VAPE - ROYALESQUE","units":916,"revenue":25776.875,"cost":10305.0,"profit":15471.875,"transactions":860,"margin":60.0},{"product":"ORANGE APRICOT DISPOSABLE VAPE - ROYALESQUE","units":908,"revenue":25727.2998046875,"cost":9080.0,"profit":16647.2998046875,"transactions":880,"margin":64.69999694824219},{"product":"ANIMAL MINTZ DISPOSABLE VAPE - ROYALESQUE","units":794,"revenue":21303.125,"cost":8447.5,"profit":12855.625,"transactions":742,"margin":60.29999923706055},{"product":"FRUIT PIE DISPOSABLE VAPE - ROYALESQUE","units":602,"revenue":16843.7744140625,"cost":6020.0,"profit":10823.7744140625,"transactions":556,"margin":64.30000305175781},{"product":"OUTER ZEN DISPOSABLE VAPE - ROYALESQUE","units":482,"revenue":13771.875,"cost":5422.5,"profit":8349.375,"transactions":460,"margin":60.599998474121094},{"product":"GHOST TRAIN HAZE DISPOSABLE VAPE - ROYALESQUE","units":426,"revenue":11842.60009765625,"cost":4260.0,"profit":7582.60009765625,"transactions":394,"margin":64.0},{"product":"GREEN CRACK DISPOSABLE VAPE - ROYALESQUE","units":356,"revenue":10125.0,"cost":4005.0,"profit":6120.0,"transactions":348,"margin":60.400001525878906},{"product":"LONDON POUND CAKE DISPOSABLE VAPE - ROYALESQUE","units":308,"revenue":9021.875,"cost":3080.0,"profit":5941.875,"transactions":290,"margin":65.9000015258789},{"product":"GELATTI DISPOSABLE VAPE - ROYALESQUE","units":240,"revenue":6953.125,"cost":2400.0,"profit":4553.125,"transactions":232,"margin":65.5},{"product":"GG4 DISPOSABLE VAPE - ROYALESQUE","units":108,"revenue":3125.0,"cost":1080.0,"profit":2045.0,"transactions":102,"margin":65.4000015258789},{"product":"LEMON POUND CAKE DISPOSABLE VAPE - ROYALESQUE","units":42,"revenue":1293.75,"cost":420.0,"profit":873.75,"transactions":42,"margin":67.5}],"products_by_store":{"Elevation Springs":[{"product":"BLUE CHEESE DISPOSABLE VAPE - ROYALESQUE","units":326,"revenue":9059.375,"cost":3385.0,"profit":5674.375,"transactions":316,"margin":62.599998474121094},{"product":"GDP DISPOSABLE VAPE - ROYALESQUE","units":244,"revenue":6825.0,"cost":2440.0,"profit":4385.0,"transactions":224,"margin":64.19999694824219},{"product":"WHITE RUNTZ DISPOSABLE VAPE - ROYALESQUE","units":250,"revenue":6728.2000732421875,"cost":2500.0,"profit":4228.2000732421875,"transactions":232,"margin":62.79999923706055},{"product":"CHERRY ZLUSHIE DISPOSABLE VAPE - ROYALESQUE","units":244,"revenue":6506.25,"cost":2452.5,"profit":4053.75,"transactions":232,"margin":62.29999923706055},{"product":"ANIMAL MINTZ DISPOSABLE VAPE - ROYALESQUE","units":200,"revenue":5502.5,"cost":2135.0,"profit":3367.5,"transactions":188,"margin":61.20000076293945},{"product":"FRUIT PIE DISPOSABLE VAPE - ROYALESQUE","units":140,"revenue":3868.75,"cost":1400.0,"profit":2468.75,"transactions":130,"margin":63.79999923706055},{"product":"HIPPIE CRASHER DISPOSABLE VAPE - ROYALESQUE","units":98,"revenue":2852.5,"cost":1102.5,"profit":1750.0,"transactions":94,"margin":61.29999923706055},{"product":"OUTER ZEN DISPOSABLE VAPE - ROYALESQUE","units":102,"revenue":2837.5,"cost":1147.5,"profit":1690.0,"transactions":102,"margin":59.599998474121094},{"product":"GREEN CRACK DISPOSABLE VAPE - ROYALESQUE","units":100,"revenue":2809.375,"cost":1125.0,"profit":1684.375,"transactions":94,"margin":60.0},{"product":"ORANGE APRICOT DISPOSABLE VAPE - ROYALESQUE","units":98,"revenue":2768.125,"cost":980.0,"profit":1788.125,"transactions":94,"margin":64.5999984741211},{"product":"GARLIC COOKIES DISPOSABLE VAPE - ROYALESQUE","units":100,"revenue":2727.5,"cost":1125.0,"profit":1602.5,"transactions":80,"margin":58.79999923706055},{"product":"GHOST TRAIN HAZE DISPOSABLE VAPE - ROYALESQUE","units":100,"revenue":2708.22509765625,"cost":1000.0,"profit":1708.2249450683594,"transactions":94,"margin":63.099998474121094}],"Elevation Mesa":[{"product":"BLUE CHEESE DISPOSABLE VAPE - ROYALESQUE","units":390,"revenue":11561.25,"cost":4145.0,"profit":7416.25,"transactions":376,"margin":64.0999984741211},{"product":"CHERRY ZLUSHIE DISPOSABLE VAPE - ROYALESQUE","units":350,"revenue":9493.775024414062,"cost":3625.0,"profit":5868.7750244140625,"transactions":330,"margin":61.79999923706055},{"product":"WHITE RUNTZ DISPOSABLE VAPE - ROYALESQUE","units":320,"revenue":9195.650024414062,"cost":3200.0,"profit":5995.6500244140625,"transactions":284,"margin":65.19999694824219},{"product":"ORANGE APRICOT DISPOSABLE VAPE - ROYALESQUE","units":292,"revenue":8146.25,"cost":2920.0,"profit":5226.25,"transactions":286,"margin":64.19999694824219},{"product":"GARLIC COOKIES DISPOSABLE VAPE - ROYALESQUE","units":242,"revenue":6803.125,"cost":2545.0,"profit":4258.125,"transactions":232,"margin":62.599998474121094},{"product":"HIPPIE CRASHER DISPOSABLE VAPE - ROYALESQUE","units":202,"revenue":5575.0,"cost":2272.5,"profit":3302.5,"transactions":190,"margin":59.20000076293945},{"product":"GDP DISPOSABLE VAPE - ROYALESQUE","units":190,"revenue":5430.0,"cost":1900.0,"profit":3530.0,"transactions":184,"margin":65.0},{"product":"ANIMAL MINTZ DISPOSABLE VAPE - ROYALESQUE","units":200,"revenue":5100.0,"cost":2125.0,"profit":2975.0,"transactions":196,"margin":58.29999923706055},{"product":"FRUIT PIE DISPOSABLE VAPE - ROYALESQUE","units":142,"revenue":3890.625,"cost":1420.0,"profit":2470.625,"transactions":136,"margin":63.5},{"product":"LONDON POUND CAKE DISPOSABLE VAPE - ROYALESQUE","units":100,"revenue":2993.75,"cost":1000.0,"profit":1993.75,"transactions":90,"margin":66.5999984741211},{"product":"GELATTI DISPOSABLE VAPE - ROYALESQUE","units":98,"revenue":2815.625,"cost":980.0,"profit":1835.625,"transactions":94,"margin":65.19999694824219},{"product":"GREEN CRACK DISPOSABLE VAPE - ROYALESQUE","units":98,"revenue":2809.375,"cost":1102.5,"profit":1706.875,"transactions":96,"margin":60.79999923706055},{"product":"OUTER ZEN DISPOSABLE VAPE - ROYALESQUE","units":100,"revenue":2787.5,"cost":1125.0,"profit":1662.5,"transactions":96,"margin":59.599998474121094},{"product":"GHOST TRAIN HAZE DISPOSABLE VAPE - ROYALESQUE","units":98,"revenue":2609.375,"cost":980.0,"profit":1629.375,"transactions":92,"margin":62.400001525878906},{"product":"GG4 DISPOSABLE VAPE - ROYALESQUE","units":46,"revenue":1287.5,"cost":460.0,"profit":827.5,"transactions":44,"margin":64.30000305175781}],"Elevation Oasis":[{"product":"BLUE CHEESE DISPOSABLE VAPE - ROYALESQUE","units":396,"revenue":11703.125,"cost":4252.5,"profit":7450.625,"transactions":368,"margin":63.70000076293945},{"product":"CHERRY ZLUSHIE DISPOSABLE VAPE - ROYALESQUE","units":292,"revenue":8600.0,"cost":3045.0,"profit":5555.0,"transactions":232,"margin":64.5999984741211},{"product":"WHITE RUNTZ DISPOSABLE VAPE - ROYALESQUE","units":244,"revenue":7314.6002197265625,"cost":2440.0,"profit":4874.599914550781,"transactions":216,"margin":66.5999984741211},{"product":"HIPPIE CRASHER DISPOSABLE VAPE - ROYALESQUE","units":200,"revenue":5865.625,"cost":2250.0,"profit":3615.625,"transactions":180,"margin":61.599998474121094},{"product":"ANIMAL MINTZ DISPOSABLE VAPE - ROYALESQUE","units":198,"revenue":5750.0,"cost":2102.5,"profit":3647.5,"transactions":170,"margin":63.400001525878906},{"product":"GDP DISPOSABLE VAPE - ROYALESQUE","units":192,"revenue":5402.650146484375,"cost":1920.0,"profit":3482.650146484375,"transactions":152,"margin":64.5},{"product":"ORANGE APRICOT DISPOSABLE VAPE - ROYALESQUE","units":150,"revenue":4405.4998779296875,"cost":1500.0,"profit":2905.4998779296875,"transactions":140,"margin":66.0},{"product":"GHOST TRAIN HAZE DISPOSABLE VAPE - ROYALESQUE","units":130,"revenue":3875.0,"cost":1300.0,"profit":2575.0,"transactions":116,"margin":66.5},{"product":"OUTER ZEN DISPOSABLE VAPE - ROYALESQUE","units":100,"revenue":2921.875,"cost":1125.0,"profit":1796.875,"transactions":86,"margin":61.5},{"product":"GARLIC COOKIES DISPOSABLE VAPE - ROYALESQUE","units":100,"revenue":2831.25,"cost":1125.0,"profit":1706.25,"transactions":84,"margin":60.29999923706055},{"product":"FRUIT PIE DISPOSABLE VAPE - ROYALESQUE","units":96,"revenue":2743.7750244140625,"cost":960.0,"profit":1783.7750244140625,"transactions":84,"margin":65.0}],"Elevation Midtown":[{"product":"BLUE CHEESE DISPOSABLE VAPE - ROYALESQUE","units":288,"revenue":8481.25,"cost":3005.0,"profit":5476.25,"transactions":272,"margin":64.5999984741211},{"product":"WHITE RUNTZ DISPOSABLE VAPE - ROYALESQUE","units":242,"revenue":7203.125,"cost":2420.0,"profit":4783.125,"transactions":238,"margin":66.4000015258789},{"product":"GDP DISPOSABLE VAPE - ROYALESQUE","units":190,"revenue":5743.75,"cost":1900.0,"profit":3843.75,"transactions":186,"margin":66.9000015258789},{"product":"GARLIC COOKIES DISPOSABLE VAPE - ROYALESQUE","units":196,"revenue":5718.75,"cost":2082.5,"profit":3636.25,"transactions":186,"margin":63.599998474121094},{"product":"HIPPIE CRASHER DISPOSABLE VAPE - ROYALESQUE","units":158,"revenue":4556.25,"cost":1777.5,"profit":2778.75,"transactions":150,"margin":61.0},{"product":"CHERRY ZLUSHIE DISPOSABLE VAPE - ROYALESQUE","units":136,"revenue":3762.5,"cost":1410.0,"profit":2352.5,"transactions":132,"margin":62.5},{"product":"OUTER ZEN DISPOSABLE VAPE - ROYALESQUE","units":100,"revenue":2981.25,"cost":1125.0,"profit":1856.25,"transactions":96,"margin":62.29999923706055},{"product":"GREEN CRACK DISPOSABLE VAPE - ROYALESQUE","units":98,"revenue":2856.25,"cost":1102.5,"profit":1753.75,"transactions":98,"margin":61.400001525878906},{"product":"ORANGE APRICOT DISPOSABLE VAPE - ROYALESQUE","units":100,"revenue":2790.0,"cost":1000.0,"profit":1790.0,"transactions":96,"margin":64.19999694824219},{"product":"LONDON POUND CAKE DISPOSABLE VAPE - ROYALESQUE","units":50,"revenue":1540.625,"cost":500.0,"profit":1040.625,"transactions":50,"margin":67.5},{"product":"GG4 DISPOSABLE VAPE - ROYALESQUE","units":48,"revenue":1437.5,"cost":480.0,"profit":957.5,"transactions":44,"margin":66.5999984741211},{"product":"GELATTI DISPOSABLE VAPE - ROYALESQUE","units":46,"revenue":1387.5,"cost":460.0,"profit":927.5,"transactions":46,"margin":66.80000305175781},{"product":"FRUIT PIE DISPOSABLE VAPE - ROYALESQUE","units":42,"revenue":1281.25,"cost":420.0,"profit":861.25,"transactions":40,"margin":67.19999694824219}],"Elevation Boulevard":[{"product":"BLUE CHEESE DISPOSABLE VAPE - ROYALESQUE","units":356,"revenue":9834.400024414062,"cost":3760.0,"profit":6074.4000244140625,"transactions":346,"margin":61.79999923706055},{"product":"CHERRY ZLUSHIE DISPOSABLE VAPE - ROYALESQUE","units":286,"revenue":7379.8748779296875,"cost":2910.0,"profit":4469.8748779296875,"transactions":268,"margin":60.599998474121094},{"product":"WHITE RUNTZ DISPOSABLE VAPE - ROYALESQUE","units":238,"revenue":6614.375,"cost":2380.0,"profit":4234.375,"transactions":226,"margin":64.0},{"product":"GDP DISPOSABLE VAPE - ROYALESQUE","units":190,"revenue":5027.5250244140625,"cost":1900.0,"profit":3127.5250244140625,"transactions":184,"margin":62.20000076293945},{"product":"GARLIC COOKIES DISPOSABLE VAPE - ROYALESQUE","units":180,"revenue":4898.75,"cost":1925.0,"profit":2973.75,"transactions":172,"margin":60.70000076293945},{"product":"HIPPIE CRASHER DISPOSABLE VAPE - ROYALESQUE","units":160,"revenue":4259.375,"cost":1800.0,"profit":2459.375,"transactions":160,"margin":57.70000076293945},{"product":"FRUIT PIE DISPOSABLE VAPE - ROYALESQUE","units":136,"revenue":3753.125,"cost":1360.0,"profit":2393.125,"transactions":122,"margin":63.79999923706055},{"product":"ORANGE APRICOT DISPOSABLE VAPE - ROYALESQUE","units":98,"revenue":2753.125,"cost":980.0,"profit":1773.125,"transactions":98,"margin":64.4000015258789},{"product":"GHOST TRAIN HAZE DISPOSABLE VAPE - ROYALESQUE","units":98,"revenue":2650.0,"cost":980.0,"profit":1670.0,"transactions":92,"margin":63.0},{"product":"OUTER ZEN DISPOSABLE VAPE - ROYALESQUE","units":80,"revenue":2243.75,"cost":900.0,"profit":1343.75,"transactions":80,"margin":59.900001525878906},{"product":"ANIMAL MINTZ DISPOSABLE VAPE - ROYALESQUE","units":96,"revenue":2096.875,"cost":960.0,"profit":1136.875,"transactions":90,"margin":54.20000076293945},{"product":"GREEN CRACK DISPOSABLE VAPE - ROYALESQUE","units":60,"revenue":1650.0,"cost":675.0,"profit":975.0,"transactions":60,"margin":59.099998474121094},{"product":"LONDON POUND CAKE DISPOSABLE VAPE - ROYALESQUE","units":50,"revenue":1430.0,"cost":500.0,"profit":930.0,"transactions":50,"margin":65.0},{"product":"GELATTI DISPOSABLE VAPE - ROYALESQUE","units":50,"revenue":1415.625,"cost":500.0,"profit":915.625,"transactions":48,"margin":64.69999694824219}],"Elevation Parkway":[{"product":"GARLIC COOKIES DISPOSABLE VAPE - ROYALESQUE","units":318,"revenue":8842.525024414062,"cost":3302.5,"profit":5540.0250244140625,"transactions":300,"margin":62.70000076293945},{"product":"ORANGE APRICOT DISPOSABLE VAPE - ROYALESQUE","units":170,"revenue":4864.2999267578125,"cost":1700.0,"profit":3164.2999267578125,"transactions":166,"margin":65.0999984741211},{"product":"WHITE RUNTZ DISPOSABLE VAPE - ROYALESQUE","units":148,"revenue":4544.375,"cost":1480.0,"profit":3064.375,"transactions":144,"margin":67.4000015258789},{"product":"BLUE CHEESE DISPOSABLE VAPE - ROYALESQUE","units":96,"revenue":3281.25,"cost":960.0,"profit":2321.25,"transactions":94,"margin":70.69999694824219},{"product":"GDP DISPOSABLE VAPE - ROYALESQUE","units":98,"revenue":3246.25,"cost":980.0,"profit":2266.25,"transactions":92,"margin":69.80000305175781},{"product":"LONDON POUND CAKE DISPOSABLE VAPE - ROYALESQUE","units":108,"revenue":3057.5,"cost":1080.0,"profit":1977.5,"transactions":100,"margin":64.69999694824219},{"product":"ANIMAL MINTZ DISPOSABLE VAPE - ROYALESQUE","units":100,"revenue":2853.75,"cost":1125.0,"profit":1728.75,"transactions":98,"margin":60.599998474121094},{"product":"HIPPIE CRASHER DISPOSABLE VAPE - ROYALESQUE","units":98,"revenue":2668.125,"cost":1102.5,"profit":1565.625,"transactions":86,"margin":58.70000076293945},{"product":"CHERRY ZLUSHIE DISPOSABLE VAPE - ROYALESQUE","units":48,"revenue":1387.5,"cost":480.0,"profit":907.5,"transactions":44,"margin":65.4000015258789},{"product":"GELATTI DISPOSABLE VAPE - ROYALESQUE","units":46,"revenue":1334.375,"cost":460.0,"profit":874.375,"transactions":44,"margin":65.5},{"product":"FRUIT PIE DISPOSABLE VAPE - ROYALESQUE","units":46,"revenue":1306.25,"cost":460.0,"profit":846.25,"transactions":44,"margin":64.80000305175781},{"product":"LEMON POUND CAKE DISPOSABLE VAPE - ROYALESQUE","units":42,"revenue":1293.75,"cost":420.0,"profit":873.75,"transactions":42,"margin":67.5},{"product":"GG4 DISPOSABLE VAPE - ROYALESQUE","units":14,"revenue":400.0,"cost":140.0,"profit":260.0,"transactions":14,"margin":65.0}]},"store_summary":[{"store_clean":"Elevation Mesa","units":2868,"revenue":80498.798828125,"cost":29800.0,"profit":50698.798828125,"discounts":10026.199951171875,"margin":63.0,"discount_rate":11.100000381469727},{"store_clean":"Elevation Oasis","units":2098,"revenue":61413.3984375,"cost":22020.0,"profit":39393.40087890625,"discounts":4149.100036621094,"margin":64.0999984741211,"discount_rate":6.300000190734863},{"store_clean":"Elevation Boulevard","units":2078,"revenue":56006.8017578125,"cost":21530.0,"profit":34476.79931640625,"discounts":9280.700073242188,"margin":61.599998474121094,"discount_rate":14.199999809265137},{"store_clean":"Elevation Springs","units":2002,"revenue":55193.30078125,"cost":20792.5,"profit":34400.80078125,"discounts":9231.699829101562,"margin":62.29999923706055,"discount_rate":14.300000190734863},{"store_clean":"Elevation Midtown","units":1694,"revenue":49740.0,"cost":17682.5,"profit":32057.5,"discounts":3197.5,"margin":64.5,"discount_rate":6.0},{"store_clean":"Elevation Parkway","units":1332,"revenue":39079.951171875,"cost":13690.0,"profit":25389.951171875,"discounts":4007.550048828125,"margin":65.0,"discount_rate":9.300000190734863}],"recommendations":[{"severity":"info","title":"VOLUME LEVERAGE","detail":"$136,773 revenue provides negotiating leverage.","action":"Use volume as leverage in next vendor meeting."}],"comparison":null}