{"brand":"ROSE CUTS","date_range":"2024-01-01 00:00:00 to 2026-01-31 00:00:00","period_label":"All Time","summary":{"total_units":16,"total_revenue":36.79999923706055,"total_cost":21.440000534057617,"total_discounts":27.200000762939453,"total_profit":15.360000610351562,"overall_margin":41.70000076293945,"fp_margin":66.5,"disc_margin":34.900001525878906,"pct_full_price":21.700000762939453,"avg_discount_rate":42.5,"fp_revenue":8.0,"disc_revenue":28.799999237060547,"unique_customers":11,"brand":"ROSE CUTS","date_range":"2024-01-01 00:00:00 to 2026-01-31 00:00:00","months_count":3,"avg_monthly_cost":7.15,"cost_per_unit":1.34,"primary_category":"ACCESSORY","primary_cat_margin":61.099998474121094,"category_rank":117,"category_total":136,"margin_vs_category":-19.399999618530273,"velocity_rank":65},"category_breakdown":[{"category_clean":"ACCESSORY","units":16,"revenue":36.79999923706055,"cost":21.440000534057617,"profit":15.360000610351562,"discounts":27.200000762939453,"margin":41.70000076293945,"category_avg_margin":61.099998474121094,"vs_category":-19.4,"rank":117.0,"total_brands":136.0}],"trend":[{"period":"2025-04","revenue":26.0,"cost":16.079999923706055,"margin":38.2,"units":12,"transactions":9,"profit":9.920000076293945,"revenue_change_pct":null,"units_change_pct":null,"margin_change_pts":null},{"period":"2025-05","revenue":8.0,"cost":4.019999980926514,"margin":49.8,"units":3,"transactions":3,"profit":3.9800000190734863,"revenue_change_pct":-69.2,"units_change_pct":-75.0,"margin_change_pts":11.6},{"period":"2025-08","revenue":2.799999952316284,"cost":1.340000033378601,"margin":52.1,"units":1,"transactions":1,"profit":1.4600000381469727,"revenue_change_pct":-65.0,"units_change_pct":-66.7,"margin_change_pts":2.4}],"share_of_category":[{"category":"ACCESSORY","brand_revenue":36.79999923706055,"category_revenue":1651501.625,"revenue_share_pct":0.0,"brand_units":16,"category_units":1065048,"units_share_pct":0.0}],"share_of_category_trend":{"ACCESSORY":[{"period":"2024-01","brand_revenue":0.0,"category_revenue":61417.578125,"share_pct":0.0},{"period":"2024-02","brand_revenue":0.0,"category_revenue":60959.7890625,"share_pct":0.0},{"period":"2024-03","brand_revenue":0.0,"category_revenue":61871.55078125,"share_pct":0.0},{"period":"2024-04","brand_revenue":0.0,"category_revenue":65341.4609375,"share_pct":0.0},{"period":"2024-05","brand_revenue":0.0,"category_revenue":71870.578125,"share_pct":0.0},{"period":"2024-06","brand_revenue":0.0,"category_revenue":74003.53125,"share_pct":0.0},{"period":"2024-07","brand_revenue":0.0,"category_revenue":74670.1875,"share_pct":0.0},{"period":"2024-08","brand_revenue":0.0,"category_revenue":72090.53125,"share_pct":0.0},{"period":"2024-09","brand_revenue":0.0,"category_revenue":64954.51953125,"share_pct":0.0},{"period":"2024-10","brand_revenue":0.0,"category_revenue":66435.4921875,"share_pct":0.0},{"period":"2024-11","brand_revenue":0.0,"category_revenue":68682.4375,"share_pct":0.0},{"period":"2024-12","brand_revenue":0.0,"category_revenue":70600.8125,"share_pct":0.0},{"period":"2025-01","brand_revenue":0.0,"category_revenue":66904.5390625,"share_pct":0.0},{"period":"2025-02","brand_revenue":0.0,"category_revenue":62104.37109375,"share_pct":0.0},{"period":"2025-03","brand_revenue":0.0,"category_revenue":70568.15625,"share_pct":0.0},{"period":"2025-04","brand_revenue":26.0,"category_revenue":73077.9296875,"share_pct":0.0},{"period":"2025-05","brand_revenue":8.0,"category_revenue":71961.796875,"share_pct":0.0},{"period":"2025-06","brand_revenue":0.0,"category_revenue":64459.5,"share_pct":0.0},{"period":"2025-07","brand_revenue":0.0,"category_revenue":66219.921875,"share_pct":0.0},{"period":"2025-08","brand_revenue":2.799999952316284,"category_revenue":68700.8203125,"share_pct":0.0},{"period":"2025-09","brand_revenue":0.0,"category_revenue":67279.578125,"share_pct":0.0},{"period":"2025-10","brand_revenue":0.0,"category_revenue":68737.8203125,"share_pct":0.0},{"period":"2025-11","brand_revenue":0.0,"category_revenue":69135.8984375,"share_pct":0.0},{"period":"2025-12","brand_revenue":0.0,"category_revenue":56781.94921875,"share_pct":0.0},{"period":"2026-01","brand_revenue":0.0,"category_revenue":32670.859375,"share_pct":0.0}]},"discount_depth":[{"tier":"0% (Full Price)","transactions":2,"pct_of_transactions":15.4,"revenue":8.0,"avg_discount":0.0},{"tier":"1-10%","transactions":0,"pct_of_transactions":0.0,"revenue":0.0,"avg_discount":0},{"tier":"11-20%","transactions":0,"pct_of_transactions":0.0,"revenue":0.0,"avg_discount":0},{"tier":"21-30%","transactions":0,"pct_of_transactions":0.0,"revenue":0.0,"avg_discount":0},{"tier":"31%+","transactions":10,"pct_of_transactions":76.9,"revenue":26.0,"avg_discount":50.0}],"velocity":{"units_per_day":0.14,"revenue_per_day":0.3100000023841858,"avg_units_per_txn":1.23,"days_of_data":118,"total_units":16,"total_transactions":13},"velocity_by_category":[{"category":"ACCESSORY","brand_units_per_day":0.02,"category_avg_units_per_day":10.28,"velocity_index":0.2,"brand_rev_per_unit":2.3,"category_rev_per_unit":1.55,"brands_in_category":136}],"deals":[{"deal_name":"Jackpot - Locals 30% Off","times_used":1,"units":1.0,"revenue":2.799999952316284,"discounts":1.2000000476837158,"cost":1.340000033378601,"profit":1.4600000381469727,"pre_discount_revenue":4.0,"margin":52.1,"avg_discount":30.0}],"top_products":[{"product":"ROSE 3 PK WRAPS","units":16,"revenue":36.79999923706055,"cost":21.440000534057617,"profit":15.360000610351562,"transactions":13,"margin":41.70000076293945}],"products_by_store":{"Thrive Jackpot":[{"product":"ROSE 3 PK WRAPS","units":16,"revenue":36.79999923706055,"cost":21.440000534057617,"profit":15.360000610351562,"transactions":13,"margin":41.70000076293945}]},"store_summary":[{"store_clean":"Thrive Jackpot","units":16,"revenue":36.79999923706055,"cost":21.440000534057617,"profit":15.360000610351562,"discounts":27.200000762939453,"margin":41.70000076293945,"discount_rate":42.5}],"recommendations":[{"severity":"red","title":"ACCESSORY: BELOW CATEGORY AVERAGE","detail":"Margin (41.7%) is 19 pts below ACCESSORY average. Ranked #117 of 136. Strong case for cost negotiation.","action":"Request 10% cost reduction or evaluate alternative ACCESSORY brands."},{"severity":"yellow","title":"CATEGORY BENCHMARK GAP","detail":"Overall margin (41.7%) trails ACCESSORY average (61.1%) by 19.4 pts.","action":"Negotiate cost reduction or increase retail price."},{"severity":"red","title":"HIGH PROMOTION DEPENDENCY","detail":"Only 22% sells at full price. Heavy discounting required.","action":"Test reducing deal frequency \u2014 track velocity without promos."},{"severity":"red","title":"LOW DISCOUNTED MARGIN","detail":"Margin drops to 34.9% when discounted.","action":"Cap discount depth at 20% or negotiate lower wholesale cost."}],"comparison":null}