{"brand":"INDOBALM","date_range":"2024-01-01 00:00:00 to 2026-01-31 00:00:00","period_label":"All Time","summary":{"total_units":12196,"total_revenue":451980.78125,"total_cost":219880.0,"total_discounts":81231.69921875,"total_profit":232100.80078125,"overall_margin":51.400001525878906,"fp_margin":58.70000076293945,"disc_margin":43.79999923706055,"pct_full_price":50.400001525878906,"avg_discount_rate":15.199999809265137,"fp_revenue":227737.5,"disc_revenue":224243.30078125,"brand":"INDOBALM","date_range":"2024-01-01 00:00:00 to 2026-01-31 00:00:00","primary_category":"TOPICAL","store_coverage":"6/7","stores_present":["Elevation Springs","Elevation Mesa","Elevation Oasis","Elevation Midtown","Elevation Boulevard","Elevation Parkway"],"stores_missing":["Elevation Downtown"],"velocity_rank":1,"velocity_total":7},"distribution":[{"store":"Elevation Springs","carries_brand":true,"sku_count":2,"revenue":80505.0244140625,"units":2200,"store_total_revenue":51138750.0,"brand_share_pct":0.20000000298023224},{"store":"Elevation Mesa","carries_brand":true,"sku_count":2,"revenue":53075.947265625,"units":1518,"store_total_revenue":47532240.0,"brand_share_pct":0.10000000149011612},{"store":"Elevation Oasis","carries_brand":true,"sku_count":2,"revenue":153513.92578125,"units":4008,"store_total_revenue":56050145.0,"brand_share_pct":0.30000001192092896},{"store":"Elevation Downtown","carries_brand":false,"sku_count":0,"revenue":0.0,"units":0,"store_total_revenue":1945237.1875,"brand_share_pct":0},{"store":"Elevation Midtown","carries_brand":true,"sku_count":2,"revenue":71273.5498046875,"units":1916,"store_total_revenue":30850185.0,"brand_share_pct":0.20000000298023224},{"store":"Elevation Boulevard","carries_brand":true,"sku_count":2,"revenue":49731.25,"units":1454,"store_total_revenue":28757865.0,"brand_share_pct":0.20000000298023224},{"store":"Elevation Parkway","carries_brand":true,"sku_count":2,"revenue":43881.0986328125,"units":1100,"store_total_revenue":21987007.5,"brand_share_pct":0.20000000298023224}],"share_of_category":[{"category":"TOPICAL","brand_revenue":451980.78125,"category_revenue":961288.59375,"revenue_share_pct":47.0,"brand_units":12196,"category_units":20876,"units_share_pct":58.4}],"share_of_category_trend":{"TOPICAL":[{"period":"2024-01","brand_revenue":11855.0,"category_revenue":36155.625,"share_pct":32.79999923706055},{"period":"2024-02","brand_revenue":13796.25,"category_revenue":40546.25,"share_pct":34.0},{"period":"2024-03","brand_revenue":13306.875,"category_revenue":40492.37548828125,"share_pct":32.900001525878906},{"period":"2024-04","brand_revenue":18941.875,"category_revenue":47283.251953125,"share_pct":40.099998474121094},{"period":"2024-05","brand_revenue":19674.375,"category_revenue":44135.2490234375,"share_pct":44.599998474121094},{"period":"2024-06","brand_revenue":16976.25,"category_revenue":45135.80078125,"share_pct":37.599998474121094},{"period":"2024-07","brand_revenue":17613.75,"category_revenue":37561.875,"share_pct":46.900001525878906},{"period":"2024-08","brand_revenue":18419.625244140625,"category_revenue":44962.8759765625,"share_pct":41.0},{"period":"2024-09","brand_revenue":16578.275146484375,"category_revenue":40434.65087890625,"share_pct":41.0},{"period":"2024-10","brand_revenue":21025.625,"category_revenue":43945.849609375,"share_pct":47.79999923706055},{"period":"2024-11","brand_revenue":5302.5,"category_revenue":35443.1494140625,"share_pct":15.0},{"period":"2024-12","brand_revenue":22746.37451171875,"category_revenue":54908.6767578125,"share_pct":41.400001525878906},{"period":"2025-01","brand_revenue":18007.874755859375,"category_revenue":41293.9990234375,"share_pct":43.599998474121094},{"period":"2025-02","brand_revenue":19556.77490234375,"category_revenue":34815.0244140625,"share_pct":56.20000076293945},{"period":"2025-03","brand_revenue":24374.150390625,"category_revenue":45425.673828125,"share_pct":53.70000076293945},{"period":"2025-04","brand_revenue":17307.225341796875,"category_revenue":49624.19921875,"share_pct":34.900001525878906},{"period":"2025-05","brand_revenue":21871.12548828125,"category_revenue":46769.27734375,"share_pct":46.79999923706055},{"period":"2025-06","brand_revenue":13277.5,"category_revenue":36023.3740234375,"share_pct":36.900001525878906},{"period":"2025-07","brand_revenue":19232.5,"category_revenue":34410.0,"share_pct":55.900001525878906},{"period":"2025-08","brand_revenue":15311.25,"category_revenue":23680.0,"share_pct":64.69999694824219},{"period":"2025-09","brand_revenue":12799.949951171875,"category_revenue":23843.57421875,"share_pct":53.70000076293945},{"period":"2025-10","brand_revenue":23301.07421875,"category_revenue":30430.07568359375,"share_pct":76.5999984741211},{"period":"2025-11","brand_revenue":27266.55029296875,"category_revenue":32425.30029296875,"share_pct":84.0999984741211},{"period":"2025-12","brand_revenue":23227.42431640625,"category_revenue":27391.6748046875,"share_pct":84.80000305175781},{"period":"2026-01","brand_revenue":20210.625,"category_revenue":24150.74951171875,"share_pct":83.69999694824219}]},"velocity_by_category":[{"category":"TOPICAL","brand_units_per_day":16.0,"category_avg_units_per_day":3.92,"velocity_index":408.9,"brand_rev_per_unit":29.65,"category_rev_per_unit":36.84,"brands_in_category":7}],"store_gaps":[{"store":"Elevation Downtown","category":"TOPICAL","category_revenue_at_store":9369.25048828125,"opportunity":"Brand not carried"}],"product_mix":{"top":[{"product":"4:4:1 JUNGLE STICK BALM - INDOBALM","units":12196,"revenue":451980.78125,"cost":219880.0,"profit":232100.80078125,"stores":6,"transactions":9230,"margin":51.400001525878906}],"bottom":[],"expansion":[]},"pricing_consistency":[{"product":"4:4:1 JUNGLE STICK BALM - INDOBALM","min_price":68.40612104539203,"max_price":79.78381569602273,"avg_price":73.71785661439198,"std_dev":1.6822966104385813,"store_count":12,"price_range":11.377694650630703,"range_pct":15.4}],"promotional_effectiveness":{"lift":{"fp_units_per_day":8.04,"disc_units_per_day":10.42,"lift_pct":29.8,"fp_avg_revenue_per_unit":87.44999999999999,"disc_avg_revenue_per_unit":64.17500000000001},"by_deal":[{"deal_name":"Senior - 10% Off","uses":429,"revenue":48790.0,"discounts":5460.0,"units":1240.0,"cost":22175.0,"margin":54.6,"discount_depth":20.2},{"deal_name":"Industry - 30% Off","uses":240,"revenue":17438.75,"discounts":7473.75,"units":570.0,"cost":10687.5,"margin":38.7,"discount_depth":60.0},{"deal_name":"Industry 30% Off","uses":113,"revenue":8427.5,"discounts":3647.5,"units":276.0,"cost":4660.0,"margin":44.7,"discount_depth":60.4},{"deal_name":"4/20 2025 - Edibles","uses":102,"revenue":6155.499999523163,"discounts":6182.000002861023,"units":282.0,"cost":5287.5,"margin":14.1,"discount_depth":100.2},{"deal_name":"30% Off Special","uses":99,"revenue":7446.25,"discounts":3228.75,"units":244.0,"cost":4575.0,"margin":38.6,"discount_depth":60.4},{"deal_name":"Senior / Veterans - 20% Off","uses":97,"revenue":9012.5,"discounts":2275.0,"units":258.0,"cost":4627.5,"margin":48.7,"discount_depth":40.4},{"deal_name":"Jackpot - Locals 30% Off","uses":92,"revenue":7227.5,"discounts":3097.5,"units":236.0,"cost":4150.0,"margin":42.6,"discount_depth":60.0},{"deal_name":"50% Off - G2B","uses":73,"revenue":6077.025001049042,"discounts":6085.475001335144,"units":278.0,"cost":4517.5,"margin":25.7,"discount_depth":100.0},{"deal_name":"Employee 30% - NOT FRIDAYS","uses":67,"revenue":4945.0,"discounts":2186.25,"units":163.0,"cost":2873.75,"margin":41.9,"discount_depth":61.4},{"deal_name":"Employee - 40% OFF","uses":66,"revenue":4760.875000953674,"discounts":3289.1250038146973,"units":184.0,"cost":3230.0,"margin":32.2,"discount_depth":81.8},{"deal_name":"Veterans - 10% Off","uses":55,"revenue":5906.25,"discounts":656.25,"units":150.0,"cost":2677.5,"margin":54.7,"discount_depth":20.0},{"deal_name":"INDO Carts + Tabs / Topicals BOGO","uses":37,"revenue":4463.74981880188,"discounts":4373.75018119812,"units":202.0,"cost":3787.5,"margin":15.1,"discount_depth":99.0},{"deal_name":"GW - 50% Off Topicals / Tinctures / RSO / Tablets","uses":37,"revenue":2931.25,"discounts":2931.25,"units":134.0,"cost":2512.5,"margin":14.3,"discount_depth":100.0},{"deal_name":"4/20 50% Off!!!!","uses":31,"revenue":1618.75,"discounts":1618.75,"units":74.0,"cost":1387.5,"margin":14.3,"discount_depth":100.0},{"deal_name":"AIRO / INDO 30% Off","uses":26,"revenue":2021.25,"discounts":866.25,"units":66.0,"cost":1072.5,"margin":46.9,"discount_depth":60.0},{"deal_name":"INDO Topicals BOGO","uses":22,"revenue":2223.1499004364014,"discounts":2326.8500995635986,"units":104.0,"cost":1950.0,"margin":12.3,"discount_depth":102.2},{"deal_name":"Nordic Goddess / INDO Rub - 30% Off","uses":11,"revenue":735.0,"discounts":315.0,"units":24.0,"cost":430.0,"margin":41.5,"discount_depth":60.0},{"deal_name":"LVAC - 25% Off","uses":10,"revenue":787.5,"discounts":262.5,"units":24.0,"cost":435.0,"margin":44.8,"discount_depth":50.0},{"deal_name":"Store Credit - $25","uses":4,"revenue":222.00000286102295,"discounts":128.0000001192093,"units":8.0,"cost":130.0,"margin":41.4,"discount_depth":73.2},{"deal_name":"Medical - 10%","uses":3,"revenue":472.5,"discounts":52.5,"units":12.0,"cost":215.0,"margin":54.5,"discount_depth":20.0}]},"growth_opportunities":[{"type":"distribution","title":"Expand to Elevation Downtown","detail":"Store has $3,748 in TOPICAL \u2014 categories where INDOBALM competes.","priority":"medium"}],"trend":[{"period":"2024-01","revenue":11855.0,"cost":6075.0,"margin":48.8,"units":324,"transactions":268,"profit":5780.0,"revenue_change_pct":null,"units_change_pct":null,"margin_change_pts":null},{"period":"2024-02","revenue":13796.25,"cost":7087.5,"margin":48.6,"units":378,"transactions":316,"profit":6708.75,"revenue_change_pct":16.4,"units_change_pct":16.7,"margin_change_pts":-0.1},{"period":"2024-03","revenue":13306.875,"cost":6975.0,"margin":47.6,"units":372,"transactions":308,"profit":6331.875,"revenue_change_pct":-3.5,"units_change_pct":-1.6,"margin_change_pts":-1.0},{"period":"2024-04","revenue":18941.875,"cost":9787.5,"margin":48.3,"units":522,"transactions":438,"profit":9154.375,"revenue_change_pct":42.3,"units_change_pct":40.3,"margin_change_pts":0.7},{"period":"2024-05","revenue":19674.375,"cost":9562.5,"margin":51.4,"units":510,"transactions":414,"profit":10111.875,"revenue_change_pct":3.9,"units_change_pct":-2.3,"margin_change_pts":3.1},{"period":"2024-06","revenue":16976.25,"cost":7950.0,"margin":53.2,"units":424,"transactions":346,"profit":9026.25,"revenue_change_pct":-13.7,"units_change_pct":-16.9,"margin_change_pts":1.8},{"period":"2024-07","revenue":17613.75,"cost":8362.5,"margin":52.5,"units":446,"transactions":344,"profit":9251.25,"revenue_change_pct":3.8,"units_change_pct":5.2,"margin_change_pts":-0.6},{"period":"2024-08","revenue":18419.625244140625,"cost":9112.5,"margin":50.5,"units":486,"transactions":378,"profit":9307.125244140625,"revenue_change_pct":4.6,"units_change_pct":9.0,"margin_change_pts":-2.0},{"period":"2024-09","revenue":16578.275146484375,"cost":7875.0,"margin":52.5,"units":420,"transactions":316,"profit":8703.275146484375,"revenue_change_pct":-10.0,"units_change_pct":-13.6,"margin_change_pts":2.0},{"period":"2024-10","revenue":21025.625,"cost":9750.0,"margin":53.6,"units":520,"transactions":416,"profit":11275.625,"revenue_change_pct":26.8,"units_change_pct":23.8,"margin_change_pts":1.1},{"period":"2024-11","revenue":5302.5,"cost":3562.5,"margin":32.8,"units":190,"transactions":118,"profit":1740.0,"revenue_change_pct":-74.8,"units_change_pct":-63.5,"margin_change_pts":-20.8},{"period":"2024-12","revenue":22746.37451171875,"cost":10987.5,"margin":51.7,"units":586,"transactions":420,"profit":11758.87451171875,"revenue_change_pct":329.0,"units_change_pct":208.4,"margin_change_pts":18.9},{"period":"2025-01","revenue":18007.874755859375,"cost":9075.0,"margin":49.6,"units":484,"transactions":364,"profit":8932.874755859375,"revenue_change_pct":-20.8,"units_change_pct":-17.4,"margin_change_pts":-2.1},{"period":"2025-02","revenue":19556.77490234375,"cost":10200.0,"margin":47.8,"units":544,"transactions":410,"profit":9356.77490234375,"revenue_change_pct":8.6,"units_change_pct":12.4,"margin_change_pts":-1.8},{"period":"2025-03","revenue":24374.150390625,"cost":12562.5,"margin":48.5,"units":670,"transactions":470,"profit":11811.650390625,"revenue_change_pct":24.6,"units_change_pct":23.2,"margin_change_pts":0.6},{"period":"2025-04","revenue":17307.225341796875,"cost":11325.0,"margin":34.6,"units":604,"transactions":424,"profit":5982.2247314453125,"revenue_change_pct":-29.0,"units_change_pct":-9.9,"margin_change_pts":-13.9},{"period":"2025-05","revenue":21871.12548828125,"cost":10462.5,"margin":52.2,"units":558,"transactions":420,"profit":11408.62548828125,"revenue_change_pct":26.4,"units_change_pct":-7.6,"margin_change_pts":17.6},{"period":"2025-06","revenue":13277.5,"cost":6412.5,"margin":51.7,"units":342,"transactions":276,"profit":6865.0,"revenue_change_pct":-39.3,"units_change_pct":-38.7,"margin_change_pts":-0.5},{"period":"2025-07","revenue":19232.5,"cost":8310.0,"margin":56.8,"units":496,"transactions":390,"profit":10922.5,"revenue_change_pct":44.9,"units_change_pct":45.0,"margin_change_pts":5.1},{"period":"2025-08","revenue":15311.25,"cost":6697.5,"margin":56.3,"units":398,"transactions":342,"profit":8613.75,"revenue_change_pct":-20.4,"units_change_pct":-19.8,"margin_change_pts":-0.5},{"period":"2025-09","revenue":12799.949951171875,"cost":5547.5,"margin":56.7,"units":334,"transactions":244,"profit":7252.449951171875,"revenue_change_pct":-16.4,"units_change_pct":-16.1,"margin_change_pts":0.4},{"period":"2025-10","revenue":23301.07421875,"cost":10090.0,"margin":56.7,"units":612,"transactions":448,"profit":13211.075439453125,"revenue_change_pct":82.0,"units_change_pct":83.2,"margin_change_pts":0.0},{"period":"2025-11","revenue":27266.55029296875,"cost":13780.0,"margin":49.5,"units":848,"transactions":548,"profit":13486.55029296875,"revenue_change_pct":17.0,"units_change_pct":38.6,"margin_change_pts":-7.2},{"period":"2025-12","revenue":23227.42431640625,"cost":9750.0,"margin":58.0,"units":600,"transactions":416,"profit":13477.425537109375,"revenue_change_pct":-14.8,"units_change_pct":-29.2,"margin_change_pts":8.6},{"period":"2026-01","revenue":20210.625,"cost":8580.0,"margin":57.5,"units":528,"transactions":396,"profit":11630.625,"revenue_change_pct":-13.0,"units_change_pct":-12.0,"margin_change_pts":-0.5}]}