{"brand":"VVG","date_range":"2024-01-01 00:00:00 to 2026-01-31 00:00:00","period_label":"All Time","summary":{"total_units":1210,"total_revenue":25667.900390625,"total_cost":13551.25,"total_discounts":7457.1002197265625,"total_profit":12116.650390625,"overall_margin":47.20000076293945,"fp_margin":59.29999923706055,"disc_margin":41.599998474121094,"pct_full_price":31.899999618530273,"avg_discount_rate":22.5,"fp_revenue":8187.5,"disc_revenue":17480.400390625,"brand":"VVG","date_range":"2024-01-01 00:00:00 to 2026-01-31 00:00:00","primary_category":"DISPOSABLE VAPE","store_coverage":"1/7","stores_present":["Elevation Parkway"],"stores_missing":["Elevation Springs","Elevation Mesa","Elevation Oasis","Elevation Downtown","Elevation Midtown","Elevation Boulevard"],"velocity_rank":31,"velocity_total":35},"distribution":[{"store":"Elevation Springs","carries_brand":false,"sku_count":0,"revenue":0.0,"units":0,"store_total_revenue":51138750.0,"brand_share_pct":0},{"store":"Elevation Mesa","carries_brand":false,"sku_count":0,"revenue":0.0,"units":0,"store_total_revenue":47532240.0,"brand_share_pct":0},{"store":"Elevation Oasis","carries_brand":false,"sku_count":0,"revenue":0.0,"units":0,"store_total_revenue":56050145.0,"brand_share_pct":0},{"store":"Elevation Downtown","carries_brand":false,"sku_count":0,"revenue":0.0,"units":0,"store_total_revenue":1945237.1875,"brand_share_pct":0},{"store":"Elevation Midtown","carries_brand":false,"sku_count":0,"revenue":0.0,"units":0,"store_total_revenue":30850185.0,"brand_share_pct":0},{"store":"Elevation Boulevard","carries_brand":false,"sku_count":0,"revenue":0.0,"units":0,"store_total_revenue":28757865.0,"brand_share_pct":0},{"store":"Elevation Parkway","carries_brand":true,"sku_count":18,"revenue":25667.900390625,"units":1210,"store_total_revenue":21987007.5,"brand_share_pct":0.10000000149011612}],"share_of_category":[{"category":"DISPOSABLE VAPE","brand_revenue":13894.150390625,"category_revenue":30552405.0,"revenue_share_pct":0.0,"brand_units":482,"category_units":756548,"units_share_pct":0.1},{"category":"FLOWER","brand_revenue":7162.5,"category_revenue":77755450.0,"revenue_share_pct":0.0,"brand_units":272,"category_units":2708446,"units_share_pct":0.0},{"category":"PRE ROLL","brand_revenue":4611.25,"category_revenue":14009791.25,"revenue_share_pct":0.0,"brand_units":456,"category_units":1485736,"units_share_pct":0.0}],"share_of_category_trend":{"DISPOSABLE VAPE":[{"period":"2024-01","brand_revenue":202.5,"category_revenue":933474.921875,"share_pct":0.0},{"period":"2024-02","brand_revenue":462.5,"category_revenue":877782.109375,"share_pct":0.10000000149011612},{"period":"2024-03","brand_revenue":1448.75,"category_revenue":990692.03125,"share_pct":0.10000000149011612},{"period":"2024-04","brand_revenue":4527.5,"category_revenue":971952.1875,"share_pct":0.5},{"period":"2024-05","brand_revenue":2701.0501098632812,"category_revenue":1035100.46875,"share_pct":0.30000001192092896},{"period":"2024-06","brand_revenue":4126.8499755859375,"category_revenue":1039794.21875,"share_pct":0.4000000059604645},{"period":"2024-07","brand_revenue":425.0,"category_revenue":1081636.5625,"share_pct":0.0},{"period":"2024-08","brand_revenue":0.0,"category_revenue":1098658.125,"share_pct":0.0},{"period":"2024-09","brand_revenue":0.0,"category_revenue":1056394.53125,"share_pct":0.0},{"period":"2024-10","brand_revenue":0.0,"category_revenue":1197041.171875,"share_pct":0.0},{"period":"2024-11","brand_revenue":0.0,"category_revenue":1193980.234375,"share_pct":0.0},{"period":"2024-12","brand_revenue":0.0,"category_revenue":1222008.984375,"share_pct":0.0},{"period":"2025-01","brand_revenue":0.0,"category_revenue":1100552.421875,"share_pct":0.0},{"period":"2025-02","brand_revenue":0.0,"category_revenue":1167271.25,"share_pct":0.0},{"period":"2025-03","brand_revenue":0.0,"category_revenue":1348856.71875,"share_pct":0.0},{"period":"2025-04","brand_revenue":0.0,"category_revenue":1414639.84375,"share_pct":0.0},{"period":"2025-05","brand_revenue":0.0,"category_revenue":1460588.4375,"share_pct":0.0},{"period":"2025-06","brand_revenue":0.0,"category_revenue":1320852.96875,"share_pct":0.0},{"period":"2025-07","brand_revenue":0.0,"category_revenue":1451194.84375,"share_pct":0.0},{"period":"2025-08","brand_revenue":0.0,"category_revenue":1403520.625,"share_pct":0.0},{"period":"2025-09","brand_revenue":0.0,"category_revenue":1317518.125,"share_pct":0.0},{"period":"2025-10","brand_revenue":0.0,"category_revenue":1511693.75,"share_pct":0.0},{"period":"2025-11","brand_revenue":0.0,"category_revenue":1481709.21875,"share_pct":0.0},{"period":"2025-12","brand_revenue":0.0,"category_revenue":1476896.875,"share_pct":0.0},{"period":"2026-01","brand_revenue":0.0,"category_revenue":1398594.84375,"share_pct":0.0}],"FLOWER":[{"period":"2024-01","brand_revenue":4193.75,"category_revenue":3552357.8125,"share_pct":0.10000000149011612},{"period":"2024-02","brand_revenue":2421.875,"category_revenue":3535245.625,"share_pct":0.10000000149011612},{"period":"2024-03","brand_revenue":546.875,"category_revenue":3693805.625,"share_pct":0.0},{"period":"2024-04","brand_revenue":0.0,"category_revenue":3541899.6875,"share_pct":0.0},{"period":"2024-05","brand_revenue":0.0,"category_revenue":3537479.375,"share_pct":0.0},{"period":"2024-06","brand_revenue":0.0,"category_revenue":3403269.6875,"share_pct":0.0},{"period":"2024-07","brand_revenue":0.0,"category_revenue":3457705.9375,"share_pct":0.0},{"period":"2024-08","brand_revenue":0.0,"category_revenue":3453819.375,"share_pct":0.0},{"period":"2024-09","brand_revenue":0.0,"category_revenue":3316441.5625,"share_pct":0.0},{"period":"2024-10","brand_revenue":0.0,"category_revenue":3585775.0,"share_pct":0.0},{"period":"2024-11","brand_revenue":0.0,"category_revenue":3454855.3125,"share_pct":0.0},{"period":"2024-12","brand_revenue":0.0,"category_revenue":3226567.8125,"share_pct":0.0},{"period":"2025-01","brand_revenue":0.0,"category_revenue":2984938.125,"share_pct":0.0},{"period":"2025-02","brand_revenue":0.0,"category_revenue":2816220.0,"share_pct":0.0},{"period":"2025-03","brand_revenue":0.0,"category_revenue":2911379.6875,"share_pct":0.0},{"period":"2025-04","brand_revenue":0.0,"category_revenue":3118895.3125,"share_pct":0.0},{"period":"2025-05","brand_revenue":0.0,"category_revenue":2887345.0,"share_pct":0.0},{"period":"2025-06","brand_revenue":0.0,"category_revenue":2773698.125,"share_pct":0.0},{"period":"2025-07","brand_revenue":0.0,"category_revenue":2782763.125,"share_pct":0.0},{"period":"2025-08","brand_revenue":0.0,"category_revenue":2733122.8125,"share_pct":0.0},{"period":"2025-09","brand_revenue":0.0,"category_revenue":2603501.5625,"share_pct":0.0},{"period":"2025-10","brand_revenue":0.0,"category_revenue":2663705.0,"share_pct":0.0},{"period":"2025-11","brand_revenue":0.0,"category_revenue":2700189.0625,"share_pct":0.0},{"period":"2025-12","brand_revenue":0.0,"category_revenue":2515209.53125,"share_pct":0.0},{"period":"2026-01","brand_revenue":0.0,"category_revenue":2505261.875,"share_pct":0.0}],"PRE ROLL":[{"period":"2024-01","brand_revenue":1065.0,"category_revenue":508338.515625,"share_pct":0.20000000298023224},{"period":"2024-02","brand_revenue":1935.0,"category_revenue":489393.671875,"share_pct":0.4000000059604645},{"period":"2024-03","brand_revenue":1611.25,"category_revenue":520052.3828125,"share_pct":0.30000001192092896},{"period":"2024-04","brand_revenue":0.0,"category_revenue":491300.6640625,"share_pct":0.0},{"period":"2024-05","brand_revenue":0.0,"category_revenue":542202.890625,"share_pct":0.0},{"period":"2024-06","brand_revenue":0.0,"category_revenue":507288.8671875,"share_pct":0.0},{"period":"2024-07","brand_revenue":0.0,"category_revenue":524250.9765625,"share_pct":0.0},{"period":"2024-08","brand_revenue":0.0,"category_revenue":612518.7109375,"share_pct":0.0},{"period":"2024-09","brand_revenue":0.0,"category_revenue":586543.0078125,"share_pct":0.0},{"period":"2024-10","brand_revenue":0.0,"category_revenue":641449.1796875,"share_pct":0.0},{"period":"2024-11","brand_revenue":0.0,"category_revenue":579866.71875,"share_pct":0.0},{"period":"2024-12","brand_revenue":0.0,"category_revenue":582999.5703125,"share_pct":0.0},{"period":"2025-01","brand_revenue":0.0,"category_revenue":544095.3125,"share_pct":0.0},{"period":"2025-02","brand_revenue":0.0,"category_revenue":500875.5859375,"share_pct":0.0},{"period":"2025-03","brand_revenue":0.0,"category_revenue":551422.0703125,"share_pct":0.0},{"period":"2025-04","brand_revenue":0.0,"category_revenue":568189.375,"share_pct":0.0},{"period":"2025-05","brand_revenue":0.0,"category_revenue":565516.875,"share_pct":0.0},{"period":"2025-06","brand_revenue":0.0,"category_revenue":560506.71875,"share_pct":0.0},{"period":"2025-07","brand_revenue":0.0,"category_revenue":600916.09375,"share_pct":0.0},{"period":"2025-08","brand_revenue":0.0,"category_revenue":620247.5,"share_pct":0.0},{"period":"2025-09","brand_revenue":0.0,"category_revenue":608971.09375,"share_pct":0.0},{"period":"2025-10","brand_revenue":0.0,"category_revenue":645293.1640625,"share_pct":0.0},{"period":"2025-11","brand_revenue":0.0,"category_revenue":581113.4765625,"share_pct":0.0},{"period":"2025-12","brand_revenue":0.0,"category_revenue":553088.5546875,"share_pct":0.0},{"period":"2026-01","brand_revenue":0.0,"category_revenue":523350.9375,"share_pct":0.0}]},"velocity_by_category":[{"category":"DISPOSABLE VAPE","brand_units_per_day":0.64,"category_avg_units_per_day":28.36,"velocity_index":2.2,"brand_rev_per_unit":23.06,"category_rev_per_unit":32.31,"brands_in_category":35},{"category":"PRE ROLL","brand_units_per_day":0.6,"category_avg_units_per_day":42.38,"velocity_index":1.4,"brand_rev_per_unit":8.09,"category_rev_per_unit":7.54,"brands_in_category":46},{"category":"FLOWER","brand_units_per_day":0.36,"category_avg_units_per_day":55.54,"velocity_index":0.6,"brand_rev_per_unit":21.07,"category_rev_per_unit":22.97,"brands_in_category":64}],"store_gaps":[{"store":"Elevation Oasis","category":"FLOWER","category_revenue_at_store":18965980.0,"opportunity":"Brand not carried"},{"store":"Elevation Mesa","category":"FLOWER","category_revenue_at_store":18802848.75,"opportunity":"Brand not carried"},{"store":"Elevation Springs","category":"FLOWER","category_revenue_at_store":15953997.5,"opportunity":"Brand not carried"},{"store":"Elevation Boulevard","category":"FLOWER","category_revenue_at_store":10598290.0,"opportunity":"Brand not carried"},{"store":"Elevation Midtown","category":"FLOWER","category_revenue_at_store":8812107.5,"opportunity":"Brand not carried"},{"store":"Elevation Springs","category":"DISPOSABLE VAPE","category_revenue_at_store":7035213.75,"opportunity":"Brand not carried"},{"store":"Elevation Oasis","category":"DISPOSABLE VAPE","category_revenue_at_store":6417651.875,"opportunity":"Brand not carried"},{"store":"Elevation Mesa","category":"DISPOSABLE VAPE","category_revenue_at_store":5026743.75,"opportunity":"Brand not carried"},{"store":"Elevation Midtown","category":"DISPOSABLE VAPE","category_revenue_at_store":3643374.375,"opportunity":"Brand not carried"},{"store":"Elevation Springs","category":"PRE ROLL","category_revenue_at_store":3507525.9375,"opportunity":"Brand not carried"},{"store":"Elevation Mesa","category":"PRE ROLL","category_revenue_at_store":3458612.5,"opportunity":"Brand not carried"},{"store":"Elevation Boulevard","category":"DISPOSABLE VAPE","category_revenue_at_store":3324592.5,"opportunity":"Brand not carried"},{"store":"Elevation Boulevard","category":"PRE ROLL","category_revenue_at_store":2504075.3125,"opportunity":"Brand not carried"},{"store":"Elevation Oasis","category":"PRE ROLL","category_revenue_at_store":1460871.25,"opportunity":"Brand not carried"},{"store":"Elevation Midtown","category":"PRE ROLL","category_revenue_at_store":1326764.21875,"opportunity":"Brand not carried"},{"store":"Elevation Downtown","category":"DISPOSABLE VAPE","category_revenue_at_store":386406.2890625,"opportunity":"Brand not carried"},{"store":"Elevation Downtown","category":"FLOWER","category_revenue_at_store":324929.8828125,"opportunity":"Brand not carried"},{"store":"Elevation Downtown","category":"PRE ROLL","category_revenue_at_store":196139.1015625,"opportunity":"Brand not carried"}],"product_mix":{"top":[{"product":"RED POP M STICK DISPOSABLE VAPE - VVG","units":482,"revenue":13894.150390625,"cost":7531.25,"profit":6362.8997802734375,"stores":1,"transactions":446,"margin":45.79999923706055},{"product":"WEDDING CRASHER EIGHTH - VVG","units":108,"revenue":2810.625,"cost":1485.0,"profit":1325.625,"stores":1,"transactions":104,"margin":47.20000076293945},{"product":"747 EIGHTH - VVG","units":94,"revenue":2571.25,"cost":1292.5,"profit":1278.75,"stores":1,"transactions":82,"margin":49.70000076293945},{"product":"JEALOUSY EIGHTH - VVG","units":70,"revenue":1780.625,"cost":962.5,"profit":818.125,"stores":1,"transactions":64,"margin":45.900001525878906},{"product":"WEDDING CRASHER PRE ROLL - VVG","units":98,"revenue":976.25,"cost":490.0,"profit":486.25,"stores":1,"transactions":78,"margin":49.79999923706055},{"product":"NIMBUS SNACKS PRE ROLL - VVG","units":92,"revenue":952.5,"cost":460.0,"profit":492.5,"stores":1,"transactions":84,"margin":51.70000076293945},{"product":"GAS BASKET PRE ROLL - VVG","units":90,"revenue":915.0,"cost":450.0,"profit":465.0,"stores":1,"transactions":82,"margin":50.79999923706055},{"product":"WIFI BARZ PRE ROLL - VVG","units":96,"revenue":900.0,"cost":480.0,"profit":420.0,"stores":1,"transactions":74,"margin":46.70000076293945},{"product":"DREAM FACTORY PRE ROLL - VVG","units":80,"revenue":867.5,"cost":400.0,"profit":467.5,"stores":1,"transactions":70,"margin":53.900001525878906}],"bottom":[],"expansion":[]},"pricing_consistency":[],"promotional_effectiveness":{"lift":{"fp_units_per_day":3.88,"disc_units_per_day":6.64,"lift_pct":71.3,"fp_avg_revenue_per_unit":50.225,"disc_avg_revenue_per_unit":39.55},"by_deal":[{"deal_name":"Industry - 30% Off","uses":77,"revenue":3364.375,"discounts":1466.875,"units":184.0,"cost":1948.75,"margin":42.1,"discount_depth":60.8},{"deal_name":"VVG / Reina ; 2 for $45","uses":8,"revenue":757.5,"discounts":367.5,"units":30.0,"cost":468.75,"margin":38.1,"discount_depth":65.4}]},"growth_opportunities":[{"type":"distribution","title":"Expand to Elevation Springs","detail":"Store has $10,598,696 in DISPOSABLE VAPE, FLOWER, PRE ROLL \u2014 categories where VVG competes.","priority":"high"},{"type":"distribution","title":"Expand to Elevation Mesa","detail":"Store has $10,915,282 in DISPOSABLE VAPE, FLOWER, PRE ROLL \u2014 categories where VVG competes.","priority":"high"},{"type":"distribution","title":"Expand to Elevation Oasis","detail":"Store has $10,737,802 in DISPOSABLE VAPE, FLOWER, PRE ROLL \u2014 categories where VVG competes.","priority":"high"},{"type":"distribution","title":"Expand to Elevation Downtown","detail":"Store has $362,990 in DISPOSABLE VAPE, FLOWER, PRE ROLL \u2014 categories where VVG competes.","priority":"high"},{"type":"distribution","title":"Expand to Elevation Midtown","detail":"Store has $5,512,899 in DISPOSABLE VAPE, FLOWER, PRE ROLL \u2014 categories where VVG competes.","priority":"high"},{"type":"distribution","title":"Expand to Elevation Boulevard","detail":"Store has $6,570,783 in DISPOSABLE VAPE, FLOWER, PRE ROLL \u2014 categories where VVG competes.","priority":"high"},{"type":"velocity","title":"Improve velocity in DISPOSABLE VAPE","detail":"Velocity index 2 (below category average). 0.3 units/day vs 14.2 avg.","priority":"medium"},{"type":"velocity","title":"Improve velocity in PRE ROLL","detail":"Velocity index 1 (below category average). 0.3 units/day vs 21.2 avg.","priority":"medium"},{"type":"velocity","title":"Improve velocity in FLOWER","detail":"Velocity index 1 (below category average). 0.2 units/day vs 27.8 avg.","priority":"medium"}],"trend":[{"period":"2024-01","revenue":5461.25,"cost":2828.75,"margin":48.2,"units":266,"transactions":226,"profit":2632.5,"revenue_change_pct":null,"units_change_pct":null,"margin_change_pts":null},{"period":"2024-02","revenue":4819.375,"cost":2351.25,"margin":51.2,"units":290,"transactions":238,"profit":2468.125,"revenue_change_pct":-11.8,"units_change_pct":9.0,"margin_change_pts":3.0},{"period":"2024-03","revenue":3606.875,"cost":1933.75,"margin":46.4,"units":242,"transactions":212,"profit":1673.125,"revenue_change_pct":-25.2,"units_change_pct":-16.6,"margin_change_pts":-4.8},{"period":"2024-04","revenue":4527.5,"cost":2906.25,"margin":35.8,"units":186,"transactions":164,"profit":1621.25,"revenue_change_pct":25.5,"units_change_pct":-23.1,"margin_change_pts":-10.6},{"period":"2024-05","revenue":2701.0501098632812,"cost":1343.75,"margin":50.3,"units":86,"transactions":86,"profit":1357.2999572753906,"revenue_change_pct":-40.3,"units_change_pct":-53.8,"margin_change_pts":14.4},{"period":"2024-06","revenue":4126.8499755859375,"cost":2000.0,"margin":51.5,"units":128,"transactions":116,"profit":2126.8499755859375,"revenue_change_pct":52.8,"units_change_pct":48.8,"margin_change_pts":1.3},{"period":"2024-07","revenue":425.0,"cost":187.5,"margin":55.9,"units":12,"transactions":12,"profit":237.5,"revenue_change_pct":-89.7,"units_change_pct":-90.6,"margin_change_pts":4.3}]}