{"brand":"VVG","date_range":"2024-01-01 00:00:00 to 2026-01-31 00:00:00","period_label":"All Time","summary":{"total_units":1210,"total_revenue":25667.900390625,"total_cost":13551.25,"total_discounts":7457.1002197265625,"total_profit":12116.650390625,"overall_margin":47.20000076293945,"fp_margin":59.29999923706055,"disc_margin":41.599998474121094,"pct_full_price":31.899999618530273,"avg_discount_rate":22.5,"fp_revenue":8187.5,"disc_revenue":17480.400390625,"unique_customers":934,"brand":"VVG","date_range":"2024-01-01 00:00:00 to 2026-01-31 00:00:00","months_count":14,"avg_monthly_cost":1935.9,"cost_per_unit":22.400000000000002,"primary_category":"DISPOSABLE VAPE","primary_cat_margin":52.79999923706055,"category_rank":31,"category_total":35,"margin_vs_category":-5.599999904632568,"velocity_rank":31},"category_breakdown":[{"category_clean":"DISPOSABLE VAPE","units":482,"revenue":13894.150390625,"cost":7531.25,"profit":6362.8997802734375,"discounts":4180.849914550781,"margin":45.79999923706055,"category_avg_margin":52.79999923706055,"vs_category":-7.0,"rank":31.0,"total_brands":35.0},{"category_clean":"FLOWER","units":272,"revenue":7162.5,"cost":3740.0,"profit":3422.5,"discounts":2187.5,"margin":47.79999923706055,"category_avg_margin":54.099998474121094,"vs_category":-6.3,"rank":57.0,"total_brands":64.0},{"category_clean":"PRE ROLL","units":456,"revenue":4611.25,"cost":2280.0,"profit":2331.25,"discounts":1088.75,"margin":50.599998474121094,"category_avg_margin":48.29999923706055,"vs_category":2.3,"rank":34.0,"total_brands":46.0}],"trend":[{"period":"2024-01","revenue":5461.25,"cost":2828.75,"margin":48.2,"units":266,"transactions":226,"profit":2632.5,"revenue_change_pct":null,"units_change_pct":null,"margin_change_pts":null},{"period":"2024-02","revenue":4819.375,"cost":2351.25,"margin":51.2,"units":290,"transactions":238,"profit":2468.125,"revenue_change_pct":-11.8,"units_change_pct":9.0,"margin_change_pts":3.0},{"period":"2024-03","revenue":3606.875,"cost":1933.75,"margin":46.4,"units":242,"transactions":212,"profit":1673.125,"revenue_change_pct":-25.2,"units_change_pct":-16.6,"margin_change_pts":-4.8},{"period":"2024-04","revenue":4527.5,"cost":2906.25,"margin":35.8,"units":186,"transactions":164,"profit":1621.25,"revenue_change_pct":25.5,"units_change_pct":-23.1,"margin_change_pts":-10.6},{"period":"2024-05","revenue":2701.0501098632812,"cost":1343.75,"margin":50.3,"units":86,"transactions":86,"profit":1357.2999572753906,"revenue_change_pct":-40.3,"units_change_pct":-53.8,"margin_change_pts":14.4},{"period":"2024-06","revenue":4126.8499755859375,"cost":2000.0,"margin":51.5,"units":128,"transactions":116,"profit":2126.8499755859375,"revenue_change_pct":52.8,"units_change_pct":48.8,"margin_change_pts":1.3},{"period":"2024-07","revenue":425.0,"cost":187.5,"margin":55.9,"units":12,"transactions":12,"profit":237.5,"revenue_change_pct":-89.7,"units_change_pct":-90.6,"margin_change_pts":4.3}],"share_of_category":[{"category":"DISPOSABLE VAPE","brand_revenue":13894.150390625,"category_revenue":30552405.0,"revenue_share_pct":0.0,"brand_units":482,"category_units":756548,"units_share_pct":0.1},{"category":"FLOWER","brand_revenue":7162.5,"category_revenue":77755450.0,"revenue_share_pct":0.0,"brand_units":272,"category_units":2708446,"units_share_pct":0.0},{"category":"PRE ROLL","brand_revenue":4611.25,"category_revenue":14009791.25,"revenue_share_pct":0.0,"brand_units":456,"category_units":1485736,"units_share_pct":0.0}],"share_of_category_trend":{"DISPOSABLE VAPE":[{"period":"2024-01","brand_revenue":202.5,"category_revenue":933474.921875,"share_pct":0.0},{"period":"2024-02","brand_revenue":462.5,"category_revenue":877782.109375,"share_pct":0.10000000149011612},{"period":"2024-03","brand_revenue":1448.75,"category_revenue":990692.03125,"share_pct":0.10000000149011612},{"period":"2024-04","brand_revenue":4527.5,"category_revenue":971952.1875,"share_pct":0.5},{"period":"2024-05","brand_revenue":2701.0501098632812,"category_revenue":1035100.46875,"share_pct":0.30000001192092896},{"period":"2024-06","brand_revenue":4126.8499755859375,"category_revenue":1039794.21875,"share_pct":0.4000000059604645},{"period":"2024-07","brand_revenue":425.0,"category_revenue":1081636.5625,"share_pct":0.0},{"period":"2024-08","brand_revenue":0.0,"category_revenue":1098658.125,"share_pct":0.0},{"period":"2024-09","brand_revenue":0.0,"category_revenue":1056394.53125,"share_pct":0.0},{"period":"2024-10","brand_revenue":0.0,"category_revenue":1197041.171875,"share_pct":0.0},{"period":"2024-11","brand_revenue":0.0,"category_revenue":1193980.234375,"share_pct":0.0},{"period":"2024-12","brand_revenue":0.0,"category_revenue":1222008.984375,"share_pct":0.0},{"period":"2025-01","brand_revenue":0.0,"category_revenue":1100552.421875,"share_pct":0.0},{"period":"2025-02","brand_revenue":0.0,"category_revenue":1167271.25,"share_pct":0.0},{"period":"2025-03","brand_revenue":0.0,"category_revenue":1348856.71875,"share_pct":0.0},{"period":"2025-04","brand_revenue":0.0,"category_revenue":1414639.84375,"share_pct":0.0},{"period":"2025-05","brand_revenue":0.0,"category_revenue":1460588.4375,"share_pct":0.0},{"period":"2025-06","brand_revenue":0.0,"category_revenue":1320852.96875,"share_pct":0.0},{"period":"2025-07","brand_revenue":0.0,"category_revenue":1451194.84375,"share_pct":0.0},{"period":"2025-08","brand_revenue":0.0,"category_revenue":1403520.625,"share_pct":0.0},{"period":"2025-09","brand_revenue":0.0,"category_revenue":1317518.125,"share_pct":0.0},{"period":"2025-10","brand_revenue":0.0,"category_revenue":1511693.75,"share_pct":0.0},{"period":"2025-11","brand_revenue":0.0,"category_revenue":1481709.21875,"share_pct":0.0},{"period":"2025-12","brand_revenue":0.0,"category_revenue":1476896.875,"share_pct":0.0},{"period":"2026-01","brand_revenue":0.0,"category_revenue":1398594.84375,"share_pct":0.0}],"FLOWER":[{"period":"2024-01","brand_revenue":4193.75,"category_revenue":3552357.8125,"share_pct":0.10000000149011612},{"period":"2024-02","brand_revenue":2421.875,"category_revenue":3535245.625,"share_pct":0.10000000149011612},{"period":"2024-03","brand_revenue":546.875,"category_revenue":3693805.625,"share_pct":0.0},{"period":"2024-04","brand_revenue":0.0,"category_revenue":3541899.6875,"share_pct":0.0},{"period":"2024-05","brand_revenue":0.0,"category_revenue":3537479.375,"share_pct":0.0},{"period":"2024-06","brand_revenue":0.0,"category_revenue":3403269.6875,"share_pct":0.0},{"period":"2024-07","brand_revenue":0.0,"category_revenue":3457705.9375,"share_pct":0.0},{"period":"2024-08","brand_revenue":0.0,"category_revenue":3453819.375,"share_pct":0.0},{"period":"2024-09","brand_revenue":0.0,"category_revenue":3316441.5625,"share_pct":0.0},{"period":"2024-10","brand_revenue":0.0,"category_revenue":3585775.0,"share_pct":0.0},{"period":"2024-11","brand_revenue":0.0,"category_revenue":3454855.3125,"share_pct":0.0},{"period":"2024-12","brand_revenue":0.0,"category_revenue":3226567.8125,"share_pct":0.0},{"period":"2025-01","brand_revenue":0.0,"category_revenue":2984938.125,"share_pct":0.0},{"period":"2025-02","brand_revenue":0.0,"category_revenue":2816220.0,"share_pct":0.0},{"period":"2025-03","brand_revenue":0.0,"category_revenue":2911379.6875,"share_pct":0.0},{"period":"2025-04","brand_revenue":0.0,"category_revenue":3118895.3125,"share_pct":0.0},{"period":"2025-05","brand_revenue":0.0,"category_revenue":2887345.0,"share_pct":0.0},{"period":"2025-06","brand_revenue":0.0,"category_revenue":2773698.125,"share_pct":0.0},{"period":"2025-07","brand_revenue":0.0,"category_revenue":2782763.125,"share_pct":0.0},{"period":"2025-08","brand_revenue":0.0,"category_revenue":2733122.8125,"share_pct":0.0},{"period":"2025-09","brand_revenue":0.0,"category_revenue":2603501.5625,"share_pct":0.0},{"period":"2025-10","brand_revenue":0.0,"category_revenue":2663705.0,"share_pct":0.0},{"period":"2025-11","brand_revenue":0.0,"category_revenue":2700189.0625,"share_pct":0.0},{"period":"2025-12","brand_revenue":0.0,"category_revenue":2515209.53125,"share_pct":0.0},{"period":"2026-01","brand_revenue":0.0,"category_revenue":2505261.875,"share_pct":0.0}],"PRE ROLL":[{"period":"2024-01","brand_revenue":1065.0,"category_revenue":508338.515625,"share_pct":0.20000000298023224},{"period":"2024-02","brand_revenue":1935.0,"category_revenue":489393.671875,"share_pct":0.4000000059604645},{"period":"2024-03","brand_revenue":1611.25,"category_revenue":520052.3828125,"share_pct":0.30000001192092896},{"period":"2024-04","brand_revenue":0.0,"category_revenue":491300.6640625,"share_pct":0.0},{"period":"2024-05","brand_revenue":0.0,"category_revenue":542202.890625,"share_pct":0.0},{"period":"2024-06","brand_revenue":0.0,"category_revenue":507288.8671875,"share_pct":0.0},{"period":"2024-07","brand_revenue":0.0,"category_revenue":524250.9765625,"share_pct":0.0},{"period":"2024-08","brand_revenue":0.0,"category_revenue":612518.7109375,"share_pct":0.0},{"period":"2024-09","brand_revenue":0.0,"category_revenue":586543.0078125,"share_pct":0.0},{"period":"2024-10","brand_revenue":0.0,"category_revenue":641449.1796875,"share_pct":0.0},{"period":"2024-11","brand_revenue":0.0,"category_revenue":579866.71875,"share_pct":0.0},{"period":"2024-12","brand_revenue":0.0,"category_revenue":582999.5703125,"share_pct":0.0},{"period":"2025-01","brand_revenue":0.0,"category_revenue":544095.3125,"share_pct":0.0},{"period":"2025-02","brand_revenue":0.0,"category_revenue":500875.5859375,"share_pct":0.0},{"period":"2025-03","brand_revenue":0.0,"category_revenue":551422.0703125,"share_pct":0.0},{"period":"2025-04","brand_revenue":0.0,"category_revenue":568189.375,"share_pct":0.0},{"period":"2025-05","brand_revenue":0.0,"category_revenue":565516.875,"share_pct":0.0},{"period":"2025-06","brand_revenue":0.0,"category_revenue":560506.71875,"share_pct":0.0},{"period":"2025-07","brand_revenue":0.0,"category_revenue":600916.09375,"share_pct":0.0},{"period":"2025-08","brand_revenue":0.0,"category_revenue":620247.5,"share_pct":0.0},{"period":"2025-09","brand_revenue":0.0,"category_revenue":608971.09375,"share_pct":0.0},{"period":"2025-10","brand_revenue":0.0,"category_revenue":645293.1640625,"share_pct":0.0},{"period":"2025-11","brand_revenue":0.0,"category_revenue":581113.4765625,"share_pct":0.0},{"period":"2025-12","brand_revenue":0.0,"category_revenue":553088.5546875,"share_pct":0.0},{"period":"2026-01","brand_revenue":0.0,"category_revenue":523350.9375,"share_pct":0.0}]},"discount_depth":[{"tier":"0% (Full Price)","transactions":302,"pct_of_transactions":27.9,"revenue":8187.5,"avg_discount":0.0},{"tier":"1-10%","transactions":26,"pct_of_transactions":2.4,"revenue":650.1249694824219,"avg_discount":18.399999618530273},{"tier":"11-20%","transactions":164,"pct_of_transactions":15.1,"revenue":4730.1751708984375,"avg_discount":34.599998474121094},{"tier":"21-30%","transactions":20,"pct_of_transactions":1.8,"revenue":862.6000213623047,"avg_discount":49.400001525878906},{"tier":"31%+","transactions":220,"pct_of_transactions":20.3,"revenue":4797.5,"avg_discount":81.5999984741211}],"velocity":{"units_per_day":6.24,"revenue_per_day":132.29999542236328,"avg_units_per_txn":2.3,"days_of_data":194,"total_units":1210,"total_transactions":1054},"velocity_by_category":[{"category":"DISPOSABLE VAPE","brand_units_per_day":0.64,"category_avg_units_per_day":28.36,"velocity_index":2.2,"brand_rev_per_unit":23.06,"category_rev_per_unit":32.31,"brands_in_category":35},{"category":"PRE ROLL","brand_units_per_day":0.6,"category_avg_units_per_day":42.38,"velocity_index":1.4,"brand_rev_per_unit":8.09,"category_rev_per_unit":7.54,"brands_in_category":46},{"category":"FLOWER","brand_units_per_day":0.36,"category_avg_units_per_day":55.54,"velocity_index":0.6,"brand_rev_per_unit":21.07,"category_rev_per_unit":22.97,"brands_in_category":64}],"deals":[{"deal_name":"Industry - 30% Off","times_used":154,"units":184.0,"revenue":3364.375,"discounts":1466.875,"cost":1948.75,"profit":1415.625,"pre_discount_revenue":4831.25,"margin":42.1,"avg_discount":60.8},{"deal_name":"VVG / Reina ; 2 for $45","times_used":16,"units":30.0,"revenue":757.5,"discounts":367.5,"cost":468.75,"profit":288.75,"pre_discount_revenue":1125.0,"margin":38.1,"avg_discount":65.4}],"top_products":[{"product":"RED POP M STICK DISPOSABLE VAPE - VVG","units":482,"revenue":13894.150390625,"cost":7531.25,"profit":6362.8997802734375,"transactions":446,"margin":45.79999923706055},{"product":"WEDDING CRASHER EIGHTH - VVG","units":108,"revenue":2810.625,"cost":1485.0,"profit":1325.625,"transactions":104,"margin":47.20000076293945},{"product":"747 EIGHTH - VVG","units":94,"revenue":2571.25,"cost":1292.5,"profit":1278.75,"transactions":82,"margin":49.70000076293945},{"product":"JEALOUSY EIGHTH - VVG","units":70,"revenue":1780.625,"cost":962.5,"profit":818.125,"transactions":64,"margin":45.900001525878906},{"product":"WEDDING CRASHER PRE ROLL - VVG","units":98,"revenue":976.25,"cost":490.0,"profit":486.25,"transactions":78,"margin":49.79999923706055},{"product":"NIMBUS SNACKS PRE ROLL - VVG","units":92,"revenue":952.5,"cost":460.0,"profit":492.5,"transactions":84,"margin":51.70000076293945},{"product":"GAS BASKET PRE ROLL - VVG","units":90,"revenue":915.0,"cost":450.0,"profit":465.0,"transactions":82,"margin":50.79999923706055},{"product":"WIFI BARZ PRE ROLL - VVG","units":96,"revenue":900.0,"cost":480.0,"profit":420.0,"transactions":74,"margin":46.70000076293945},{"product":"DREAM FACTORY PRE ROLL - VVG","units":80,"revenue":867.5,"cost":400.0,"profit":467.5,"transactions":70,"margin":53.900001525878906}],"products_by_store":{"Elevation Parkway":[{"product":"RED POP M STICK DISPOSABLE VAPE - VVG","units":482,"revenue":13894.150390625,"cost":7531.25,"profit":6362.8997802734375,"transactions":446,"margin":45.79999923706055},{"product":"WEDDING CRASHER EIGHTH - VVG","units":108,"revenue":2810.625,"cost":1485.0,"profit":1325.625,"transactions":104,"margin":47.20000076293945},{"product":"747 EIGHTH - VVG","units":94,"revenue":2571.25,"cost":1292.5,"profit":1278.75,"transactions":82,"margin":49.70000076293945},{"product":"JEALOUSY EIGHTH - VVG","units":70,"revenue":1780.625,"cost":962.5,"profit":818.125,"transactions":64,"margin":45.900001525878906},{"product":"WEDDING CRASHER PRE ROLL - VVG","units":98,"revenue":976.25,"cost":490.0,"profit":486.25,"transactions":78,"margin":49.79999923706055},{"product":"NIMBUS SNACKS PRE ROLL - VVG","units":92,"revenue":952.5,"cost":460.0,"profit":492.5,"transactions":84,"margin":51.70000076293945},{"product":"GAS BASKET PRE ROLL - VVG","units":90,"revenue":915.0,"cost":450.0,"profit":465.0,"transactions":82,"margin":50.79999923706055},{"product":"WIFI BARZ PRE ROLL - VVG","units":96,"revenue":900.0,"cost":480.0,"profit":420.0,"transactions":74,"margin":46.70000076293945},{"product":"DREAM FACTORY PRE ROLL - VVG","units":80,"revenue":867.5,"cost":400.0,"profit":467.5,"transactions":70,"margin":53.900001525878906}]},"store_summary":[{"store_clean":"Elevation Parkway","units":1210,"revenue":25667.900390625,"cost":13551.25,"profit":12116.650390625,"discounts":7457.1002197265625,"margin":47.20000076293945,"discount_rate":22.5}],"recommendations":[{"severity":"yellow","title":"CATEGORY BENCHMARK GAP","detail":"Overall margin (47.2%) trails DISPOSABLE VAPE average (52.8%) by 5.6 pts.","action":"Negotiate cost reduction or increase retail price."},{"severity":"info","title":"VOLUME LEVERAGE","detail":"$10,267 revenue provides negotiating leverage.","action":"Use volume as leverage in next vendor meeting."}],"comparison":null}