{"brand":"SUMMA","date_range":"2024-01-01 00:00:00 to 2026-01-31 00:00:00","period_label":"All Time","summary":{"total_units":1142,"total_revenue":29245.0,"total_cost":11420.0,"total_discounts":13580.0,"total_profit":17825.0,"overall_margin":61.0,"fp_margin":73.30000305175781,"disc_margin":59.599998474121094,"pct_full_price":9.699999809265137,"avg_discount_rate":31.700000762939453,"fp_revenue":2850.0,"disc_revenue":26395.0,"unique_customers":756,"brand":"SUMMA","date_range":"2024-01-01 00:00:00 to 2026-01-31 00:00:00","months_count":6,"avg_monthly_cost":3806.675,"cost_per_unit":20.0,"primary_category":"FLOWER","primary_cat_margin":54.099998474121094,"category_rank":52,"category_total":64,"margin_vs_category":6.900000095367432,"velocity_rank":52},"category_breakdown":[{"category_clean":"FLOWER","units":1142,"revenue":29245.0,"cost":11420.0,"profit":17825.0,"discounts":13580.0,"margin":61.0,"category_avg_margin":54.099998474121094,"vs_category":6.9,"rank":52.0,"total_brands":64.0}],"trend":[{"period":"2025-11","revenue":12504.749755859375,"cost":4920.0,"margin":60.7,"units":492,"transactions":370,"profit":7584.749755859375,"revenue_change_pct":null,"units_change_pct":null,"margin_change_pts":null},{"period":"2025-12","revenue":9534.500122070312,"cost":3660.0,"margin":61.6,"units":366,"transactions":278,"profit":5874.5001220703125,"revenue_change_pct":-23.8,"units_change_pct":-25.6,"margin_change_pts":1.0},{"period":"2026-01","revenue":7205.7501220703125,"cost":2840.0,"margin":60.6,"units":284,"transactions":240,"profit":4365.7501220703125,"revenue_change_pct":-24.4,"units_change_pct":-22.4,"margin_change_pts":-1.0}],"share_of_category":[{"category":"FLOWER","brand_revenue":29245.0,"category_revenue":77755450.0,"revenue_share_pct":0.0,"brand_units":1142,"category_units":2708446,"units_share_pct":0.0}],"share_of_category_trend":{"FLOWER":[{"period":"2024-01","brand_revenue":0.0,"category_revenue":3552357.8125,"share_pct":0.0},{"period":"2024-02","brand_revenue":0.0,"category_revenue":3535245.625,"share_pct":0.0},{"period":"2024-03","brand_revenue":0.0,"category_revenue":3693805.625,"share_pct":0.0},{"period":"2024-04","brand_revenue":0.0,"category_revenue":3541899.6875,"share_pct":0.0},{"period":"2024-05","brand_revenue":0.0,"category_revenue":3537479.375,"share_pct":0.0},{"period":"2024-06","brand_revenue":0.0,"category_revenue":3403269.6875,"share_pct":0.0},{"period":"2024-07","brand_revenue":0.0,"category_revenue":3457705.9375,"share_pct":0.0},{"period":"2024-08","brand_revenue":0.0,"category_revenue":3453819.375,"share_pct":0.0},{"period":"2024-09","brand_revenue":0.0,"category_revenue":3316441.5625,"share_pct":0.0},{"period":"2024-10","brand_revenue":0.0,"category_revenue":3585775.0,"share_pct":0.0},{"period":"2024-11","brand_revenue":0.0,"category_revenue":3454855.3125,"share_pct":0.0},{"period":"2024-12","brand_revenue":0.0,"category_revenue":3226567.8125,"share_pct":0.0},{"period":"2025-01","brand_revenue":0.0,"category_revenue":2984938.125,"share_pct":0.0},{"period":"2025-02","brand_revenue":0.0,"category_revenue":2816220.0,"share_pct":0.0},{"period":"2025-03","brand_revenue":0.0,"category_revenue":2911379.6875,"share_pct":0.0},{"period":"2025-04","brand_revenue":0.0,"category_revenue":3118895.3125,"share_pct":0.0},{"period":"2025-05","brand_revenue":0.0,"category_revenue":2887345.0,"share_pct":0.0},{"period":"2025-06","brand_revenue":0.0,"category_revenue":2773698.125,"share_pct":0.0},{"period":"2025-07","brand_revenue":0.0,"category_revenue":2782763.125,"share_pct":0.0},{"period":"2025-08","brand_revenue":0.0,"category_revenue":2733122.8125,"share_pct":0.0},{"period":"2025-09","brand_revenue":0.0,"category_revenue":2603501.5625,"share_pct":0.0},{"period":"2025-10","brand_revenue":0.0,"category_revenue":2663705.0,"share_pct":0.0},{"period":"2025-11","brand_revenue":12504.749755859375,"category_revenue":2700189.0625,"share_pct":0.5},{"period":"2025-12","brand_revenue":9534.500122070312,"category_revenue":2515209.53125,"share_pct":0.4000000059604645},{"period":"2026-01","brand_revenue":7205.7501220703125,"category_revenue":2505261.875,"share_pct":0.30000001192092896}]},"discount_depth":[{"tier":"0% (Full Price)","transactions":76,"pct_of_transactions":7.9,"revenue":2850.0,"avg_discount":0.0},{"tier":"1-10%","transactions":6,"pct_of_transactions":0.6,"revenue":202.5,"avg_discount":20.0},{"tier":"11-20%","transactions":0,"pct_of_transactions":0.0,"revenue":0.0,"avg_discount":0},{"tier":"21-30%","transactions":2,"pct_of_transactions":0.2,"revenue":56.25,"avg_discount":50.0},{"tier":"31%+","transactions":784,"pct_of_transactions":81.7,"revenue":23721.25,"avg_discount":69.19999694824219}],"velocity":{"units_per_day":12.84,"revenue_per_day":328.6000061035156,"avg_units_per_txn":2.58,"days_of_data":89,"total_units":1142,"total_transactions":888},"velocity_by_category":[{"category":"FLOWER","brand_units_per_day":1.5,"category_avg_units_per_day":55.54,"velocity_index":2.7,"brand_rev_per_unit":20.49,"category_rev_per_unit":22.97,"brands_in_category":64}],"deals":[{"deal_name":"Lit4Less - 1/4 for $40","times_used":606,"units":844.0,"revenue":21082.174998521805,"discounts":10567.825001478195,"cost":8440.0,"profit":12642.174997925758,"pre_discount_revenue":31650.0,"margin":60.0,"avg_discount":66.8},{"deal_name":"35% Off Special","times_used":46,"units":48.0,"revenue":1170.0,"discounts":630.0,"cost":480.0,"profit":690.0,"pre_discount_revenue":1800.0,"margin":59.0,"avg_discount":70.0},{"deal_name":"50% Off - G2B","times_used":40,"units":50.0,"revenue":937.5,"discounts":937.5,"cost":500.0,"profit":437.5,"pre_discount_revenue":1875.0,"margin":46.7,"avg_discount":100.0},{"deal_name":"30% Off Special","times_used":32,"units":32.0,"revenue":840.0,"discounts":360.0,"cost":320.0,"profit":520.0,"pre_discount_revenue":1200.0,"margin":61.9,"avg_discount":60.0},{"deal_name":"Industry 30% Off","times_used":30,"units":32.0,"revenue":840.0,"discounts":360.0,"cost":320.0,"profit":520.0,"pre_discount_revenue":1200.0,"margin":61.9,"avg_discount":60.0},{"deal_name":"Employee 30% - NOT FRIDAYS","times_used":16,"units":15.0,"revenue":383.32499980926514,"discounts":179.17500019073486,"cost":150.0,"profit":233.32499980926514,"pre_discount_revenue":562.5,"margin":60.9,"avg_discount":63.8},{"deal_name":"Employee - 40% OFF","times_used":12,"units":12.0,"revenue":270.0,"discounts":180.0,"cost":120.0,"profit":150.0,"pre_discount_revenue":450.0,"margin":55.6,"avg_discount":80.0},{"deal_name":"Jackpot - Locals 30% Off","times_used":6,"units":6.0,"revenue":157.5,"discounts":67.5,"cost":60.0,"profit":97.5,"pre_discount_revenue":225.0,"margin":61.9,"avg_discount":60.0},{"deal_name":"Veterans - 10% Off","times_used":4,"units":4.0,"revenue":135.0,"discounts":15.0,"cost":40.0,"profit":95.0,"pre_discount_revenue":150.0,"margin":70.4,"avg_discount":20.0},{"deal_name":"LVAC - 25% Off","times_used":2,"units":2.0,"revenue":56.25,"discounts":18.75,"cost":20.0,"profit":36.25,"pre_discount_revenue":75.0,"margin":64.4,"avg_discount":50.0},{"deal_name":"Senior - 10% Off","times_used":2,"units":2.0,"revenue":67.5,"discounts":7.5,"cost":20.0,"profit":47.5,"pre_discount_revenue":75.0,"margin":70.4,"avg_discount":20.0},{"deal_name":"Store Credit - $15","times_used":2,"units":1.0,"revenue":15.625,"discounts":21.875,"cost":10.0,"profit":5.625,"pre_discount_revenue":37.5,"margin":36.0,"avg_discount":116.6},{"deal_name":"Store Credit - $25","times_used":2,"units":1.0,"revenue":15.824999809265137,"discounts":21.675000190734863,"cost":10.0,"profit":5.824999809265137,"pre_discount_revenue":37.5,"margin":36.8,"avg_discount":115.6},{"deal_name":"Store Credit - $75","times_used":2,"units":1.0,"revenue":18.300000429153442,"discounts":19.199999570846558,"cost":10.0,"profit":8.299999833106995,"pre_discount_revenue":37.5,"margin":45.4,"avg_discount":102.4}],"top_products":[{"product":"MULE FUEL EIGHTH - SUMMA","units":500,"revenue":12840.50048828125,"cost":5000.0,"profit":7840.4998779296875,"transactions":416,"margin":61.099998474121094},{"product":"GRASSHOPPER EIGHTH - SUMMA","units":444,"revenue":11350.74951171875,"cost":4440.0,"profit":6910.7501220703125,"transactions":384,"margin":60.900001525878906},{"product":"BISCOTTI SUNDAE EIGHTH - SUMMA","units":124,"revenue":3195.0,"cost":1240.0,"profit":1955.0,"transactions":102,"margin":61.20000076293945},{"product":"RESIDUAL SUGAR EIGHTH - SUMMA","units":74,"revenue":1858.75,"cost":740.0,"profit":1118.75,"transactions":58,"margin":60.20000076293945}],"products_by_store":{"Elevation Springs":[{"product":"MULE FUEL EIGHTH - SUMMA","units":100,"revenue":2650.0,"cost":1000.0,"profit":1650.0,"transactions":88,"margin":62.29999923706055},{"product":"RESIDUAL SUGAR EIGHTH - SUMMA","units":74,"revenue":1858.75,"cost":740.0,"profit":1118.75,"transactions":58,"margin":60.20000076293945},{"product":"BISCOTTI SUNDAE EIGHTH - SUMMA","units":60,"revenue":1520.0,"cost":600.0,"profit":920.0,"transactions":48,"margin":60.5},{"product":"GRASSHOPPER EIGHTH - SUMMA","units":58,"revenue":1510.0,"cost":580.0,"profit":930.0,"transactions":58,"margin":61.599998474121094}],"Elevation Mesa":[{"product":"MULE FUEL EIGHTH - SUMMA","units":100,"revenue":2565.0,"cost":1000.0,"profit":1565.0,"transactions":92,"margin":61.0},{"product":"GRASSHOPPER EIGHTH - SUMMA","units":86,"revenue":2230.0,"cost":860.0,"profit":1370.0,"transactions":80,"margin":61.400001525878906},{"product":"BISCOTTI SUNDAE EIGHTH - SUMMA","units":64,"revenue":1675.0,"cost":640.0,"profit":1035.0,"transactions":54,"margin":61.79999923706055}],"Elevation Oasis":[{"product":"MULE FUEL EIGHTH - SUMMA","units":150,"revenue":3921.6000366210938,"cost":1500.0,"profit":2421.6000366210938,"transactions":100,"margin":61.79999923706055},{"product":"GRASSHOPPER EIGHTH - SUMMA","units":150,"revenue":3828.2501220703125,"cost":1500.0,"profit":2328.249969482422,"transactions":98,"margin":60.79999923706055}],"Elevation Boulevard":[{"product":"GRASSHOPPER EIGHTH - SUMMA","units":150,"revenue":3782.5,"cost":1500.0,"profit":2282.5,"transactions":148,"margin":60.29999923706055},{"product":"MULE FUEL EIGHTH - SUMMA","units":150,"revenue":3703.900146484375,"cost":1500.0,"profit":2203.8999938964844,"transactions":136,"margin":59.5}]},"store_summary":[{"store_clean":"Elevation Oasis","units":300,"revenue":7749.849853515625,"cost":3000.0,"profit":4749.849853515625,"discounts":3500.150146484375,"margin":61.29999923706055,"discount_rate":31.100000381469727},{"store_clean":"Elevation Springs","units":292,"revenue":7538.75,"cost":2920.0,"profit":4618.75,"discounts":3411.25,"margin":61.29999923706055,"discount_rate":31.200000762939453},{"store_clean":"Elevation Boulevard","units":300,"revenue":7486.400146484375,"cost":3000.0,"profit":4486.400146484375,"discounts":3763.599853515625,"margin":59.900001525878906,"discount_rate":33.5},{"store_clean":"Elevation Mesa","units":250,"revenue":6470.0,"cost":2500.0,"profit":3970.0,"discounts":2905.0,"margin":61.400001525878906,"discount_rate":31.0}],"recommendations":[{"severity":"red","title":"HIGH PROMOTION DEPENDENCY","detail":"Only 10% sells at full price. Heavy discounting required.","action":"Test reducing deal frequency \u2014 track velocity without promos."},{"severity":"info","title":"VOLUME LEVERAGE","detail":"$11,698 revenue provides negotiating leverage.","action":"Use volume as leverage in next vendor meeting."}],"comparison":null}