{"brand":"DR ZODIAK","date_range":"2024-01-01 00:00:00 to 2026-01-31 00:00:00","period_label":"All Time","summary":{"total_units":1829,"total_revenue":54686.55859375,"total_cost":27144.0,"total_discounts":9849.439453125,"total_profit":27542.55859375,"overall_margin":50.400001525878906,"fp_margin":58.0,"disc_margin":40.599998474121094,"pct_full_price":56.20000076293945,"avg_discount_rate":15.300000190734863,"fp_revenue":30712.0,"disc_revenue":23974.560546875,"brand":"DR ZODIAK","date_range":"2024-01-01 00:00:00 to 2026-01-31 00:00:00","primary_category":"DISPOSABLE VAPE","store_coverage":"6/7","stores_present":["Thrive Cactus","Thrive Cheyenne","Thrive Jackpot","Thrive Reno","Thrive Sahara","Thrive Sammy"],"stores_missing":["Thrive Main Street"],"velocity_rank":30,"velocity_total":35},"distribution":[{"store":"Thrive Cactus","carries_brand":true,"sku_count":6,"revenue":12359.0,"units":399,"store_total_revenue":20455500.0,"brand_share_pct":0.10000000149011612},{"store":"Thrive Cheyenne","carries_brand":true,"sku_count":5,"revenue":7859.39990234375,"units":273,"store_total_revenue":19012896.0,"brand_share_pct":0.0},{"store":"Thrive Jackpot","carries_brand":true,"sku_count":5,"revenue":10142.08984375,"units":325,"store_total_revenue":22420058.0,"brand_share_pct":0.0},{"store":"Thrive Main Street","carries_brand":false,"sku_count":0,"revenue":0,"units":0,"store_total_revenue":778094.875,"brand_share_pct":0},{"store":"Thrive Reno","carries_brand":true,"sku_count":5,"revenue":9416.009765625,"units":317,"store_total_revenue":12340074.0,"brand_share_pct":0.10000000149011612},{"store":"Thrive Sahara","carries_brand":true,"sku_count":5,"revenue":5592.9599609375,"units":222,"store_total_revenue":11503146.0,"brand_share_pct":0.0},{"store":"Thrive Sammy","carries_brand":true,"sku_count":5,"revenue":9317.099609375,"units":293,"store_total_revenue":8794803.0,"brand_share_pct":0.10000000149011612}],"share_of_category":[{"category":"DISPOSABLE VAPE","brand_revenue":17247.91015625,"category_revenue":12220962.0,"revenue_share_pct":0.10000000149011612,"brand_units":438,"category_units":378274,"units_share_pct":0.1},{"category":"CARTRIDGE","brand_revenue":16512.529296875,"category_revenue":18462052.0,"revenue_share_pct":0.10000000149011612,"brand_units":470,"category_units":766448,"units_share_pct":0.1},{"category":"INFUSED FLOWER","brand_revenue":11122.16015625,"category_revenue":206139.28125,"revenue_share_pct":5.400000095367432,"brand_units":374,"category_units":7912,"units_share_pct":4.7},{"category":"INFUSED PRE ROLL","brand_revenue":9803.9599609375,"category_revenue":4123240.5,"revenue_share_pct":0.20000000298023224,"brand_units":547,"category_units":244037,"units_share_pct":0.2}],"share_of_category_trend":{"DISPOSABLE VAPE":[{"period":"2024-01","brand_revenue":0.0,"category_revenue":373389.96875,"share_pct":0.0},{"period":"2024-02","brand_revenue":0.0,"category_revenue":351112.84375,"share_pct":0.0},{"period":"2024-03","brand_revenue":4771.14013671875,"category_revenue":396276.8125,"share_pct":1.2000000476837158},{"period":"2024-04","brand_revenue":1400.6300048828125,"category_revenue":388780.875,"share_pct":0.4000000059604645},{"period":"2024-05","brand_revenue":4685.10009765625,"category_revenue":414040.1875,"share_pct":1.100000023841858},{"period":"2024-06","brand_revenue":2879.64013671875,"category_revenue":415917.6875,"share_pct":0.699999988079071},{"period":"2024-07","brand_revenue":2670.60009765625,"category_revenue":432654.625,"share_pct":0.6000000238418579},{"period":"2024-08","brand_revenue":142.60000610351562,"category_revenue":439463.25,"share_pct":0.0},{"period":"2024-09","brand_revenue":256.20001220703125,"category_revenue":422557.8125,"share_pct":0.10000000149011612},{"period":"2024-10","brand_revenue":290.0,"category_revenue":478816.46875,"share_pct":0.10000000149011612},{"period":"2024-11","brand_revenue":152.0,"category_revenue":477592.09375,"share_pct":0.0},{"period":"2024-12","brand_revenue":0.0,"category_revenue":488803.59375,"share_pct":0.0},{"period":"2025-01","brand_revenue":0.0,"category_revenue":440220.96875,"share_pct":0.0},{"period":"2025-02","brand_revenue":0.0,"category_revenue":466908.5,"share_pct":0.0},{"period":"2025-03","brand_revenue":0.0,"category_revenue":539542.6875,"share_pct":0.0},{"period":"2025-04","brand_revenue":0.0,"category_revenue":565855.9375,"share_pct":0.0},{"period":"2025-05","brand_revenue":0.0,"category_revenue":584235.375,"share_pct":0.0},{"period":"2025-06","brand_revenue":0.0,"category_revenue":528341.1875,"share_pct":0.0},{"period":"2025-07","brand_revenue":0.0,"category_revenue":580477.9375,"share_pct":0.0},{"period":"2025-08","brand_revenue":0.0,"category_revenue":561408.25,"share_pct":0.0},{"period":"2025-09","brand_revenue":0.0,"category_revenue":527007.25,"share_pct":0.0},{"period":"2025-10","brand_revenue":0.0,"category_revenue":604677.5,"share_pct":0.0},{"period":"2025-11","brand_revenue":0.0,"category_revenue":592683.6875,"share_pct":0.0},{"period":"2025-12","brand_revenue":0.0,"category_revenue":590758.75,"share_pct":0.0},{"period":"2026-01","brand_revenue":0.0,"category_revenue":559437.9375,"share_pct":0.0}],"CARTRIDGE":[{"period":"2024-01","brand_revenue":0.0,"category_revenue":823070.25,"share_pct":0.0},{"period":"2024-02","brand_revenue":0.0,"category_revenue":856711.125,"share_pct":0.0},{"period":"2024-03","brand_revenue":4351.2998046875,"category_revenue":915420.875,"share_pct":0.5},{"period":"2024-04","brand_revenue":4531.7998046875,"category_revenue":838728.1875,"share_pct":0.5},{"period":"2024-05","brand_revenue":4090.10009765625,"category_revenue":855215.4375,"share_pct":0.5},{"period":"2024-06","brand_revenue":2726.330078125,"category_revenue":807049.5625,"share_pct":0.30000001192092896},{"period":"2024-07","brand_revenue":332.0,"category_revenue":812767.3125,"share_pct":0.0},{"period":"2024-08","brand_revenue":481.0,"category_revenue":852953.0625,"share_pct":0.10000000149011612},{"period":"2024-09","brand_revenue":0.0,"category_revenue":782162.8125,"share_pct":0.0},{"period":"2024-10","brand_revenue":0.0,"category_revenue":833597.25,"share_pct":0.0},{"period":"2024-11","brand_revenue":0.0,"category_revenue":815443.75,"share_pct":0.0},{"period":"2024-12","brand_revenue":0.0,"category_revenue":801572.8125,"share_pct":0.0},{"period":"2025-01","brand_revenue":0.0,"category_revenue":768687.6875,"share_pct":0.0},{"period":"2025-02","brand_revenue":0.0,"category_revenue":667459.0,"share_pct":0.0},{"period":"2025-03","brand_revenue":0.0,"category_revenue":703484.5,"share_pct":0.0},{"period":"2025-04","brand_revenue":0.0,"category_revenue":694399.0,"share_pct":0.0},{"period":"2025-05","brand_revenue":0.0,"category_revenue":675520.1875,"share_pct":0.0},{"period":"2025-06","brand_revenue":0.0,"category_revenue":637806.0,"share_pct":0.0},{"period":"2025-07","brand_revenue":0.0,"category_revenue":638295.8125,"share_pct":0.0},{"period":"2025-08","brand_revenue":0.0,"category_revenue":670995.875,"share_pct":0.0},{"period":"2025-09","brand_revenue":0.0,"category_revenue":615819.1875,"share_pct":0.0},{"period":"2025-10","brand_revenue":0.0,"category_revenue":619563.6875,"share_pct":0.0},{"period":"2025-11","brand_revenue":0.0,"category_revenue":618172.0625,"share_pct":0.0},{"period":"2025-12","brand_revenue":0.0,"category_revenue":587131.3125,"share_pct":0.0},{"period":"2026-01","brand_revenue":0.0,"category_revenue":570025.625,"share_pct":0.0}],"INFUSED FLOWER":[{"period":"2024-01","brand_revenue":0.0,"category_revenue":2628.10009765625,"share_pct":0.0},{"period":"2024-02","brand_revenue":0.0,"category_revenue":7337.4501953125,"share_pct":0.0},{"period":"2024-03","brand_revenue":2800.0,"category_revenue":12407.330078125,"share_pct":22.600000381469727},{"period":"2024-04","brand_revenue":2940.0,"category_revenue":12638.73046875,"share_pct":23.299999237060547},{"period":"2024-05","brand_revenue":1784.8399658203125,"category_revenue":8623.5205078125,"share_pct":20.700000762939453},{"period":"2024-06","brand_revenue":1771.219970703125,"category_revenue":9818.1201171875,"share_pct":18.0},{"period":"2024-07","brand_revenue":738.2999877929688,"category_revenue":6765.2001953125,"share_pct":10.899999618530273},{"period":"2024-08","brand_revenue":369.3999938964844,"category_revenue":6643.39990234375,"share_pct":5.599999904632568},{"period":"2024-09","brand_revenue":568.5999755859375,"category_revenue":7957.4501953125,"share_pct":7.099999904632568},{"period":"2024-10","brand_revenue":149.8000030517578,"category_revenue":6885.27001953125,"share_pct":2.200000047683716},{"period":"2024-11","brand_revenue":0.0,"category_revenue":6099.75,"share_pct":0.0},{"period":"2024-12","brand_revenue":0.0,"category_revenue":3824.39990234375,"share_pct":0.0},{"period":"2025-01","brand_revenue":0.0,"category_revenue":4061.800048828125,"share_pct":0.0},{"period":"2025-02","brand_revenue":0.0,"category_revenue":5771.85009765625,"share_pct":0.0},{"period":"2025-03","brand_revenue":0.0,"category_revenue":6721.8798828125,"share_pct":0.0},{"period":"2025-04","brand_revenue":0.0,"category_revenue":10876.2802734375,"share_pct":0.0},{"period":"2025-05","brand_revenue":0.0,"category_revenue":9942.4501953125,"share_pct":0.0},{"period":"2025-06","brand_revenue":0.0,"category_revenue":11501.9296875,"share_pct":0.0},{"period":"2025-07","brand_revenue":0.0,"category_revenue":10780.919921875,"share_pct":0.0},{"period":"2025-08","brand_revenue":0.0,"category_revenue":13375.4697265625,"share_pct":0.0},{"period":"2025-09","brand_revenue":0.0,"category_revenue":15493.8603515625,"share_pct":0.0},{"period":"2025-10","brand_revenue":0.0,"category_revenue":9178.9599609375,"share_pct":0.0},{"period":"2025-11","brand_revenue":0.0,"category_revenue":6378.169921875,"share_pct":0.0},{"period":"2025-12","brand_revenue":0.0,"category_revenue":3722.330078125,"share_pct":0.0},{"period":"2026-01","brand_revenue":0.0,"category_revenue":6704.64990234375,"share_pct":0.0}],"INFUSED PRE ROLL":[{"period":"2024-01","brand_revenue":0.0,"category_revenue":164363.140625,"share_pct":0.0},{"period":"2024-02","brand_revenue":0.0,"category_revenue":183484.59375,"share_pct":0.0},{"period":"2024-03","brand_revenue":4515.0,"category_revenue":170985.75,"share_pct":2.5999999046325684},{"period":"2024-04","brand_revenue":3110.85009765625,"category_revenue":171479.984375,"share_pct":1.7999999523162842},{"period":"2024-05","brand_revenue":1087.3699951171875,"category_revenue":200439.328125,"share_pct":0.5},{"period":"2024-06","brand_revenue":339.739990234375,"category_revenue":190928.3125,"share_pct":0.20000000298023224},{"period":"2024-07","brand_revenue":477.0,"category_revenue":191752.84375,"share_pct":0.20000000298023224},{"period":"2024-08","brand_revenue":274.0,"category_revenue":189743.640625,"share_pct":0.10000000149011612},{"period":"2024-09","brand_revenue":0.0,"category_revenue":169712.046875,"share_pct":0.0},{"period":"2024-10","brand_revenue":0.0,"category_revenue":188336.265625,"share_pct":0.0},{"period":"2024-11","brand_revenue":0.0,"category_revenue":169714.046875,"share_pct":0.0},{"period":"2024-12","brand_revenue":0.0,"category_revenue":172837.265625,"share_pct":0.0},{"period":"2025-01","brand_revenue":0.0,"category_revenue":143201.15625,"share_pct":0.0},{"period":"2025-02","brand_revenue":0.0,"category_revenue":130032.0703125,"share_pct":0.0},{"period":"2025-03","brand_revenue":0.0,"category_revenue":138952.03125,"share_pct":0.0},{"period":"2025-04","brand_revenue":0.0,"category_revenue":160536.5625,"share_pct":0.0},{"period":"2025-05","brand_revenue":0.0,"category_revenue":151230.4375,"share_pct":0.0},{"period":"2025-06","brand_revenue":0.0,"category_revenue":141607.859375,"share_pct":0.0},{"period":"2025-07","brand_revenue":0.0,"category_revenue":166403.28125,"share_pct":0.0},{"period":"2025-08","brand_revenue":0.0,"category_revenue":170113.3125,"share_pct":0.0},{"period":"2025-09","brand_revenue":0.0,"category_revenue":151325.5,"share_pct":0.0},{"period":"2025-10","brand_revenue":0.0,"category_revenue":155667.328125,"share_pct":0.0},{"period":"2025-11","brand_revenue":0.0,"category_revenue":156216.546875,"share_pct":0.0},{"period":"2025-12","brand_revenue":0.0,"category_revenue":157124.9375,"share_pct":0.0},{"period":"2026-01","brand_revenue":0.0,"category_revenue":137052.296875,"share_pct":0.0}]},"velocity_by_category":[{"category":"INFUSED FLOWER","brand_units_per_day":0.49,"category_avg_units_per_day":1.3,"velocity_index":37.8,"brand_rev_per_unit":29.74,"category_rev_per_unit":26.05,"brands_in_category":8},{"category":"INFUSED PRE ROLL","brand_units_per_day":0.72,"category_avg_units_per_day":12.81,"velocity_index":5.6,"brand_rev_per_unit":17.92,"category_rev_per_unit":16.9,"brands_in_category":25},{"category":"DISPOSABLE VAPE","brand_units_per_day":0.57,"category_avg_units_per_day":14.18,"velocity_index":4.1,"brand_rev_per_unit":39.38,"category_rev_per_unit":32.31,"brands_in_category":35},{"category":"CARTRIDGE","brand_units_per_day":0.62,"category_avg_units_per_day":37.25,"velocity_index":1.7,"brand_rev_per_unit":35.13,"category_rev_per_unit":24.09,"brands_in_category":27}],"store_gaps":[{"store":"Thrive Main Street","category":"DISPOSABLE VAPE","category_revenue_at_store":154562.515625,"opportunity":"Brand not carried"},{"store":"Thrive Main Street","category":"CARTRIDGE","category_revenue_at_store":76197.7734375,"opportunity":"Brand not carried"},{"store":"Thrive Main Street","category":"INFUSED PRE ROLL","category_revenue_at_store":53696.828125,"opportunity":"Brand not carried"},{"store":"Thrive Main Street","category":"INFUSED FLOWER","category_revenue_at_store":910.25,"opportunity":"Brand not carried"}],"product_mix":{"top":[{"product":"JET FUEL GELATO LIVE RESIN SAUCE DISPOSABLE - DR ZODIAK","units":438,"revenue":17247.91015625,"cost":8760.0,"profit":8487.91015625,"stores":6,"transactions":412,"margin":49.20000076293945},{"product":"RAZZLE DAZZLE CART - DR ZODIAK","units":470,"revenue":16512.529296875,"cost":8225.0,"profit":8287.5302734375,"stores":6,"transactions":416,"margin":50.20000076293945},{"product":"MOONROCK INFUSED PRE ROLL - DR ZODIAK","units":547,"revenue":9803.9599609375,"cost":4923.0,"profit":4880.9599609375,"stores":6,"transactions":473,"margin":49.79999923706055},{"product":"FLOWER POWER FUZZY WUZZIEZ - DR ZODIAK","units":199,"revenue":5880.759765625,"cost":2786.0,"profit":3094.760009765625,"stores":6,"transactions":181,"margin":52.599998474121094},{"product":"MOONROCK OG FUZZY WUZZIEZ - DR ZODIAK","units":148,"revenue":4559.990234375,"cost":2072.0,"profit":2487.989990234375,"stores":6,"transactions":137,"margin":54.599998474121094},{"product":"RAZZLE DAZZLE FUZZY WUZZIEZ - DR ZODIAK","units":27,"revenue":681.4099731445312,"cost":378.0,"profit":303.4100036621094,"stores":1,"transactions":25,"margin":44.5}],"bottom":[],"expansion":[]},"pricing_consistency":[{"product":"MOONROCK OG FUZZY WUZZIEZ - DR ZODIAK","min_price":26.4916015625,"max_price":35.833333333333336,"avg_price":30.830988413492843,"std_dev":3.726873655242809,"store_count":6,"price_range":9.341731770833334,"range_pct":30.3},{"product":"JET FUEL GELATO LIVE RESIN SAUCE DISPOSABLE - DR ZODIAK","min_price":30.979164123535156,"max_price":42.608082780934346,"avg_price":38.668365686642446,"std_dev":4.145664784140222,"store_count":6,"price_range":11.62891865739919,"range_pct":30.1},{"product":"RAZZLE DAZZLE CART - DR ZODIAK","min_price":31.72800048828125,"max_price":40.416002604166664,"avg_price":34.7965248194292,"std_dev":3.1632081459255557,"store_count":6,"price_range":8.688002115885414,"range_pct":25.0},{"product":"FLOWER POWER FUZZY WUZZIEZ - DR ZODIAK","min_price":26.017392365828805,"max_price":31.94814724392361,"avg_price":29.05811318176461,"std_dev":2.5817714561525182,"store_count":6,"price_range":5.930754878094806,"range_pct":20.4},{"product":"MOONROCK INFUSED PRE ROLL - DR ZODIAK","min_price":16.212432036528718,"max_price":18.869115492876837,"avg_price":17.84535256324661,"std_dev":0.938254964133058,"store_count":6,"price_range":2.6566834563481194,"range_pct":14.9}],"promotional_effectiveness":{"lift":{"fp_units_per_day":5.21,"disc_units_per_day":5.27,"lift_pct":1.1,"fp_avg_revenue_per_unit":35.3,"disc_avg_revenue_per_unit":25.0},"by_deal":[{"deal_name":"Industry - 30% Off","uses":376,"revenue":10578.999943733215,"discounts":4533.000091552734,"units":431.0,"cost":6280.0,"margin":40.6,"discount_depth":30.0},{"deal_name":"Veterans - 10% Off","uses":37,"revenue":1029.1999988555908,"discounts":140.79999709129333,"units":40.0,"cost":498.5,"margin":51.6,"discount_depth":12.0},{"deal_name":"Jackpot - Locals 30% Off","uses":26,"revenue":739.1999921798706,"discounts":316.8000087738037,"units":34.0,"cost":451.5,"margin":38.9,"discount_depth":30.0},{"deal_name":"30% Off Special","uses":21,"revenue":547.3999996185303,"discounts":234.60000371932983,"units":21.0,"cost":366.0,"margin":33.1,"discount_depth":30.0},{"deal_name":"Senior - 10% Off","uses":15,"revenue":587.6999988555908,"discounts":65.29999923706055,"units":19.0,"cost":255.0,"margin":56.6,"discount_depth":10.0},{"deal_name":"Dr Zodiaks B2G1","uses":13,"revenue":864.1300086975098,"discounts":447.87001037597656,"units":38.0,"cost":575.5,"margin":33.4,"discount_depth":34.1},{"deal_name":"Senior / Veterans - 20% Off","uses":11,"revenue":411.99999237060547,"discounts":102.99999809265137,"units":14.0,"cost":217.0,"margin":47.3,"discount_depth":20.0}]},"growth_opportunities":[{"type":"distribution","title":"Expand to Thrive Main Street","detail":"Store has $285,367 in CARTRIDGE, DISPOSABLE VAPE, INFUSED FLOWER, INFUSED PRE ROLL \u2014 categories where DR ZODIAK competes.","priority":"high"},{"type":"velocity","title":"Improve velocity in INFUSED FLOWER","detail":"Velocity index 38 (below category average). 0.5 units/day vs 1.3 avg.","priority":"medium"},{"type":"velocity","title":"Improve velocity in INFUSED PRE ROLL","detail":"Velocity index 6 (below category average). 0.7 units/day vs 12.8 avg.","priority":"medium"},{"type":"velocity","title":"Improve velocity in DISPOSABLE VAPE","detail":"Velocity index 4 (below category average). 0.6 units/day vs 14.2 avg.","priority":"medium"},{"type":"velocity","title":"Improve velocity in CARTRIDGE","detail":"Velocity index 2 (below category average). 0.6 units/day vs 37.2 avg.","priority":"medium"}],"trend":[{"period":"2024-03","revenue":16437.439453125,"cost":7974.5,"margin":51.5,"units":579,"transactions":525,"profit":8462.9404296875,"revenue_change_pct":null,"units_change_pct":null,"margin_change_pts":null},{"period":"2024-04","revenue":11983.2802734375,"cost":5636.5,"margin":53.0,"units":415,"transactions":345,"profit":6346.77978515625,"revenue_change_pct":-27.1,"units_change_pct":-28.3,"margin_change_pts":1.5},{"period":"2024-05","revenue":11647.41015625,"cost":5792.5,"margin":50.3,"units":359,"transactions":326,"profit":5854.91015625,"revenue_change_pct":-2.8,"units_change_pct":-13.5,"margin_change_pts":-2.7},{"period":"2024-06","revenue":7716.93017578125,"cost":3914.5,"margin":49.3,"units":237,"transactions":190,"profit":3802.429931640625,"revenue_change_pct":-33.7,"units_change_pct":-34.0,"margin_change_pts":-1.0},{"period":"2024-07","revenue":4217.89990234375,"cost":2318.5,"margin":45.0,"units":140,"transactions":126,"profit":1899.4000244140625,"revenue_change_pct":-45.3,"units_change_pct":-40.9,"margin_change_pts":-4.2},{"period":"2024-08","revenue":1267.0,"cost":687.5,"margin":45.7,"units":49,"transactions":46,"profit":579.5,"revenue_change_pct":-70.0,"units_change_pct":-65.0,"margin_change_pts":0.7},{"period":"2024-09","revenue":824.7999877929688,"cost":456.0,"margin":44.7,"units":30,"transactions":24,"profit":368.79998779296875,"revenue_change_pct":-34.9,"units_change_pct":-38.8,"margin_change_pts":-1.0},{"period":"2024-10","revenue":439.79998779296875,"cost":264.0,"margin":40.0,"units":15,"transactions":14,"profit":175.8000030517578,"revenue_change_pct":-46.7,"units_change_pct":-50.0,"margin_change_pts":-4.7},{"period":"2024-11","revenue":152.0,"cost":100.0,"margin":34.2,"units":5,"transactions":5,"profit":52.0,"revenue_change_pct":-65.4,"units_change_pct":-66.7,"margin_change_pts":-5.8}]}