{"brand":"DR ZODIAK","date_range":"2024-01-01 00:00:00 to 2026-01-31 00:00:00","period_label":"All Time","summary":{"total_units":1829,"total_revenue":54686.55859375,"total_cost":27144.0,"total_discounts":9849.439453125,"total_profit":27542.55859375,"overall_margin":50.400001525878906,"fp_margin":58.0,"disc_margin":40.599998474121094,"pct_full_price":56.20000076293945,"avg_discount_rate":15.300000190734863,"fp_revenue":30712.0,"disc_revenue":23974.560546875,"unique_customers":1310,"brand":"DR ZODIAK","date_range":"2024-01-01 00:00:00 to 2026-01-31 00:00:00","months_count":9,"avg_monthly_cost":3016.0,"cost_per_unit":14.84,"primary_category":"DISPOSABLE VAPE","primary_cat_margin":55.79999923706055,"category_rank":30,"category_total":35,"margin_vs_category":-5.400000095367432,"velocity_rank":30},"category_breakdown":[{"category_clean":"DISPOSABLE VAPE","units":438,"revenue":17247.91015625,"cost":8760.0,"profit":8487.91015625,"discounts":2810.090087890625,"margin":49.20000076293945,"category_avg_margin":55.79999923706055,"vs_category":-6.6,"rank":30.0,"total_brands":35.0},{"category_clean":"CARTRIDGE","units":470,"revenue":16512.529296875,"cost":8225.0,"profit":8287.5302734375,"discounts":3239.469970703125,"margin":50.20000076293945,"category_avg_margin":61.5,"vs_category":-11.3,"rank":23.0,"total_brands":27.0},{"category_clean":"INFUSED FLOWER","units":374,"revenue":11122.16015625,"cost":5236.0,"profit":5886.16015625,"discounts":2173.840087890625,"margin":52.900001525878906,"category_avg_margin":51.79999923706055,"vs_category":1.1,"rank":5.0,"total_brands":8.0},{"category_clean":"INFUSED PRE ROLL","units":547,"revenue":9803.9599609375,"cost":4923.0,"profit":4880.9599609375,"discounts":1626.0400390625,"margin":49.79999923706055,"category_avg_margin":47.29999923706055,"vs_category":2.5,"rank":21.0,"total_brands":25.0}],"trend":[{"period":"2024-03","revenue":16437.439453125,"cost":7974.5,"margin":51.5,"units":579,"transactions":525,"profit":8462.9404296875,"revenue_change_pct":null,"units_change_pct":null,"margin_change_pts":null},{"period":"2024-04","revenue":11983.2802734375,"cost":5636.5,"margin":53.0,"units":415,"transactions":345,"profit":6346.77978515625,"revenue_change_pct":-27.1,"units_change_pct":-28.3,"margin_change_pts":1.5},{"period":"2024-05","revenue":11647.41015625,"cost":5792.5,"margin":50.3,"units":359,"transactions":326,"profit":5854.91015625,"revenue_change_pct":-2.8,"units_change_pct":-13.5,"margin_change_pts":-2.7},{"period":"2024-06","revenue":7716.93017578125,"cost":3914.5,"margin":49.3,"units":237,"transactions":190,"profit":3802.429931640625,"revenue_change_pct":-33.7,"units_change_pct":-34.0,"margin_change_pts":-1.0},{"period":"2024-07","revenue":4217.89990234375,"cost":2318.5,"margin":45.0,"units":140,"transactions":126,"profit":1899.4000244140625,"revenue_change_pct":-45.3,"units_change_pct":-40.9,"margin_change_pts":-4.2},{"period":"2024-08","revenue":1267.0,"cost":687.5,"margin":45.7,"units":49,"transactions":46,"profit":579.5,"revenue_change_pct":-70.0,"units_change_pct":-65.0,"margin_change_pts":0.7},{"period":"2024-09","revenue":824.7999877929688,"cost":456.0,"margin":44.7,"units":30,"transactions":24,"profit":368.79998779296875,"revenue_change_pct":-34.9,"units_change_pct":-38.8,"margin_change_pts":-1.0},{"period":"2024-10","revenue":439.79998779296875,"cost":264.0,"margin":40.0,"units":15,"transactions":14,"profit":175.8000030517578,"revenue_change_pct":-46.7,"units_change_pct":-50.0,"margin_change_pts":-4.7},{"period":"2024-11","revenue":152.0,"cost":100.0,"margin":34.2,"units":5,"transactions":5,"profit":52.0,"revenue_change_pct":-65.4,"units_change_pct":-66.7,"margin_change_pts":-5.8}],"share_of_category":[{"category":"DISPOSABLE VAPE","brand_revenue":17247.91015625,"category_revenue":12220962.0,"revenue_share_pct":0.10000000149011612,"brand_units":438,"category_units":378274,"units_share_pct":0.1},{"category":"CARTRIDGE","brand_revenue":16512.529296875,"category_revenue":18462052.0,"revenue_share_pct":0.10000000149011612,"brand_units":470,"category_units":766448,"units_share_pct":0.1},{"category":"INFUSED FLOWER","brand_revenue":11122.16015625,"category_revenue":206139.28125,"revenue_share_pct":5.400000095367432,"brand_units":374,"category_units":7912,"units_share_pct":4.7},{"category":"INFUSED PRE ROLL","brand_revenue":9803.9599609375,"category_revenue":4123240.5,"revenue_share_pct":0.20000000298023224,"brand_units":547,"category_units":244037,"units_share_pct":0.2}],"share_of_category_trend":{"DISPOSABLE VAPE":[{"period":"2024-01","brand_revenue":0.0,"category_revenue":373389.96875,"share_pct":0.0},{"period":"2024-02","brand_revenue":0.0,"category_revenue":351112.84375,"share_pct":0.0},{"period":"2024-03","brand_revenue":4771.14013671875,"category_revenue":396276.8125,"share_pct":1.2000000476837158},{"period":"2024-04","brand_revenue":1400.6300048828125,"category_revenue":388780.875,"share_pct":0.4000000059604645},{"period":"2024-05","brand_revenue":4685.10009765625,"category_revenue":414040.1875,"share_pct":1.100000023841858},{"period":"2024-06","brand_revenue":2879.64013671875,"category_revenue":415917.6875,"share_pct":0.699999988079071},{"period":"2024-07","brand_revenue":2670.60009765625,"category_revenue":432654.625,"share_pct":0.6000000238418579},{"period":"2024-08","brand_revenue":142.60000610351562,"category_revenue":439463.25,"share_pct":0.0},{"period":"2024-09","brand_revenue":256.20001220703125,"category_revenue":422557.8125,"share_pct":0.10000000149011612},{"period":"2024-10","brand_revenue":290.0,"category_revenue":478816.46875,"share_pct":0.10000000149011612},{"period":"2024-11","brand_revenue":152.0,"category_revenue":477592.09375,"share_pct":0.0},{"period":"2024-12","brand_revenue":0.0,"category_revenue":488803.59375,"share_pct":0.0},{"period":"2025-01","brand_revenue":0.0,"category_revenue":440220.96875,"share_pct":0.0},{"period":"2025-02","brand_revenue":0.0,"category_revenue":466908.5,"share_pct":0.0},{"period":"2025-03","brand_revenue":0.0,"category_revenue":539542.6875,"share_pct":0.0},{"period":"2025-04","brand_revenue":0.0,"category_revenue":565855.9375,"share_pct":0.0},{"period":"2025-05","brand_revenue":0.0,"category_revenue":584235.375,"share_pct":0.0},{"period":"2025-06","brand_revenue":0.0,"category_revenue":528341.1875,"share_pct":0.0},{"period":"2025-07","brand_revenue":0.0,"category_revenue":580477.9375,"share_pct":0.0},{"period":"2025-08","brand_revenue":0.0,"category_revenue":561408.25,"share_pct":0.0},{"period":"2025-09","brand_revenue":0.0,"category_revenue":527007.25,"share_pct":0.0},{"period":"2025-10","brand_revenue":0.0,"category_revenue":604677.5,"share_pct":0.0},{"period":"2025-11","brand_revenue":0.0,"category_revenue":592683.6875,"share_pct":0.0},{"period":"2025-12","brand_revenue":0.0,"category_revenue":590758.75,"share_pct":0.0},{"period":"2026-01","brand_revenue":0.0,"category_revenue":559437.9375,"share_pct":0.0}],"CARTRIDGE":[{"period":"2024-01","brand_revenue":0.0,"category_revenue":823070.25,"share_pct":0.0},{"period":"2024-02","brand_revenue":0.0,"category_revenue":856711.125,"share_pct":0.0},{"period":"2024-03","brand_revenue":4351.2998046875,"category_revenue":915420.875,"share_pct":0.5},{"period":"2024-04","brand_revenue":4531.7998046875,"category_revenue":838728.1875,"share_pct":0.5},{"period":"2024-05","brand_revenue":4090.10009765625,"category_revenue":855215.4375,"share_pct":0.5},{"period":"2024-06","brand_revenue":2726.330078125,"category_revenue":807049.5625,"share_pct":0.30000001192092896},{"period":"2024-07","brand_revenue":332.0,"category_revenue":812767.3125,"share_pct":0.0},{"period":"2024-08","brand_revenue":481.0,"category_revenue":852953.0625,"share_pct":0.10000000149011612},{"period":"2024-09","brand_revenue":0.0,"category_revenue":782162.8125,"share_pct":0.0},{"period":"2024-10","brand_revenue":0.0,"category_revenue":833597.25,"share_pct":0.0},{"period":"2024-11","brand_revenue":0.0,"category_revenue":815443.75,"share_pct":0.0},{"period":"2024-12","brand_revenue":0.0,"category_revenue":801572.8125,"share_pct":0.0},{"period":"2025-01","brand_revenue":0.0,"category_revenue":768687.6875,"share_pct":0.0},{"period":"2025-02","brand_revenue":0.0,"category_revenue":667459.0,"share_pct":0.0},{"period":"2025-03","brand_revenue":0.0,"category_revenue":703484.5,"share_pct":0.0},{"period":"2025-04","brand_revenue":0.0,"category_revenue":694399.0,"share_pct":0.0},{"period":"2025-05","brand_revenue":0.0,"category_revenue":675520.1875,"share_pct":0.0},{"period":"2025-06","brand_revenue":0.0,"category_revenue":637806.0,"share_pct":0.0},{"period":"2025-07","brand_revenue":0.0,"category_revenue":638295.8125,"share_pct":0.0},{"period":"2025-08","brand_revenue":0.0,"category_revenue":670995.875,"share_pct":0.0},{"period":"2025-09","brand_revenue":0.0,"category_revenue":615819.1875,"share_pct":0.0},{"period":"2025-10","brand_revenue":0.0,"category_revenue":619563.6875,"share_pct":0.0},{"period":"2025-11","brand_revenue":0.0,"category_revenue":618172.0625,"share_pct":0.0},{"period":"2025-12","brand_revenue":0.0,"category_revenue":587131.3125,"share_pct":0.0},{"period":"2026-01","brand_revenue":0.0,"category_revenue":570025.625,"share_pct":0.0}],"INFUSED FLOWER":[{"period":"2024-01","brand_revenue":0.0,"category_revenue":2628.10009765625,"share_pct":0.0},{"period":"2024-02","brand_revenue":0.0,"category_revenue":7337.4501953125,"share_pct":0.0},{"period":"2024-03","brand_revenue":2800.0,"category_revenue":12407.330078125,"share_pct":22.600000381469727},{"period":"2024-04","brand_revenue":2940.0,"category_revenue":12638.73046875,"share_pct":23.299999237060547},{"period":"2024-05","brand_revenue":1784.8399658203125,"category_revenue":8623.5205078125,"share_pct":20.700000762939453},{"period":"2024-06","brand_revenue":1771.219970703125,"category_revenue":9818.1201171875,"share_pct":18.0},{"period":"2024-07","brand_revenue":738.2999877929688,"category_revenue":6765.2001953125,"share_pct":10.899999618530273},{"period":"2024-08","brand_revenue":369.3999938964844,"category_revenue":6643.39990234375,"share_pct":5.599999904632568},{"period":"2024-09","brand_revenue":568.5999755859375,"category_revenue":7957.4501953125,"share_pct":7.099999904632568},{"period":"2024-10","brand_revenue":149.8000030517578,"category_revenue":6885.27001953125,"share_pct":2.200000047683716},{"period":"2024-11","brand_revenue":0.0,"category_revenue":6099.75,"share_pct":0.0},{"period":"2024-12","brand_revenue":0.0,"category_revenue":3824.39990234375,"share_pct":0.0},{"period":"2025-01","brand_revenue":0.0,"category_revenue":4061.800048828125,"share_pct":0.0},{"period":"2025-02","brand_revenue":0.0,"category_revenue":5771.85009765625,"share_pct":0.0},{"period":"2025-03","brand_revenue":0.0,"category_revenue":6721.8798828125,"share_pct":0.0},{"period":"2025-04","brand_revenue":0.0,"category_revenue":10876.2802734375,"share_pct":0.0},{"period":"2025-05","brand_revenue":0.0,"category_revenue":9942.4501953125,"share_pct":0.0},{"period":"2025-06","brand_revenue":0.0,"category_revenue":11501.9296875,"share_pct":0.0},{"period":"2025-07","brand_revenue":0.0,"category_revenue":10780.919921875,"share_pct":0.0},{"period":"2025-08","brand_revenue":0.0,"category_revenue":13375.4697265625,"share_pct":0.0},{"period":"2025-09","brand_revenue":0.0,"category_revenue":15493.8603515625,"share_pct":0.0},{"period":"2025-10","brand_revenue":0.0,"category_revenue":9178.9599609375,"share_pct":0.0},{"period":"2025-11","brand_revenue":0.0,"category_revenue":6378.169921875,"share_pct":0.0},{"period":"2025-12","brand_revenue":0.0,"category_revenue":3722.330078125,"share_pct":0.0},{"period":"2026-01","brand_revenue":0.0,"category_revenue":6704.64990234375,"share_pct":0.0}],"INFUSED PRE ROLL":[{"period":"2024-01","brand_revenue":0.0,"category_revenue":164363.140625,"share_pct":0.0},{"period":"2024-02","brand_revenue":0.0,"category_revenue":183484.59375,"share_pct":0.0},{"period":"2024-03","brand_revenue":4515.0,"category_revenue":170985.75,"share_pct":2.5999999046325684},{"period":"2024-04","brand_revenue":3110.85009765625,"category_revenue":171479.984375,"share_pct":1.7999999523162842},{"period":"2024-05","brand_revenue":1087.3699951171875,"category_revenue":200439.328125,"share_pct":0.5},{"period":"2024-06","brand_revenue":339.739990234375,"category_revenue":190928.3125,"share_pct":0.20000000298023224},{"period":"2024-07","brand_revenue":477.0,"category_revenue":191752.84375,"share_pct":0.20000000298023224},{"period":"2024-08","brand_revenue":274.0,"category_revenue":189743.640625,"share_pct":0.10000000149011612},{"period":"2024-09","brand_revenue":0.0,"category_revenue":169712.046875,"share_pct":0.0},{"period":"2024-10","brand_revenue":0.0,"category_revenue":188336.265625,"share_pct":0.0},{"period":"2024-11","brand_revenue":0.0,"category_revenue":169714.046875,"share_pct":0.0},{"period":"2024-12","brand_revenue":0.0,"category_revenue":172837.265625,"share_pct":0.0},{"period":"2025-01","brand_revenue":0.0,"category_revenue":143201.15625,"share_pct":0.0},{"period":"2025-02","brand_revenue":0.0,"category_revenue":130032.0703125,"share_pct":0.0},{"period":"2025-03","brand_revenue":0.0,"category_revenue":138952.03125,"share_pct":0.0},{"period":"2025-04","brand_revenue":0.0,"category_revenue":160536.5625,"share_pct":0.0},{"period":"2025-05","brand_revenue":0.0,"category_revenue":151230.4375,"share_pct":0.0},{"period":"2025-06","brand_revenue":0.0,"category_revenue":141607.859375,"share_pct":0.0},{"period":"2025-07","brand_revenue":0.0,"category_revenue":166403.28125,"share_pct":0.0},{"period":"2025-08","brand_revenue":0.0,"category_revenue":170113.3125,"share_pct":0.0},{"period":"2025-09","brand_revenue":0.0,"category_revenue":151325.5,"share_pct":0.0},{"period":"2025-10","brand_revenue":0.0,"category_revenue":155667.328125,"share_pct":0.0},{"period":"2025-11","brand_revenue":0.0,"category_revenue":156216.546875,"share_pct":0.0},{"period":"2025-12","brand_revenue":0.0,"category_revenue":157124.9375,"share_pct":0.0},{"period":"2026-01","brand_revenue":0.0,"category_revenue":137052.296875,"share_pct":0.0}]},"discount_depth":[{"tier":"0% (Full Price)","transactions":795,"pct_of_transactions":48.4,"revenue":30712.0,"avg_discount":0.0},{"tier":"1-10%","transactions":80,"pct_of_transactions":4.9,"revenue":2567.429931640625,"avg_discount":9.800000190734863},{"tier":"11-20%","transactions":35,"pct_of_transactions":2.1,"revenue":1108.9300537109375,"avg_discount":18.299999237060547},{"tier":"21-30%","transactions":47,"pct_of_transactions":2.9,"revenue":1923.7498779296875,"avg_discount":26.5},{"tier":"31%+","transactions":116,"pct_of_transactions":7.1,"revenue":3268.4501953125,"avg_discount":40.79999923706055}],"velocity":{"units_per_day":6.98,"revenue_per_day":208.72999572753906,"avg_units_per_txn":1.14,"days_of_data":262,"total_units":1829,"total_transactions":1601},"velocity_by_category":[{"category":"INFUSED FLOWER","brand_units_per_day":0.49,"category_avg_units_per_day":1.3,"velocity_index":37.8,"brand_rev_per_unit":29.74,"category_rev_per_unit":26.05,"brands_in_category":8},{"category":"INFUSED PRE ROLL","brand_units_per_day":0.72,"category_avg_units_per_day":12.81,"velocity_index":5.6,"brand_rev_per_unit":17.92,"category_rev_per_unit":16.9,"brands_in_category":25},{"category":"DISPOSABLE VAPE","brand_units_per_day":0.57,"category_avg_units_per_day":14.18,"velocity_index":4.1,"brand_rev_per_unit":39.38,"category_rev_per_unit":32.31,"brands_in_category":35},{"category":"CARTRIDGE","brand_units_per_day":0.62,"category_avg_units_per_day":37.25,"velocity_index":1.7,"brand_rev_per_unit":35.13,"category_rev_per_unit":24.09,"brands_in_category":27}],"deals":[{"deal_name":"Industry - 30% Off","times_used":376,"units":431.0,"revenue":10578.999943733215,"discounts":4533.000091552734,"cost":6280.0,"profit":4298.999908447266,"pre_discount_revenue":15112.0,"margin":40.6,"avg_discount":30.0},{"deal_name":"Veterans - 10% Off","times_used":37,"units":40.0,"revenue":1029.1999988555908,"discounts":140.79999709129333,"cost":498.5,"profit":530.6999897956848,"pre_discount_revenue":1170.0,"margin":51.6,"avg_discount":12.0},{"deal_name":"Jackpot - Locals 30% Off","times_used":26,"units":34.0,"revenue":739.1999921798706,"discounts":316.8000087738037,"cost":451.5,"profit":287.6999912261963,"pre_discount_revenue":1056.0,"margin":38.9,"avg_discount":30.0},{"deal_name":"30% Off Special","times_used":21,"units":21.0,"revenue":547.3999996185303,"discounts":234.60000371932983,"cost":366.0,"profit":181.39999616146088,"pre_discount_revenue":782.0,"margin":33.1,"avg_discount":30.0},{"deal_name":"Senior - 10% Off","times_used":15,"units":19.0,"revenue":587.6999988555908,"discounts":65.29999923706055,"cost":255.0,"profit":332.6999969482422,"pre_discount_revenue":653.0,"margin":56.6,"avg_discount":10.0},{"deal_name":"Dr Zodiaks B2G1","times_used":13,"units":38.0,"revenue":864.1300086975098,"discounts":447.87001037597656,"cost":575.5,"profit":288.62999534606934,"pre_discount_revenue":1312.0,"margin":33.4,"avg_discount":34.1},{"deal_name":"Senior / Veterans - 20% Off","times_used":11,"units":14.0,"revenue":411.99999237060547,"discounts":102.99999809265137,"cost":217.0,"profit":194.99999713897705,"pre_discount_revenue":515.0,"margin":47.3,"avg_discount":20.0}],"top_products":[{"product":"JET FUEL GELATO LIVE RESIN SAUCE DISPOSABLE - DR ZODIAK","units":438,"revenue":17247.91015625,"cost":8760.0,"profit":8487.91015625,"transactions":412,"margin":49.20000076293945},{"product":"RAZZLE DAZZLE CART - DR ZODIAK","units":470,"revenue":16512.529296875,"cost":8225.0,"profit":8287.5302734375,"transactions":416,"margin":50.20000076293945},{"product":"MOONROCK INFUSED PRE ROLL - DR ZODIAK","units":547,"revenue":9803.9599609375,"cost":4923.0,"profit":4880.9599609375,"transactions":473,"margin":49.79999923706055},{"product":"FLOWER POWER FUZZY WUZZIEZ - DR ZODIAK","units":199,"revenue":5880.759765625,"cost":2786.0,"profit":3094.760009765625,"transactions":181,"margin":52.599998474121094},{"product":"MOONROCK OG FUZZY WUZZIEZ - DR ZODIAK","units":148,"revenue":4559.990234375,"cost":2072.0,"profit":2487.989990234375,"transactions":137,"margin":54.599998474121094},{"product":"RAZZLE DAZZLE FUZZY WUZZIEZ - DR ZODIAK","units":27,"revenue":681.4099731445312,"cost":378.0,"profit":303.4100036621094,"transactions":25,"margin":44.5}],"products_by_store":{"Thrive Cactus":[{"product":"JET FUEL GELATO LIVE RESIN SAUCE DISPOSABLE - DR ZODIAK","units":147,"revenue":5847.93994140625,"cost":2940.0,"profit":2907.93994140625,"transactions":137,"margin":49.70000076293945},{"product":"RAZZLE DAZZLE CART - DR ZODIAK","units":75,"revenue":2461.199951171875,"cost":1312.5,"profit":1148.699951171875,"transactions":73,"margin":46.70000076293945},{"product":"MOONROCK INFUSED PRE ROLL - DR ZODIAK","units":100,"revenue":1769.25,"cost":900.0,"profit":869.25,"transactions":85,"margin":49.099998474121094},{"product":"MOONROCK OG FUZZY WUZZIEZ - DR ZODIAK","units":25,"revenue":819.2000122070312,"cost":350.0,"profit":469.20001220703125,"transactions":25,"margin":57.29999923706055},{"product":"FLOWER POWER FUZZY WUZZIEZ - DR ZODIAK","units":25,"revenue":780.0,"cost":350.0,"profit":430.0,"transactions":25,"margin":55.099998474121094},{"product":"RAZZLE DAZZLE FUZZY WUZZIEZ - DR ZODIAK","units":27,"revenue":681.4099731445312,"cost":378.0,"profit":303.4100036621094,"transactions":25,"margin":44.5}],"Thrive Cheyenne":[{"product":"RAZZLE DAZZLE CART - DR ZODIAK","units":73,"revenue":2491.60009765625,"cost":1277.5,"profit":1214.0999755859375,"transactions":66,"margin":48.70000076293945},{"product":"MOONROCK INFUSED PRE ROLL - DR ZODIAK","units":100,"revenue":1864.5,"cost":900.0,"profit":964.5,"transactions":75,"margin":51.70000076293945},{"product":"JET FUEL GELATO LIVE RESIN SAUCE DISPOSABLE - DR ZODIAK","units":48,"revenue":1803.0999755859375,"cost":960.0,"profit":843.0999755859375,"transactions":45,"margin":46.79999923706055},{"product":"FLOWER POWER FUZZY WUZZIEZ - DR ZODIAK","units":27,"revenue":862.5999755859375,"cost":378.0,"profit":484.6000061035156,"transactions":27,"margin":56.20000076293945},{"product":"MOONROCK OG FUZZY WUZZIEZ - DR ZODIAK","units":25,"revenue":837.5999755859375,"cost":350.0,"profit":487.6000061035156,"transactions":24,"margin":58.20000076293945}],"Thrive Jackpot":[{"product":"RAZZLE DAZZLE CART - DR ZODIAK","units":75,"revenue":3031.199951171875,"cost":1312.5,"profit":1718.699951171875,"transactions":63,"margin":56.70000076293945},{"product":"FLOWER POWER FUZZY WUZZIEZ - DR ZODIAK","units":76,"revenue":2334.409912109375,"cost":1064.0,"profit":1270.4100341796875,"transactions":62,"margin":54.400001525878906},{"product":"JET FUEL GELATO LIVE RESIN SAUCE DISPOSABLE - DR ZODIAK","units":48,"revenue":1991.830078125,"cost":960.0,"profit":1031.8299560546875,"transactions":41,"margin":51.79999923706055},{"product":"MOONROCK INFUSED PRE ROLL - DR ZODIAK","units":102,"revenue":1924.6500244140625,"cost":918.0,"profit":1006.6499633789062,"transactions":91,"margin":52.29999923706055},{"product":"MOONROCK OG FUZZY WUZZIEZ - DR ZODIAK","units":24,"revenue":860.0,"cost":336.0,"profit":524.0,"transactions":21,"margin":60.900001525878906}],"Thrive Reno":[{"product":"RAZZLE DAZZLE CART - DR ZODIAK","units":124,"revenue":4510.02978515625,"cost":2170.0,"profit":2340.030029296875,"transactions":114,"margin":51.900001525878906},{"product":"JET FUEL GELATO LIVE RESIN SAUCE DISPOSABLE - DR ZODIAK","units":48,"revenue":1899.8399658203125,"cost":960.0,"profit":939.8400268554688,"transactions":47,"margin":49.5},{"product":"MOONROCK INFUSED PRE ROLL - DR ZODIAK","units":97,"revenue":1718.6400146484375,"cost":873.0,"profit":845.6400146484375,"transactions":83,"margin":49.20000076293945},{"product":"MOONROCK OG FUZZY WUZZIEZ - DR ZODIAK","units":25,"revenue":689.0999755859375,"cost":350.0,"profit":339.1000061035156,"transactions":21,"margin":49.20000076293945},{"product":"FLOWER POWER FUZZY WUZZIEZ - DR ZODIAK","units":23,"revenue":598.4000244140625,"cost":322.0,"profit":276.3999938964844,"transactions":20,"margin":46.20000076293945}],"Thrive Sahara":[{"product":"RAZZLE DAZZLE CART - DR ZODIAK","units":50,"revenue":1586.4000244140625,"cost":875.0,"profit":711.3999633789062,"transactions":37,"margin":44.79999923706055},{"product":"JET FUEL GELATO LIVE RESIN SAUCE DISPOSABLE - DR ZODIAK","units":48,"revenue":1487.0,"cost":960.0,"profit":527.0,"transactions":46,"margin":35.400001525878906},{"product":"MOONROCK INFUSED PRE ROLL - DR ZODIAK","units":74,"revenue":1199.719970703125,"cost":666.0,"profit":533.719970703125,"transactions":72,"margin":44.5},{"product":"MOONROCK OG FUZZY WUZZIEZ - DR ZODIAK","units":25,"revenue":662.2899780273438,"cost":350.0,"profit":312.2900085449219,"transactions":24,"margin":47.20000076293945},{"product":"FLOWER POWER FUZZY WUZZIEZ - DR ZODIAK","units":25,"revenue":657.5499877929688,"cost":350.0,"profit":307.54998779296875,"transactions":25,"margin":46.79999923706055}],"Thrive Sammy":[{"product":"JET FUEL GELATO LIVE RESIN SAUCE DISPOSABLE - DR ZODIAK","units":99,"revenue":4218.2001953125,"cost":1980.0,"profit":2238.199951171875,"transactions":96,"margin":53.099998474121094},{"product":"RAZZLE DAZZLE CART - DR ZODIAK","units":73,"revenue":2432.10009765625,"cost":1277.5,"profit":1154.5999755859375,"transactions":63,"margin":47.5},{"product":"MOONROCK INFUSED PRE ROLL - DR ZODIAK","units":74,"revenue":1327.199951171875,"cost":666.0,"profit":661.2000122070312,"transactions":67,"margin":49.79999923706055},{"product":"MOONROCK OG FUZZY WUZZIEZ - DR ZODIAK","units":24,"revenue":691.7999877929688,"cost":336.0,"profit":355.79998779296875,"transactions":22,"margin":51.400001525878906},{"product":"FLOWER POWER FUZZY WUZZIEZ - DR ZODIAK","units":23,"revenue":647.7999877929688,"cost":322.0,"profit":325.79998779296875,"transactions":22,"margin":50.29999923706055}]},"store_summary":[{"store_clean":"Thrive Cactus","units":399,"revenue":12359.0,"cost":6230.5,"profit":6128.5,"discounts":2429.0,"margin":49.599998474121094,"discount_rate":16.399999618530273},{"store_clean":"Thrive Jackpot","units":325,"revenue":10142.08984375,"cost":4590.5,"profit":5551.58984375,"discounts":1037.9100341796875,"margin":54.70000076293945,"discount_rate":9.300000190734863},{"store_clean":"Thrive Reno","units":317,"revenue":9416.009765625,"cost":4675.0,"profit":4741.009765625,"discounts":1413.989990234375,"margin":50.400001525878906,"discount_rate":13.100000381469727},{"store_clean":"Thrive Sammy","units":293,"revenue":9317.099609375,"cost":4581.5,"profit":4735.60009765625,"discounts":1488.9000244140625,"margin":50.79999923706055,"discount_rate":13.800000190734863},{"store_clean":"Thrive Cheyenne","units":273,"revenue":7859.39990234375,"cost":3865.5,"profit":3993.89990234375,"discounts":1482.5999755859375,"margin":50.79999923706055,"discount_rate":15.899999618530273},{"store_clean":"Thrive Sahara","units":222,"revenue":5592.9599609375,"cost":3201.0,"profit":2391.9599609375,"discounts":1997.0400390625,"margin":42.79999923706055,"discount_rate":26.299999237060547}],"recommendations":[{"severity":"red","title":"CARTRIDGE: BELOW CATEGORY AVERAGE","detail":"Margin (50.2%) is 11 pts below CARTRIDGE average. Ranked #23 of 27. Strong case for cost negotiation.","action":"Request 6% cost reduction or evaluate alternative CARTRIDGE brands."},{"severity":"yellow","title":"CATEGORY BENCHMARK GAP","detail":"Overall margin (50.4%) trails DISPOSABLE VAPE average (55.8%) by 5.4 pts.","action":"Negotiate cost reduction or increase retail price."},{"severity":"info","title":"VOLUME LEVERAGE","detail":"$54,687 revenue provides negotiating leverage.","action":"Use volume as leverage in next vendor meeting."}],"comparison":null}