{"brand":"OCB","date_range":"2024-01-01 00:00:00 to 2026-01-31 00:00:00","period_label":"All Time","summary":{"total_units":59,"total_revenue":459.5,"total_cost":140.49000549316406,"total_discounts":46.5,"total_profit":319.010009765625,"overall_margin":69.4000015258789,"fp_margin":73.30000305175781,"disc_margin":61.599998474121094,"pct_full_price":67.0,"avg_discount_rate":9.199999809265137,"fp_revenue":308.0,"disc_revenue":151.5,"brand":"OCB","date_range":"2024-01-01 00:00:00 to 2026-01-31 00:00:00","primary_category":"ACCESSORY","store_coverage":"2/7","stores_present":["Thrive Jackpot","Thrive Reno"],"stores_missing":["Thrive Cactus","Thrive Cheyenne","Thrive Main Street","Thrive Sahara","Thrive Sammy"],"velocity_rank":34,"velocity_total":136},"distribution":[{"store":"Thrive Cactus","carries_brand":false,"sku_count":0,"revenue":0,"units":0,"store_total_revenue":20455500.0,"brand_share_pct":0},{"store":"Thrive Cheyenne","carries_brand":false,"sku_count":0,"revenue":0,"units":0,"store_total_revenue":19012896.0,"brand_share_pct":0},{"store":"Thrive Jackpot","carries_brand":true,"sku_count":1,"revenue":107.5,"units":24,"store_total_revenue":22420058.0,"brand_share_pct":0.0},{"store":"Thrive Main Street","carries_brand":false,"sku_count":0,"revenue":0,"units":0,"store_total_revenue":778094.875,"brand_share_pct":0},{"store":"Thrive Reno","carries_brand":true,"sku_count":2,"revenue":352.0,"units":35,"store_total_revenue":12340074.0,"brand_share_pct":0.0},{"store":"Thrive Sahara","carries_brand":false,"sku_count":0,"revenue":0,"units":0,"store_total_revenue":11503146.0,"brand_share_pct":0},{"store":"Thrive Sammy","carries_brand":false,"sku_count":0,"revenue":0,"units":0,"store_total_revenue":8794803.0,"brand_share_pct":0}],"share_of_category":[{"category":"ACCESSORY","brand_revenue":459.5,"category_revenue":1651501.625,"revenue_share_pct":0.0,"brand_units":59,"category_units":1065048,"units_share_pct":0.0}],"share_of_category_trend":{"ACCESSORY":[{"period":"2024-01","brand_revenue":0.0,"category_revenue":61417.578125,"share_pct":0.0},{"period":"2024-02","brand_revenue":0.0,"category_revenue":60959.7890625,"share_pct":0.0},{"period":"2024-03","brand_revenue":0.0,"category_revenue":61871.55078125,"share_pct":0.0},{"period":"2024-04","brand_revenue":0.0,"category_revenue":65341.4609375,"share_pct":0.0},{"period":"2024-05","brand_revenue":0.0,"category_revenue":71870.578125,"share_pct":0.0},{"period":"2024-06","brand_revenue":0.0,"category_revenue":74003.53125,"share_pct":0.0},{"period":"2024-07","brand_revenue":0.0,"category_revenue":74670.1875,"share_pct":0.0},{"period":"2024-08","brand_revenue":0.0,"category_revenue":72090.53125,"share_pct":0.0},{"period":"2024-09","brand_revenue":0.0,"category_revenue":64954.51953125,"share_pct":0.0},{"period":"2024-10","brand_revenue":0.0,"category_revenue":66435.4921875,"share_pct":0.0},{"period":"2024-11","brand_revenue":0.0,"category_revenue":68682.4375,"share_pct":0.0},{"period":"2024-12","brand_revenue":0.0,"category_revenue":70600.8125,"share_pct":0.0},{"period":"2025-01","brand_revenue":0.0,"category_revenue":66904.5390625,"share_pct":0.0},{"period":"2025-02","brand_revenue":0.0,"category_revenue":62104.37109375,"share_pct":0.0},{"period":"2025-03","brand_revenue":30.0,"category_revenue":70568.15625,"share_pct":0.0},{"period":"2025-04","brand_revenue":45.0,"category_revenue":73077.9296875,"share_pct":0.10000000149011612},{"period":"2025-05","brand_revenue":39.0,"category_revenue":71961.796875,"share_pct":0.10000000149011612},{"period":"2025-06","brand_revenue":43.0,"category_revenue":64459.5,"share_pct":0.10000000149011612},{"period":"2025-07","brand_revenue":35.79999923706055,"category_revenue":66219.921875,"share_pct":0.10000000149011612},{"period":"2025-08","brand_revenue":72.5,"category_revenue":68700.8203125,"share_pct":0.10000000149011612},{"period":"2025-09","brand_revenue":94.0,"category_revenue":67279.578125,"share_pct":0.10000000149011612},{"period":"2025-10","brand_revenue":61.79999923706055,"category_revenue":68737.8203125,"share_pct":0.10000000149011612},{"period":"2025-11","brand_revenue":26.399999618530273,"category_revenue":69135.8984375,"share_pct":0.0},{"period":"2025-12","brand_revenue":12.0,"category_revenue":56781.94921875,"share_pct":0.0},{"period":"2026-01","brand_revenue":0.0,"category_revenue":32670.859375,"share_pct":0.0}]},"velocity_by_category":[{"category":"ACCESSORY","brand_units_per_day":0.08,"category_avg_units_per_day":10.28,"velocity_index":0.8,"brand_rev_per_unit":7.79,"category_rev_per_unit":1.55,"brands_in_category":136}],"store_gaps":[{"store":"Thrive Cactus","category":"ACCESSORY","category_revenue_at_store":359352.96875,"opportunity":"Brand not carried"},{"store":"Thrive Cheyenne","category":"ACCESSORY","category_revenue_at_store":221087.65625,"opportunity":"Brand not carried"},{"store":"Thrive Sahara","category":"ACCESSORY","category_revenue_at_store":186593.15625,"opportunity":"Brand not carried"},{"store":"Thrive Sammy","category":"ACCESSORY","category_revenue_at_store":174303.78125,"opportunity":"Brand not carried"},{"store":"Thrive Main Street","category":"ACCESSORY","category_revenue_at_store":24615.880859375,"opportunity":"Brand not carried"}],"product_mix":{"top":[{"product":"OCB rolling machine slim 110mm","units":18,"revenue":198.0,"cost":48.060001373291016,"profit":149.94000244140625,"stores":1,"transactions":18,"margin":75.69999694824219},{"product":"OCB rolling masachine 1 1/4","units":17,"revenue":154.0,"cost":45.38999938964844,"profit":108.61000061035156,"stores":1,"transactions":17,"margin":70.5},{"product":"1 1/4 BAMBOO UNBLEACHED ROLLING PAPERS","units":24,"revenue":107.5,"cost":47.040000915527344,"profit":60.459999084472656,"stores":1,"transactions":21,"margin":56.20000076293945}],"bottom":[],"expansion":[]},"pricing_consistency":[],"promotional_effectiveness":{"lift":{"fp_units_per_day":1.06,"disc_units_per_day":1.25,"lift_pct":17.6,"fp_avg_revenue_per_unit":9.06,"disc_avg_revenue_per_unit":6.06},"by_deal":[{"deal_name":"Senior - 10% Off","uses":9,"revenue":73.80000019073486,"discounts":8.200000047683716,"units":11.0,"cost":25.110000610351562,"margin":66.0,"discount_depth":10.0},{"deal_name":"Veterans - 10% Off","uses":2,"revenue":19.800000190734863,"discounts":2.200000047683716,"units":2.0,"cost":5.340000152587891,"margin":73.0,"discount_depth":10.0},{"deal_name":"Employee 30% - NOT FRIDAYS","uses":1,"revenue":2.4000000953674316,"discounts":9.600000381469727,"units":1.0,"cost":2.6700000762939453,"margin":-11.2,"discount_depth":80.0},{"deal_name":"Jackpot - Locals 30% Off","uses":1,"revenue":3.5,"discounts":1.5,"units":1.0,"cost":1.9600000381469727,"margin":44.0,"discount_depth":30.0},{"deal_name":"Senior / Veterans - 20% Off","uses":1,"revenue":4.0,"discounts":1.0,"units":1.0,"cost":1.9600000381469727,"margin":51.0,"discount_depth":20.0}]},"growth_opportunities":[{"type":"distribution","title":"Expand to Thrive Cactus","detail":"Store has $359,353 in ACCESSORY \u2014 categories where OCB competes.","priority":"high"},{"type":"distribution","title":"Expand to Thrive Cheyenne","detail":"Store has $221,088 in ACCESSORY \u2014 categories where OCB competes.","priority":"high"},{"type":"distribution","title":"Expand to Thrive Main Street","detail":"Store has $24,616 in ACCESSORY \u2014 categories where OCB competes.","priority":"high"},{"type":"distribution","title":"Expand to Thrive Sahara","detail":"Store has $186,593 in ACCESSORY \u2014 categories where OCB competes.","priority":"high"},{"type":"distribution","title":"Expand to Thrive Sammy","detail":"Store has $174,304 in ACCESSORY \u2014 categories where OCB competes.","priority":"high"},{"type":"velocity","title":"Improve velocity in ACCESSORY","detail":"Velocity index 1 (below category average). 0.1 units/day vs 10.3 avg.","priority":"medium"}],"trend":[{"period":"2025-03","revenue":30.0,"cost":8.010000228881836,"margin":73.3,"units":3,"transactions":3,"profit":21.989999771118164,"revenue_change_pct":null,"units_change_pct":null,"margin_change_pts":null},{"period":"2025-04","revenue":45.0,"cost":10.680000305175781,"margin":76.3,"units":4,"transactions":4,"profit":34.31999969482422,"revenue_change_pct":50.0,"units_change_pct":33.3,"margin_change_pts":3.0},{"period":"2025-05","revenue":39.0,"cost":10.680000305175781,"margin":72.6,"units":4,"transactions":4,"profit":28.31999969482422,"revenue_change_pct":-13.3,"units_change_pct":0,"margin_change_pts":-3.7},{"period":"2025-06","revenue":43.0,"cost":10.680000305175781,"margin":75.2,"units":4,"transactions":4,"profit":32.31999969482422,"revenue_change_pct":10.3,"units_change_pct":0,"margin_change_pts":2.5},{"period":"2025-07","revenue":35.79999923706055,"cost":9.970000267028809,"margin":72.2,"units":4,"transactions":4,"profit":25.829999923706055,"revenue_change_pct":-16.7,"units_change_pct":0,"margin_change_pts":-3.0},{"period":"2025-08","revenue":72.5,"cost":24.400001525878906,"margin":66.3,"units":11,"transactions":11,"profit":48.099998474121094,"revenue_change_pct":102.5,"units_change_pct":175.0,"margin_change_pts":-5.8},{"period":"2025-09","revenue":94.0,"cost":31.700000762939453,"margin":66.3,"units":14,"transactions":13,"profit":62.29999923706055,"revenue_change_pct":29.7,"units_change_pct":27.3,"margin_change_pts":-0.1},{"period":"2025-10","revenue":61.79999923706055,"cost":23.690000534057617,"margin":61.7,"units":11,"transactions":9,"profit":38.11000061035156,"revenue_change_pct":-34.3,"units_change_pct":-21.4,"margin_change_pts":-4.6},{"period":"2025-11","revenue":26.399999618530273,"cost":8.010000228881836,"margin":69.7,"units":3,"transactions":3,"profit":18.389999389648438,"revenue_change_pct":-57.3,"units_change_pct":-72.7,"margin_change_pts":8.0},{"period":"2025-12","revenue":12.0,"cost":2.6700000762939453,"margin":77.7,"units":1,"transactions":1,"profit":9.329999923706055,"revenue_change_pct":-54.5,"units_change_pct":-66.7,"margin_change_pts":8.1}]}