{"brand":"SELECT","date_range":"2024-01-01 00:00:00 to 2026-01-31 00:00:00","period_label":"All Time","summary":{"total_units":211756,"total_revenue":6433249.375,"total_cost":3170576.875,"total_discounts":2091178.28125,"total_profit":3262672.5,"overall_margin":50.70000076293945,"fp_margin":61.099998474121094,"disc_margin":45.400001525878906,"pct_full_price":33.900001525878906,"avg_discount_rate":24.5,"fp_revenue":2184045.0,"disc_revenue":4249204.375,"unique_customers":47446,"brand":"SELECT","date_range":"2024-01-01 00:00:00 to 2026-01-31 00:00:00","months_count":50,"avg_monthly_cost":126823.07500000001,"cost_per_unit":29.950000000000003,"primary_category":"CARTRIDGE","primary_cat_margin":50.400001525878906,"category_rank":2,"category_total":27,"margin_vs_category":0.30000001192092896,"velocity_rank":3},"category_breakdown":[{"category_clean":"CARTRIDGE","units":177124,"revenue":5291372.5,"cost":2607857.5,"profit":2683515.0,"discounts":1742447.65625,"margin":50.70000076293945,"category_avg_margin":50.400001525878906,"vs_category":0.3,"rank":2.0,"total_brands":27.0},{"category_clean":"DISPOSABLE VAPE","units":26436,"revenue":1019266.953125,"cost":488837.5,"profit":530429.4921875,"discounts":287008.02734375,"margin":52.0,"category_avg_margin":52.79999923706055,"vs_category":-0.8,"rank":12.0,"total_brands":35.0},{"category_clean":"EDIBLE","units":8104,"revenue":120932.40234375,"cost":73880.0,"profit":47052.40234375,"discounts":60975.09765625,"margin":38.900001525878906,"category_avg_margin":50.0,"vs_category":-11.1,"rank":17.0,"total_brands":32.0},{"category_clean":"ACCESSORY","units":34,"revenue":1440.0,"cost":0.42500000447034836,"profit":1439.5750427246094,"discounts":260.0,"margin":100.0,"category_avg_margin":61.099998474121094,"vs_category":38.9,"rank":42.0,"total_brands":136.0},{"category_clean":"PROMO","units":58,"revenue":237.5,"cost":1.4500001072883606,"profit":236.04999542236328,"discounts":487.5,"margin":99.4000015258789,"category_avg_margin":61.400001525878906,"vs_category":38.0,"rank":2.0,"total_brands":3.0}],"trend":[{"period":"2024-01","revenue":292499.12109375,"cost":150574.326171875,"margin":48.5,"units":10464,"transactions":6266,"profit":141924.8046875,"revenue_change_pct":null,"units_change_pct":null,"margin_change_pts":null},{"period":"2024-02","revenue":335937.8125,"cost":177855.0,"margin":47.1,"units":12218,"transactions":6992,"profit":158082.802734375,"revenue_change_pct":14.9,"units_change_pct":16.8,"margin_change_pts":-1.5},{"period":"2024-03","revenue":316192.67578125,"cost":167215.0,"margin":47.1,"units":11562,"transactions":6636,"profit":148977.67578125,"revenue_change_pct":-5.9,"units_change_pct":-5.4,"margin_change_pts":0.1},{"period":"2024-04","revenue":288325.46875,"cost":159815.048828125,"margin":44.6,"units":10978,"transactions":6170,"profit":128510.4296875,"revenue_change_pct":-8.8,"units_change_pct":-5.1,"margin_change_pts":-2.5},{"period":"2024-05","revenue":317847.7734375,"cost":163917.5,"margin":48.4,"units":11342,"transactions":6556,"profit":153930.2734375,"revenue_change_pct":10.2,"units_change_pct":3.3,"margin_change_pts":3.9},{"period":"2024-06","revenue":351593.984375,"cost":195130.0,"margin":44.5,"units":13184,"transactions":7148,"profit":156463.974609375,"revenue_change_pct":10.6,"units_change_pct":16.2,"margin_change_pts":-3.9},{"period":"2024-07","revenue":200725.95703125,"cost":94210.0,"margin":53.1,"units":6492,"transactions":4394,"profit":106515.947265625,"revenue_change_pct":-42.9,"units_change_pct":-50.8,"margin_change_pts":8.6},{"period":"2024-08","revenue":335102.65625,"cost":163380.0,"margin":51.2,"units":11370,"transactions":5782,"profit":171722.65625,"revenue_change_pct":66.9,"units_change_pct":75.1,"margin_change_pts":-1.8},{"period":"2024-09","revenue":265160.390625,"cost":128152.5,"margin":51.7,"units":8532,"transactions":4770,"profit":137007.900390625,"revenue_change_pct":-20.9,"units_change_pct":-25.0,"margin_change_pts":0.4},{"period":"2024-10","revenue":282587.48046875,"cost":137295.0,"margin":51.4,"units":8888,"transactions":5036,"profit":145292.470703125,"revenue_change_pct":6.6,"units_change_pct":4.2,"margin_change_pts":-0.3},{"period":"2024-11","revenue":405486.640625,"cost":255455.0,"margin":37.0,"units":16118,"transactions":7412,"profit":150031.62109375,"revenue_change_pct":43.5,"units_change_pct":81.3,"margin_change_pts":-14.4},{"period":"2024-12","revenue":440794.140625,"cost":216422.5,"margin":50.9,"units":13560,"transactions":7704,"profit":224371.640625,"revenue_change_pct":8.7,"units_change_pct":-15.9,"margin_change_pts":13.9},{"period":"2025-01","revenue":261266.19140625,"cost":123690.0,"margin":52.7,"units":7578,"transactions":5084,"profit":137576.201171875,"revenue_change_pct":-40.7,"units_change_pct":-44.1,"margin_change_pts":1.8},{"period":"2025-02","revenue":180056.9921875,"cost":81937.5,"margin":54.5,"units":5026,"transactions":3064,"profit":98119.501953125,"revenue_change_pct":-31.1,"units_change_pct":-33.7,"margin_change_pts":1.8},{"period":"2025-03","revenue":147555.654296875,"cost":68777.5,"margin":53.4,"units":4252,"transactions":2586,"profit":78778.1494140625,"revenue_change_pct":-18.1,"units_change_pct":-15.4,"margin_change_pts":-1.1},{"period":"2025-04","revenue":219546.5234375,"cost":116795.0,"margin":46.8,"units":6874,"transactions":4048,"profit":102751.5234375,"revenue_change_pct":48.8,"units_change_pct":61.7,"margin_change_pts":-6.6},{"period":"2025-05","revenue":215774.4921875,"cost":102210.0,"margin":52.6,"units":6210,"transactions":3790,"profit":113564.501953125,"revenue_change_pct":-1.7,"units_change_pct":-9.7,"margin_change_pts":5.8},{"period":"2025-06","revenue":147011.650390625,"cost":67712.5,"margin":53.9,"units":4042,"transactions":2512,"profit":79299.150390625,"revenue_change_pct":-31.9,"units_change_pct":-34.9,"margin_change_pts":1.3},{"period":"2025-07","revenue":144974.921875,"cost":64065.0,"margin":55.8,"units":4478,"transactions":2584,"profit":80909.9267578125,"revenue_change_pct":-1.4,"units_change_pct":10.8,"margin_change_pts":1.9},{"period":"2025-08","revenue":224134.62890625,"cost":95440.0,"margin":57.4,"units":7080,"transactions":3328,"profit":128694.62890625,"revenue_change_pct":54.6,"units_change_pct":58.1,"margin_change_pts":1.6},{"period":"2025-09","revenue":159153.9453125,"cost":65722.5,"margin":58.7,"units":4902,"transactions":2570,"profit":93431.4453125,"revenue_change_pct":-29.0,"units_change_pct":-30.8,"margin_change_pts":1.3},{"period":"2025-10","revenue":198832.44140625,"cost":79175.0,"margin":60.2,"units":5928,"transactions":2982,"profit":119657.451171875,"revenue_change_pct":24.9,"units_change_pct":20.9,"margin_change_pts":1.5},{"period":"2025-11","revenue":212239.19921875,"cost":90855.0,"margin":57.2,"units":6780,"transactions":3552,"profit":121384.19921875,"revenue_change_pct":6.7,"units_change_pct":14.4,"margin_change_pts":-3.0},{"period":"2025-12","revenue":271387.03125,"cost":116507.5,"margin":57.1,"units":8366,"transactions":3884,"profit":154879.521484375,"revenue_change_pct":27.9,"units_change_pct":23.4,"margin_change_pts":-0.1},{"period":"2026-01","revenue":219061.484375,"cost":88267.5,"margin":59.7,"units":5532,"transactions":3272,"profit":130793.974609375,"revenue_change_pct":-19.3,"units_change_pct":-33.9,"margin_change_pts":2.6}],"share_of_category":[{"category":"CARTRIDGE","brand_revenue":5291372.5,"category_revenue":46155130.0,"revenue_share_pct":11.5,"brand_units":177124,"category_units":1532896,"units_share_pct":11.6},{"category":"DISPOSABLE VAPE","brand_revenue":1019267.03125,"category_revenue":30552405.0,"revenue_share_pct":3.299999952316284,"brand_units":26436,"category_units":756548,"units_share_pct":3.5},{"category":"EDIBLE","brand_revenue":120932.40234375,"category_revenue":29378492.5,"revenue_share_pct":0.4000000059604645,"brand_units":8104,"category_units":1706530,"units_share_pct":0.5},{"category":"ACCESSORY","brand_revenue":1440.0,"category_revenue":4128754.0625,"revenue_share_pct":0.0,"brand_units":34,"category_units":2130096,"units_share_pct":0.0},{"category":"PROMO","brand_revenue":237.5,"category_revenue":1940.0,"revenue_share_pct":12.199999809265137,"brand_units":58,"category_units":114,"units_share_pct":50.9}],"share_of_category_trend":{"CARTRIDGE":[{"period":"2024-01","brand_revenue":275174.19921875,"category_revenue":2057675.625,"share_pct":13.399999618530273},{"period":"2024-02","brand_revenue":318221.85546875,"category_revenue":2141777.8125,"share_pct":14.899999618530273},{"period":"2024-03","brand_revenue":297912.9296875,"category_revenue":2288552.1875,"share_pct":13.0},{"period":"2024-04","brand_revenue":275160.8203125,"category_revenue":2096820.46875,"share_pct":13.100000381469727},{"period":"2024-05","brand_revenue":299250.56640625,"category_revenue":2138038.59375,"share_pct":14.0},{"period":"2024-06","brand_revenue":336046.796875,"category_revenue":2017623.90625,"share_pct":16.700000762939453},{"period":"2024-07","brand_revenue":192105.95703125,"category_revenue":2031918.28125,"share_pct":9.5},{"period":"2024-08","brand_revenue":322012.1484375,"category_revenue":2132382.65625,"share_pct":15.100000381469727},{"period":"2024-09","brand_revenue":261797.51953125,"category_revenue":1955407.03125,"share_pct":13.399999618530273},{"period":"2024-10","brand_revenue":242295.60546875,"category_revenue":2083993.125,"share_pct":11.600000381469727},{"period":"2024-11","brand_revenue":315889.08203125,"category_revenue":2038609.375,"share_pct":15.5},{"period":"2024-12","brand_revenue":319361.015625,"category_revenue":2003932.03125,"share_pct":15.899999618530273},{"period":"2025-01","brand_revenue":153786.220703125,"category_revenue":1921719.21875,"share_pct":8.0},{"period":"2025-02","brand_revenue":106461.171875,"category_revenue":1668647.5,"share_pct":6.400000095367432},{"period":"2025-03","brand_revenue":96970.654296875,"category_revenue":1758711.25,"share_pct":5.5},{"period":"2025-04","brand_revenue":142274.873046875,"category_revenue":1735997.5,"share_pct":8.199999809265137},{"period":"2025-05","brand_revenue":165138.2421875,"category_revenue":1688800.46875,"share_pct":9.800000190734863},{"period":"2025-06","brand_revenue":109704.501953125,"category_revenue":1594515.0,"share_pct":6.900000095367432},{"period":"2025-07","brand_revenue":119159.296875,"category_revenue":1595739.53125,"share_pct":7.5},{"period":"2025-08","brand_revenue":184901.30859375,"category_revenue":1677489.6875,"share_pct":11.0},{"period":"2025-09","brand_revenue":126946.0546875,"category_revenue":1539547.96875,"share_pct":8.199999809265137},{"period":"2025-10","brand_revenue":159929.248046875,"category_revenue":1548909.21875,"share_pct":10.300000190734863},{"period":"2025-11","brand_revenue":168832.94921875,"category_revenue":1545430.15625,"share_pct":10.899999618530273},{"period":"2025-12","brand_revenue":197045.80078125,"category_revenue":1467828.28125,"share_pct":13.399999618530273},{"period":"2026-01","brand_revenue":104993.5546875,"category_revenue":1425064.0625,"share_pct":7.400000095367432}],"DISPOSABLE VAPE":[{"period":"2024-01","brand_revenue":0.0,"category_revenue":933474.921875,"share_pct":0.0},{"period":"2024-02","brand_revenue":0.0,"category_revenue":877782.109375,"share_pct":0.0},{"period":"2024-03","brand_revenue":0.0,"category_revenue":990692.03125,"share_pct":0.0},{"period":"2024-04","brand_revenue":0.0,"category_revenue":971952.1875,"share_pct":0.0},{"period":"2024-05","brand_revenue":0.0,"category_revenue":1035100.46875,"share_pct":0.0},{"period":"2024-06","brand_revenue":0.0,"category_revenue":1039794.21875,"share_pct":0.0},{"period":"2024-07","brand_revenue":0.0,"category_revenue":1081636.5625,"share_pct":0.0},{"period":"2024-08","brand_revenue":0.0,"category_revenue":1098658.125,"share_pct":0.0},{"period":"2024-09","brand_revenue":3093.125,"category_revenue":1056394.53125,"share_pct":0.30000001192092896},{"period":"2024-10","brand_revenue":40291.875,"category_revenue":1197041.171875,"share_pct":3.4000000953674316},{"period":"2024-11","brand_revenue":89597.548828125,"category_revenue":1193980.234375,"share_pct":7.5},{"period":"2024-12","brand_revenue":121433.125,"category_revenue":1222008.984375,"share_pct":9.899999618530273},{"period":"2025-01","brand_revenue":107479.970703125,"category_revenue":1100552.421875,"share_pct":9.800000190734863},{"period":"2025-02","brand_revenue":73595.8251953125,"category_revenue":1167271.25,"share_pct":6.300000190734863},{"period":"2025-03","brand_revenue":50585.0,"category_revenue":1348856.71875,"share_pct":3.799999952316284},{"period":"2025-04","brand_revenue":77271.650390625,"category_revenue":1414639.84375,"share_pct":5.5},{"period":"2025-05","brand_revenue":50636.25,"category_revenue":1460588.4375,"share_pct":3.5},{"period":"2025-06","brand_revenue":37307.15087890625,"category_revenue":1320852.96875,"share_pct":2.799999952316284},{"period":"2025-07","brand_revenue":25815.625,"category_revenue":1451194.84375,"share_pct":1.7999999523162842},{"period":"2025-08","brand_revenue":39233.3251953125,"category_revenue":1403520.625,"share_pct":2.799999952316284},{"period":"2025-09","brand_revenue":32207.900390625,"category_revenue":1317518.125,"share_pct":2.4000000953674316},{"period":"2025-10","brand_revenue":38903.20068359375,"category_revenue":1511693.75,"share_pct":2.5999999046325684},{"period":"2025-11","brand_revenue":43406.25,"category_revenue":1481709.21875,"share_pct":2.9000000953674316},{"period":"2025-12","brand_revenue":74341.2255859375,"category_revenue":1476896.875,"share_pct":5.0},{"period":"2026-01","brand_revenue":114067.9296875,"category_revenue":1398594.84375,"share_pct":8.199999809265137}],"EDIBLE":[{"period":"2024-01","brand_revenue":15817.425537109375,"category_revenue":1115754.921875,"share_pct":1.399999976158142},{"period":"2024-02","brand_revenue":17715.94970703125,"category_revenue":1235210.0,"share_pct":1.399999976158142},{"period":"2024-03","brand_revenue":18279.749755859375,"category_revenue":1273343.671875,"share_pct":1.399999976158142},{"period":"2024-04","brand_revenue":12994.649658203125,"category_revenue":1298159.0625,"share_pct":1.0},{"period":"2024-05","brand_revenue":18597.19970703125,"category_revenue":1215880.78125,"share_pct":1.5},{"period":"2024-06","brand_revenue":15547.17529296875,"category_revenue":1181362.421875,"share_pct":1.2999999523162842},{"period":"2024-07","brand_revenue":8620.0,"category_revenue":1128302.8125,"share_pct":0.800000011920929},{"period":"2024-08","brand_revenue":13090.50048828125,"category_revenue":1167724.921875,"share_pct":1.100000023841858},{"period":"2024-09","brand_revenue":269.75000381469727,"category_revenue":1114619.53125,"share_pct":0.0},{"period":"2024-10","brand_revenue":0.0,"category_revenue":1205149.0625,"share_pct":0.0},{"period":"2024-11","brand_revenue":0.0,"category_revenue":1236132.421875,"share_pct":0.0},{"period":"2024-12","brand_revenue":0.0,"category_revenue":1207318.046875,"share_pct":0.0},{"period":"2025-01","brand_revenue":0.0,"category_revenue":1176202.578125,"share_pct":0.0},{"period":"2025-02","brand_revenue":0.0,"category_revenue":1097683.359375,"share_pct":0.0},{"period":"2025-03","brand_revenue":0.0,"category_revenue":1228067.265625,"share_pct":0.0},{"period":"2025-04","brand_revenue":0.0,"category_revenue":1290106.171875,"share_pct":0.0},{"period":"2025-05","brand_revenue":0.0,"category_revenue":1191670.3125,"share_pct":0.0},{"period":"2025-06","brand_revenue":0.0,"category_revenue":1110702.109375,"share_pct":0.0},{"period":"2025-07","brand_revenue":0.0,"category_revenue":1096938.125,"share_pct":0.0},{"period":"2025-08","brand_revenue":0.0,"category_revenue":1145920.859375,"share_pct":0.0},{"period":"2025-09","brand_revenue":0.0,"category_revenue":1070074.53125,"share_pct":0.0},{"period":"2025-10","brand_revenue":0.0,"category_revenue":1168865.78125,"share_pct":0.0},{"period":"2025-11","brand_revenue":0.0,"category_revenue":1192334.453125,"share_pct":0.0},{"period":"2025-12","brand_revenue":0.0,"category_revenue":1138094.375,"share_pct":0.0},{"period":"2026-01","brand_revenue":0.0,"category_revenue":1092874.21875,"share_pct":0.0}],"ACCESSORY":[{"period":"2024-01","brand_revenue":1270.0,"category_revenue":153543.9453125,"share_pct":0.800000011920929},{"period":"2024-02","brand_revenue":0.0,"category_revenue":152399.47265625,"share_pct":0.0},{"period":"2024-03","brand_revenue":0.0,"category_revenue":154678.876953125,"share_pct":0.0},{"period":"2024-04","brand_revenue":170.0,"category_revenue":163353.65234375,"share_pct":0.10000000149011612},{"period":"2024-05","brand_revenue":0.0,"category_revenue":179676.4453125,"share_pct":0.0},{"period":"2024-06","brand_revenue":0.0,"category_revenue":185008.828125,"share_pct":0.0},{"period":"2024-07","brand_revenue":0.0,"category_revenue":186675.46875,"share_pct":0.0},{"period":"2024-08","brand_revenue":0.0,"category_revenue":180226.328125,"share_pct":0.0},{"period":"2024-09","brand_revenue":0.0,"category_revenue":162386.298828125,"share_pct":0.0},{"period":"2024-10","brand_revenue":0.0,"category_revenue":166088.73046875,"share_pct":0.0},{"period":"2024-11","brand_revenue":0.0,"category_revenue":171706.09375,"share_pct":0.0},{"period":"2024-12","brand_revenue":0.0,"category_revenue":176502.03125,"share_pct":0.0},{"period":"2025-01","brand_revenue":0.0,"category_revenue":167261.34765625,"share_pct":0.0},{"period":"2025-02","brand_revenue":0.0,"category_revenue":155260.927734375,"share_pct":0.0},{"period":"2025-03","brand_revenue":0.0,"category_revenue":176420.390625,"share_pct":0.0},{"period":"2025-04","brand_revenue":0.0,"category_revenue":182694.82421875,"share_pct":0.0},{"period":"2025-05","brand_revenue":0.0,"category_revenue":179904.4921875,"share_pct":0.0},{"period":"2025-06","brand_revenue":0.0,"category_revenue":161148.75,"share_pct":0.0},{"period":"2025-07","brand_revenue":0.0,"category_revenue":165549.8046875,"share_pct":0.0},{"period":"2025-08","brand_revenue":0.0,"category_revenue":171752.05078125,"share_pct":0.0},{"period":"2025-09","brand_revenue":0.0,"category_revenue":168198.9453125,"share_pct":0.0},{"period":"2025-10","brand_revenue":0.0,"category_revenue":171844.55078125,"share_pct":0.0},{"period":"2025-11","brand_revenue":0.0,"category_revenue":172839.74609375,"share_pct":0.0},{"period":"2025-12","brand_revenue":0.0,"category_revenue":141954.873046875,"share_pct":0.0},{"period":"2026-01","brand_revenue":0.0,"category_revenue":81677.1484375,"share_pct":0.0}],"PROMO":[{"period":"2024-01","brand_revenue":237.5,"category_revenue":237.5,"share_pct":100.0},{"period":"2025-09","brand_revenue":0.0,"category_revenue":591.25,"share_pct":0.0},{"period":"2025-10","brand_revenue":0.0,"category_revenue":61.25,"share_pct":0.0},{"period":"2025-11","brand_revenue":0.0,"category_revenue":87.5,"share_pct":0.0},{"period":"2025-12","brand_revenue":0.0,"category_revenue":726.25,"share_pct":0.0},{"period":"2026-01","brand_revenue":0.0,"category_revenue":236.25,"share_pct":0.0}]},"discount_depth":[{"tier":"0% (Full Price)","transactions":52756,"pct_of_transactions":30.4,"revenue":2184045.0,"avg_discount":0.0},{"tier":"1-10%","transactions":3824,"pct_of_transactions":2.2,"revenue":170591.2109375,"avg_discount":19.799999237060547},{"tier":"11-20%","transactions":19206,"pct_of_transactions":11.1,"revenue":774136.796875,"avg_discount":33.599998474121094},{"tier":"21-30%","transactions":23190,"pct_of_transactions":13.4,"revenue":884712.96875,"avg_discount":53.79999923706055},{"tier":"31%+","transactions":39522,"pct_of_transactions":22.8,"revenue":1310100.546875,"avg_discount":91.5999984741211}],"velocity":{"units_per_day":277.9,"revenue_per_day":8442.575073242188,"avg_units_per_txn":3.58,"days_of_data":762,"total_units":211756,"total_transactions":118122},"velocity_by_category":[{"category":"CARTRIDGE","brand_units_per_day":232.44,"category_avg_units_per_day":74.5,"velocity_index":312.0,"brand_rev_per_unit":23.9,"category_rev_per_unit":24.09,"brands_in_category":27},{"category":"PROMO","brand_units_per_day":0.08,"category_avg_units_per_day":0.04,"velocity_index":152.6,"brand_rev_per_unit":3.28,"category_rev_per_unit":13.61,"brands_in_category":3},{"category":"DISPOSABLE VAPE","brand_units_per_day":34.7,"category_avg_units_per_day":28.36,"velocity_index":122.3,"brand_rev_per_unit":30.84,"category_rev_per_unit":32.31,"brands_in_category":35},{"category":"EDIBLE","brand_units_per_day":10.64,"category_avg_units_per_day":69.98,"velocity_index":15.2,"brand_rev_per_unit":11.94,"category_rev_per_unit":13.77,"brands_in_category":32},{"category":"ACCESSORY","brand_units_per_day":0.04,"category_avg_units_per_day":20.56,"velocity_index":0.2,"brand_rev_per_unit":33.88,"category_rev_per_unit":1.55,"brands_in_category":136}],"deals":[{"deal_name":"Industry - 30% Off","times_used":17178,"units":22502.0,"revenue":618039.5000982285,"discounts":264858.0000400543,"cost":347512.52499999944,"profit":270526.9749677181,"pre_discount_revenue":882897.5,"margin":43.8,"avg_discount":60.0},{"deal_name":"Stock & Save - 3 for $75 - Srene / Select / Big Chief Carts","times_used":9448,"units":24704.0,"revenue":772474.6999907494,"discounts":209075.30000329018,"cost":375241.25,"profit":397233.44999849796,"pre_discount_revenue":981550.0,"margin":51.4,"avg_discount":42.6},{"deal_name":"Lit4Less - 3 for $75 Carts - Srene / Select / AMA / Optimum / BC","times_used":4822,"units":11433.0,"revenue":356464.00000810623,"discounts":143023.49999785423,"cost":144565.0,"profit":211898.99999916553,"pre_discount_revenue":499487.5,"margin":59.4,"avg_discount":57.2},{"deal_name":"Industry 30% Off","times_used":4518,"units":6732.0,"revenue":223848.98750066757,"discounts":97107.2625029087,"cost":102296.25,"profit":121552.73750245571,"pre_discount_revenue":320956.25,"margin":54.3,"avg_discount":60.6},{"deal_name":"Select Saturday - BOGO Carts /Cliq","times_used":4136,"units":13266.0,"revenue":252616.72579288483,"discounts":245628.27352046967,"cost":199245.0,"profit":53371.72678026371,"pre_discount_revenue":498245.0,"margin":21.1,"avg_discount":98.6},{"deal_name":"Select Saturday - BOGO Carts","times_used":3002,"units":10001.0,"revenue":189840.48823356628,"discounts":185547.01132774353,"cost":151702.5,"profit":38137.9887625156,"pre_discount_revenue":375387.5,"margin":20.1,"avg_discount":98.8},{"deal_name":"Select Saturday - Carts 3 for $70!","times_used":2796,"units":9300.0,"revenue":271800.04826784134,"discounts":120806.20010375977,"cost":132868.75,"profit":138931.30015723407,"pre_discount_revenue":392606.25,"margin":51.1,"avg_discount":61.6},{"deal_name":"Select Carts 3 for $65","times_used":2022,"units":6643.0,"revenue":179544.4123530388,"discounts":111124.33876037598,"cost":83862.5,"profit":95681.91123962402,"pre_discount_revenue":290668.75,"margin":53.3,"avg_discount":76.4},{"deal_name":"GW - Select - 3 for $40 Vapes","times_used":2016,"units":7012.0,"revenue":117009.3624162674,"discounts":160778.13791036606,"cost":113267.5,"profit":3741.8628065288067,"pre_discount_revenue":277787.5,"margin":3.2,"avg_discount":115.8},{"deal_name":"Lit4Less - Disposables - 2 for $60 (NO LR / HTE)","times_used":1842,"units":3026.0,"revenue":113252.22499847412,"discounts":45422.77500152588,"cost":51782.5,"profit":61469.724999666214,"pre_discount_revenue":158675.0,"margin":54.3,"avg_discount":57.2},{"deal_name":"30% Off Special","times_used":1650,"units":1825.0,"revenue":59259.97500419617,"discounts":25545.02500295639,"cost":28916.25,"profit":30343.724999427795,"pre_discount_revenue":84805.0,"margin":51.2,"avg_discount":60.2},{"deal_name":"Stock & Save - 3 for $75 - Srene / Select Carts","times_used":1322,"units":3565.0,"revenue":111448.6249923706,"discounts":22238.87499809265,"cost":53475.0,"profit":57973.62500190735,"pre_discount_revenue":133687.5,"margin":52.0,"avg_discount":33.2},{"deal_name":"Senior - 10% Off","times_used":1314,"units":1773.0,"revenue":64395.20004272461,"discounts":7342.299997806549,"cost":27702.5,"profit":36692.69999027252,"pre_discount_revenue":71737.5,"margin":57.0,"avg_discount":20.4},{"deal_name":"SELECT X-BITES BOGO","times_used":1268,"units":3956.0,"revenue":44595.012900829315,"discounts":44274.98700141907,"cost":37275.0,"profit":7320.0126415956765,"pre_discount_revenue":88870.0,"margin":16.4,"avg_discount":99.6},{"deal_name":"Jackpot - Locals 30% Off","times_used":1126,"units":1890.0,"revenue":57053.425006866455,"discounts":24435.32500743866,"cost":29367.5,"profit":27685.924999713898,"pre_discount_revenue":81488.75,"margin":48.5,"avg_discount":60.0},{"deal_name":"Veterans - 10% Off","times_used":1086,"units":1570.0,"revenue":59404.48752403259,"discounts":6744.2624989151955,"cost":25030.0,"profit":34374.48749780655,"pre_discount_revenue":66148.75,"margin":57.9,"avg_discount":20.4},{"deal_name":"4/20 50% Off!!!!","times_used":918,"units":1828.0,"revenue":33712.525000572205,"discounts":33307.474999427795,"cost":26860.0,"profit":6852.524999976158,"pre_discount_revenue":67020.0,"margin":20.3,"avg_discount":99.4},{"deal_name":"4/17-4/19  Select / Jams","times_used":876,"units":1580.0,"revenue":37005.57499885559,"discounts":37181.92500114441,"cost":27127.5,"profit":9878.075000047684,"pre_discount_revenue":74187.5,"margin":26.7,"avg_discount":100.2},{"deal_name":"Select STIQ Disposables 2 for $60","times_used":750,"units":1604.0,"revenue":60185.0,"discounts":20015.0,"cost":30225.0,"profit":29960.0,"pre_discount_revenue":80200.0,"margin":49.8,"avg_discount":50.0},{"deal_name":"STIQ Disposables - 2 for $55","times_used":644,"units":1372.0,"revenue":47080.199999809265,"discounts":21519.800000190735,"cost":22295.0,"profit":24785.199999809265,"pre_discount_revenue":68600.0,"margin":52.6,"avg_discount":62.8},{"deal_name":"50% Off - G2B","times_used":644,"units":1183.6666666666667,"revenue":26888.766664663948,"discounts":26919.56666866938,"cost":16047.083333333332,"profit":10841.683333714802,"pre_discount_revenue":53808.33333333333,"margin":40.3,"avg_discount":100.0},{"deal_name":"Select 0.8g Carts 3 for $75","times_used":602,"units":2088.0,"revenue":65400.0,"discounts":12900.0,"cost":31320.0,"profit":34080.0,"pre_discount_revenue":78300.0,"margin":52.1,"avg_discount":33.0},{"deal_name":"LVAC - 25% Off","times_used":554,"units":648.0,"revenue":19591.875,"discounts":6543.125,"cost":10192.5,"profit":9399.375,"pre_discount_revenue":26135.0,"margin":48.0,"avg_discount":50.0},{"deal_name":"Senior / Veterans - 20% Off","times_used":530,"units":968.0,"revenue":31230.199999809265,"discounts":7942.300001382828,"cost":15006.25,"profit":16223.949998617172,"pre_discount_revenue":39172.5,"margin":51.9,"avg_discount":40.6},{"deal_name":"Select Carts 3 for $70","times_used":386,"units":1288.0,"revenue":37474.287362098694,"discounts":10825.712616443634,"cost":19320.0,"profit":18154.287450313568,"pre_discount_revenue":48300.0,"margin":48.4,"avg_discount":44.8},{"deal_name":"Srene / Select / AMA / Optimum / Fade Carts 3 for $60","times_used":360,"units":836.0,"revenue":20794.300003051758,"discounts":15530.699996948242,"cost":10635.0,"profit":10159.300000220537,"pre_discount_revenue":36325.0,"margin":48.9,"avg_discount":85.6},{"deal_name":"Stock & Save - Edibles 5 for $50","times_used":236,"units":980.0,"revenue":12290.0,"discounts":9752.5,"cost":7350.0,"profit":4940.0,"pre_discount_revenue":22042.5,"margin":40.2,"avg_discount":88.4},{"deal_name":"Select STIQ Disposables 2 for $55","times_used":220,"units":468.0,"revenue":16039.574999809265,"discounts":7360.425000190735,"cost":7710.0,"profit":8329.574999809265,"pre_discount_revenue":23400.0,"margin":51.9,"avg_discount":63.0},{"deal_name":"Select Carts 3 for $60","times_used":174,"units":560.0,"revenue":14000.0,"discounts":10500.0,"cost":7035.0,"profit":6965.0,"pre_discount_revenue":24500.0,"margin":49.8,"avg_discount":85.8},{"deal_name":"Select Saturday - Jams + Stiq - $40","times_used":142,"units":142.0,"revenue":4768.75,"discounts":1806.25,"cost":2592.5,"profit":2176.25,"pre_discount_revenue":6575.0,"margin":45.6,"avg_discount":55.0},{"deal_name":"Select/ Big Chief Carts  2 for $50","times_used":130,"units":286.0,"revenue":8937.5,"discounts":4262.5,"cost":4680.0,"profit":4257.5,"pre_discount_revenue":13200.0,"margin":47.6,"avg_discount":64.6},{"deal_name":"Employee 30% - NOT FRIDAYS","times_used":124,"units":141.0,"revenue":4386.462500095367,"discounts":1894.7874999046326,"cost":2280.0,"profit":2106.4625000953674,"pre_discount_revenue":6281.25,"margin":48.0,"avg_discount":60.4},{"deal_name":"Store Credit - $15","times_used":84,"units":90.66666666666667,"revenue":2443.5666648546853,"discounts":1877.2666684786477,"cost":1295.8333333333335,"profit":1147.733331521352,"pre_discount_revenue":4320.833333333333,"margin":47.0,"avg_discount":86.8},{"deal_name":"STIQ Disposables - 2 for $60","times_used":60,"units":120.0,"revenue":4125.0,"discounts":1875.0,"cost":2020.0,"profit":2105.0,"pre_discount_revenue":6000.0,"margin":51.0,"avg_discount":62.4},{"deal_name":"Store Credit - $25","times_used":56,"units":64.0,"revenue":1734.362506866455,"discounts":1334.3875044584274,"cost":915.0,"profit":819.3625023961067,"pre_discount_revenue":3068.75,"margin":47.2,"avg_discount":87.0},{"deal_name":"Employee - 40% OFF","times_used":56,"units":70.0,"revenue":1950.0,"discounts":1300.0,"cost":1107.5,"profit":842.5,"pre_discount_revenue":3250.0,"margin":43.2,"avg_discount":80.0},{"deal_name":"Store Credit - $50","times_used":26,"units":43.0,"revenue":928.1000018119812,"discounts":1146.9000005722046,"cost":613.75,"profit":314.3499995023012,"pre_discount_revenue":2075.0,"margin":33.9,"avg_discount":110.6},{"deal_name":"40% Off Special","times_used":22,"units":24.0,"revenue":697.5,"discounts":465.0,"cost":367.5,"profit":330.0,"pre_discount_revenue":1162.5,"margin":47.3,"avg_discount":80.0},{"deal_name":"Select Saturday - BOGO Edibles","times_used":14,"units":41.0,"revenue":450.2625036239624,"discounts":472.2374963760376,"cost":375.0,"profit":75.2625024318695,"pre_discount_revenue":922.5,"margin":16.7,"avg_discount":102.4},{"deal_name":"35% Off Special","times_used":10,"units":14.0,"revenue":381.875,"discounts":205.625,"cost":175.0,"profit":206.875,"pre_discount_revenue":587.5,"margin":54.2,"avg_discount":70.0},{"deal_name":"Store Credit - $75","times_used":8,"units":5.666666666666666,"revenue":83.32916657129923,"discounts":187.50416437784833,"cost":84.58333333333334,"profit":-1.254166762034099,"pre_discount_revenue":270.83333333333337,"margin":-1.5,"avg_discount":138.4},{"deal_name":"Store Credit - $100","times_used":8,"units":11.0,"revenue":136.16249799728394,"discounts":357.58750677108765,"cost":145.0,"profit":-8.83750006556511,"pre_discount_revenue":493.75,"margin":-6.5,"avg_discount":144.8},{"deal_name":"Veterans Day - 30% Off For Veterans!","times_used":8,"units":32.0,"revenue":840.0,"discounts":360.0,"cost":480.0,"profit":360.0,"pre_discount_revenue":1200.0,"margin":42.9,"avg_discount":60.0},{"deal_name":"Main St Happy Hour - 25% Off","times_used":4,"units":4.0,"revenue":140.625,"discounts":46.875,"cost":57.5,"profit":83.125,"pre_discount_revenue":187.5,"margin":59.1,"avg_discount":50.0},{"deal_name":"Medical - 10%","times_used":4,"units":4.0,"revenue":148.75,"discounts":26.25,"cost":67.5,"profit":81.25,"pre_discount_revenue":175.0,"margin":54.6,"avg_discount":30.0},{"deal_name":"Sammy Davis Early Bird - 15% Off","times_used":4,"units":4.0,"revenue":159.375,"discounts":28.125,"cost":57.5,"profit":101.875,"pre_discount_revenue":187.5,"margin":63.9,"avg_discount":30.0},{"deal_name":"Senior Sunday - RENO ONLY - 20% Off","times_used":2,"units":6.0,"revenue":226.25,"discounts":61.25,"cost":105.0,"profit":121.25,"pre_discount_revenue":287.5,"margin":53.6,"avg_discount":42.6},{"deal_name":"Store Credit - $150","times_used":2,"units":2.0,"revenue":5.0,"discounts":82.5,"cost":25.0,"profit":-20.0,"pre_discount_revenue":87.5,"margin":-400.0,"avg_discount":188.6},{"deal_name":"Reno - Early Bird - Senior / Veterans - 20%","times_used":2,"units":4.0,"revenue":160.0,"discounts":40.0,"cost":65.0,"profit":95.0,"pre_discount_revenue":200.0,"margin":59.4,"avg_discount":40.0},{"deal_name":"Senior Sunday - SAHARA ONLY - 20% Off","times_used":2,"units":2.0,"revenue":70.0,"discounts":17.5,"cost":30.0,"profit":40.0,"pre_discount_revenue":87.5,"margin":57.1,"avg_discount":40.0}],"top_products":[{"product":"CLEMENTINE ESSENTIAL CART - SELECT","units":16526,"revenue":481101.1328125,"cost":241875.0,"profit":239226.1328125,"transactions":12754,"margin":49.70000076293945},{"product":"LEMON CHEESECAKE ESSENTIAL CART - SELECT","units":12410,"revenue":382880.0390625,"cost":182167.5,"profit":200712.51953125,"transactions":10518,"margin":52.400001525878906},{"product":"SOUR TANGIE ESSENTIAL CART - SELECT","units":12950,"revenue":375957.6171875,"cost":193012.5,"profit":182945.09765625,"transactions":10180,"margin":48.70000076293945},{"product":"PAPAYA PEACH ESSENTIAL CART - SELECT","units":12736,"revenue":374987.65625,"cost":185730.0,"profit":189257.67578125,"transactions":10162,"margin":50.5},{"product":"BERRY GELATO ESSENTIAL CART - SELECT","units":10324,"revenue":305078.06640625,"cost":148250.0,"profit":156828.076171875,"transactions":8226,"margin":51.400001525878906},{"product":"FPOG ESSENTIAL CART - SELECT","units":9808,"revenue":282181.09375,"cost":146735.0,"profit":135446.103515625,"transactions":7624,"margin":48.0},{"product":"GREEN CRUSH ESSENTIAL CART - SELECT","units":9330,"revenue":281308.90625,"cost":137127.5,"profit":144181.396484375,"transactions":7938,"margin":51.29999923706055},{"product":"SUPER SOUR DIESEL ESSENTIAL CART - SELECT","units":9586,"revenue":280180.4296875,"cost":139025.0,"profit":141155.4296875,"transactions":8052,"margin":50.400001525878906},{"product":"GRAPE APE ESSENTIAL CART - SELECT","units":8598,"revenue":252699.7265625,"cost":130385.0,"profit":122314.7265625,"transactions":6952,"margin":48.400001525878906},{"product":"GELATTI ESSENTIAL CART - SELECT","units":8112,"revenue":239261.89453125,"cost":116905.0,"profit":122356.904296875,"transactions":6692,"margin":51.099998474121094},{"product":"LONDON POUND CAKE ESSENTIAL CART - SELECT","units":7814,"revenue":234072.55859375,"cost":116005.0,"profit":118067.548828125,"transactions":6350,"margin":50.400001525878906},{"product":"ORANGE POP ESSENTIAL CART - SELECT","units":7012,"revenue":209852.51953125,"cost":101560.0,"profit":108292.529296875,"transactions":6000,"margin":51.599998474121094},{"product":"WEDDING CAKE ESSENTIAL CART - SELECT","units":6984,"revenue":208687.16796875,"cost":100337.5,"profit":108349.677734375,"transactions":5966,"margin":51.900001525878906},{"product":"BLACKBERRY KUSH ESSENTIAL CART - SELECT","units":7088,"revenue":204136.26953125,"cost":100905.0,"profit":103231.279296875,"transactions":5862,"margin":50.599998474121094},{"product":"ANIMAL MINTZ ESSENTIAL CART - SELECT","units":6530,"revenue":196113.0078125,"cost":92840.0,"profit":103272.998046875,"transactions":5550,"margin":52.70000076293945},{"product":"TROPIC THUNDER ESSENTIAL CART - SELECT","units":5128,"revenue":157210.1953125,"cost":72070.0,"profit":85140.1953125,"transactions":4290,"margin":54.20000076293945},{"product":"GO GO GUAVA FRUIT STIQ DISPOSABLE VAPE - SELECT","units":3630,"revenue":132895.771484375,"cost":65150.0,"profit":67745.7763671875,"transactions":3226,"margin":51.0},{"product":"MELLOW MANGO FRUIT STIQ DISPOSABLE VAPE - SELECT","units":3388,"revenue":127619.1015625,"cost":61250.0,"profit":66369.1015625,"transactions":3086,"margin":52.0},{"product":"SWEET STRAWBERRY FRUIT STIQ DISPOSABLE VAPE - SELECT","units":3404,"revenue":124651.25,"cost":60300.0,"profit":64351.25,"transactions":3092,"margin":51.599998474121094},{"product":"GG4 ESSENTIAL CART - SELECT","units":3978,"revenue":118250.126953125,"cost":59670.0,"profit":58580.126953125,"transactions":3192,"margin":49.5},{"product":"WATERMELON BREEZE FRUIT STIQ DISPOSABLE VAPE - SELECT","units":2822,"revenue":99580.25390625,"cost":50472.5,"profit":49107.7490234375,"transactions":2552,"margin":49.29999923706055},{"product":"PINK LEMONADE FRUIT STIQ DISPOSABLE VAPE - SELECT","units":2248,"revenue":88918.525390625,"cost":39625.0,"profit":49293.525390625,"transactions":2006,"margin":55.400001525878906},{"product":"GDP ESSENTIAL CART - SELECT","units":3080,"revenue":86247.5,"cost":46200.0,"profit":40047.5,"transactions":2296,"margin":46.400001525878906},{"product":"LEMON SUNSET FRUIT STIQ DISPOSABLE VAPE - SELECT","units":2066,"revenue":77464.873046875,"cost":36327.5,"profit":41137.373046875,"transactions":1928,"margin":53.099998474121094},{"product":"TRAINWRECK ESSENTIAL CART - SELECT","units":2388,"revenue":74745.2734375,"cost":32855.0,"profit":41890.2734375,"transactions":2010,"margin":56.0}],"products_by_store":{"Elevation Springs":[{"product":"CLEMENTINE ESSENTIAL CART - SELECT","units":3512,"revenue":100643.3203125,"cost":51685.0,"profit":48958.3251953125,"transactions":2668,"margin":48.599998474121094},{"product":"LEMON CHEESECAKE ESSENTIAL CART - SELECT","units":2322,"revenue":70045.3515625,"cost":33835.0,"profit":36210.34912109375,"transactions":1984,"margin":51.70000076293945},{"product":"SOUR TANGIE ESSENTIAL CART - SELECT","units":2358,"revenue":68452.4267578125,"cost":35170.0,"profit":33282.42431640625,"transactions":1974,"margin":48.599998474121094},{"product":"PAPAYA PEACH ESSENTIAL CART - SELECT","units":2244,"revenue":63169.6240234375,"cost":32965.0,"profit":30204.6240234375,"transactions":1746,"margin":47.79999923706055},{"product":"GREEN CRUSH ESSENTIAL CART - SELECT","units":1936,"revenue":58156.5771484375,"cost":28740.0,"profit":29416.57470703125,"transactions":1724,"margin":50.599998474121094},{"product":"GRAPE APE ESSENTIAL CART - SELECT","units":1752,"revenue":50467.7001953125,"cost":26280.0,"profit":24187.7001953125,"transactions":1364,"margin":47.900001525878906},{"product":"GELATTI ESSENTIAL CART - SELECT","units":1662,"revenue":49039.423828125,"cost":24030.0,"profit":25009.423828125,"transactions":1364,"margin":51.0},{"product":"WEDDING CAKE ESSENTIAL CART - SELECT","units":1636,"revenue":46650.7763671875,"cost":23845.0,"profit":22805.77392578125,"transactions":1396,"margin":48.900001525878906},{"product":"ORANGE POP ESSENTIAL CART - SELECT","units":1622,"revenue":46276.15234375,"cost":23540.0,"profit":22736.14990234375,"transactions":1382,"margin":49.099998474121094},{"product":"BERRY GELATO ESSENTIAL CART - SELECT","units":1668,"revenue":46119.599609375,"cost":24405.0,"profit":21714.599609375,"transactions":1286,"margin":47.099998474121094},{"product":"SUPER SOUR DIESEL ESSENTIAL CART - SELECT","units":1570,"revenue":44030.3515625,"cost":22650.0,"profit":21380.34912109375,"transactions":1288,"margin":48.599998474121094},{"product":"TROPIC THUNDER ESSENTIAL CART - SELECT","units":1292,"revenue":39660.849609375,"cost":18160.0,"profit":21500.849609375,"transactions":1074,"margin":54.20000076293945},{"product":"FPOG ESSENTIAL CART - SELECT","units":1430,"revenue":39393.9501953125,"cost":21250.0,"profit":18143.9501953125,"transactions":1092,"margin":46.099998474121094},{"product":"ANIMAL MINTZ ESSENTIAL CART - SELECT","units":1330,"revenue":38335.80078125,"cost":19315.0,"profit":19020.799560546875,"transactions":1128,"margin":49.599998474121094},{"product":"MELLOW MANGO FRUIT STIQ DISPOSABLE VAPE - SELECT","units":864,"revenue":31369.599609375,"cost":15705.0,"profit":15664.599609375,"transactions":800,"margin":49.900001525878906}],"Elevation Mesa":[{"product":"CLEMENTINE ESSENTIAL CART - SELECT","units":2976,"revenue":86556.298828125,"cost":44035.0,"profit":42521.298828125,"transactions":2430,"margin":49.099998474121094},{"product":"SOUR TANGIE ESSENTIAL CART - SELECT","units":2038,"revenue":59484.375,"cost":30470.0,"profit":29014.375,"transactions":1670,"margin":48.79999923706055},{"product":"PAPAYA PEACH ESSENTIAL CART - SELECT","units":1896,"revenue":56140.80078125,"cost":27750.0,"profit":28390.80078125,"transactions":1590,"margin":50.599998474121094},{"product":"LEMON CHEESECAKE ESSENTIAL CART - SELECT","units":1812,"revenue":55152.4755859375,"cost":27080.0,"profit":28072.4755859375,"transactions":1576,"margin":50.900001525878906},{"product":"BERRY GELATO ESSENTIAL CART - SELECT","units":1704,"revenue":51997.099609375,"cost":24165.0,"profit":27832.099609375,"transactions":1370,"margin":53.5},{"product":"SUPER SOUR DIESEL ESSENTIAL CART - SELECT","units":1594,"revenue":46565.0244140625,"cost":23455.0,"profit":23110.0244140625,"transactions":1386,"margin":49.599998474121094},{"product":"GREEN CRUSH ESSENTIAL CART - SELECT","units":1494,"revenue":44682.0263671875,"cost":21715.0,"profit":22967.02392578125,"transactions":1314,"margin":51.400001525878906},{"product":"GELATTI ESSENTIAL CART - SELECT","units":1524,"revenue":44400.3271484375,"cost":21980.0,"profit":22420.32470703125,"transactions":1322,"margin":50.5},{"product":"LONDON POUND CAKE ESSENTIAL CART - SELECT","units":1510,"revenue":44332.8759765625,"cost":22805.0,"profit":21527.8759765625,"transactions":1276,"margin":48.599998474121094},{"product":"BLACKBERRY KUSH ESSENTIAL CART - SELECT","units":1452,"revenue":42327.998046875,"cost":21175.0,"profit":21153.00048828125,"transactions":1204,"margin":50.0},{"product":"WEDDING CAKE ESSENTIAL CART - SELECT","units":1446,"revenue":41507.2265625,"cost":20940.0,"profit":20567.22412109375,"transactions":1194,"margin":49.599998474121094},{"product":"GRAPE APE ESSENTIAL CART - SELECT","units":1306,"revenue":38823.125,"cost":19590.0,"profit":19233.125,"transactions":1106,"margin":49.5},{"product":"ORANGE POP ESSENTIAL CART - SELECT","units":1084,"revenue":32607.97607421875,"cost":16130.0,"profit":16477.974853515625,"transactions":922,"margin":50.5},{"product":"ANIMAL MINTZ ESSENTIAL CART - SELECT","units":1082,"revenue":32318.798828125,"cost":15440.0,"profit":16878.800048828125,"transactions":982,"margin":52.20000076293945},{"product":"MELLOW MANGO FRUIT STIQ DISPOSABLE VAPE - SELECT","units":758,"revenue":27065.625,"cost":13812.5,"profit":13253.125,"transactions":674,"margin":49.0}],"Elevation Oasis":[{"product":"PAPAYA PEACH ESSENTIAL CART - SELECT","units":4688,"revenue":139162.05078125,"cost":67755.0,"profit":71407.05078125,"transactions":3464,"margin":51.29999923706055},{"product":"CLEMENTINE ESSENTIAL CART - SELECT","units":4468,"revenue":129917.578125,"cost":64165.0,"profit":65752.5732421875,"transactions":3138,"margin":50.599998474121094},{"product":"FPOG ESSENTIAL CART - SELECT","units":4230,"revenue":121771.923828125,"cost":62850.0,"profit":58921.923828125,"transactions":3010,"margin":48.400001525878906},{"product":"LEMON CHEESECAKE ESSENTIAL CART - SELECT","units":3808,"revenue":116252.724609375,"cost":53970.0,"profit":62282.724609375,"transactions":2954,"margin":53.599998474121094},{"product":"SOUR TANGIE ESSENTIAL CART - SELECT","units":3860,"revenue":110547.87109375,"cost":57300.0,"profit":53247.8759765625,"transactions":2712,"margin":48.20000076293945},{"product":"GREEN CRUSH ESSENTIAL CART - SELECT","units":3358,"revenue":100302.470703125,"cost":48880.0,"profit":51422.4755859375,"transactions":2572,"margin":51.29999923706055},{"product":"LONDON POUND CAKE ESSENTIAL CART - SELECT","units":3204,"revenue":95145.302734375,"cost":47985.0,"profit":47160.2978515625,"transactions":2400,"margin":49.599998474121094},{"product":"BERRY GELATO ESSENTIAL CART - SELECT","units":2868,"revenue":83118.65234375,"cost":39820.0,"profit":43298.65234375,"transactions":2098,"margin":52.099998474121094},{"product":"GRAPE APE ESSENTIAL CART - SELECT","units":2770,"revenue":78120.576171875,"cost":41600.0,"profit":36520.576171875,"transactions":2018,"margin":46.70000076293945},{"product":"SUPER SOUR DIESEL ESSENTIAL CART - SELECT","units":2702,"revenue":76059.423828125,"cost":38040.0,"profit":38019.423828125,"transactions":2132,"margin":50.0},{"product":"ANIMAL MINTZ ESSENTIAL CART - SELECT","units":2260,"revenue":69095.2978515625,"cost":30735.0,"profit":38360.30029296875,"transactions":1812,"margin":55.5},{"product":"BLACKBERRY KUSH ESSENTIAL CART - SELECT","units":2414,"revenue":68849.82421875,"cost":33725.0,"profit":35124.82421875,"transactions":1968,"margin":51.0},{"product":"ORANGE POP ESSENTIAL CART - SELECT","units":1992,"revenue":59931.69921875,"cost":28180.0,"profit":31751.69921875,"transactions":1584,"margin":53.0},{"product":"GELATTI ESSENTIAL CART - SELECT","units":2030,"revenue":57442.0263671875,"cost":28455.0,"profit":28987.02392578125,"transactions":1488,"margin":50.5},{"product":"WEDDING CAKE ESSENTIAL CART - SELECT","units":1866,"revenue":57265.2978515625,"cost":26095.0,"profit":31170.30029296875,"transactions":1542,"margin":54.400001525878906}],"Elevation Downtown":[{"product":"PINK LEMONADE FRUIT STIQ DISPOSABLE VAPE - SELECT","units":60,"revenue":2201.25,"cost":975.0,"profit":1226.25,"transactions":56,"margin":55.70000076293945},{"product":"SWEET STRAWBERRY FRUIT STIQ DISPOSABLE VAPE - SELECT","units":50,"revenue":1870.0,"cost":812.5,"profit":1057.5,"transactions":44,"margin":56.599998474121094},{"product":"GO GO GUAVA FRUIT STIQ DISPOSABLE VAPE - SELECT","units":40,"revenue":1373.75,"cost":650.0,"profit":723.75,"transactions":40,"margin":52.70000076293945},{"product":"LEMON CHEESECAKE ESSENTIAL CART - SELECT","units":40,"revenue":1224.7000122070312,"cost":500.0,"profit":724.7000122070312,"transactions":38,"margin":59.20000076293945},{"product":"LEMON SUNSET FRUIT STIQ DISPOSABLE VAPE - SELECT","units":26,"revenue":1082.5,"cost":422.5,"profit":660.0,"transactions":24,"margin":61.0},{"product":"BLACKBERRY KUSH ESSENTIAL CART - SELECT","units":30,"revenue":929.0750122070312,"cost":375.0,"profit":554.0750122070312,"transactions":30,"margin":59.599998474121094},{"product":"WATERMELON BREEZE FRUIT STIQ DISPOSABLE VAPE - SELECT","units":24,"revenue":905.0,"cost":390.0,"profit":515.0,"transactions":24,"margin":56.900001525878906},{"product":"BERRY GELATO ESSENTIAL CART - SELECT","units":28,"revenue":804.0250396728516,"cost":350.0,"profit":454.0250015258789,"transactions":20,"margin":56.5},{"product":"SUPER SOUR DIESEL ESSENTIAL CART - SELECT","units":26,"revenue":757.8500366210938,"cost":325.0,"profit":432.8499984741211,"transactions":24,"margin":57.099998474121094},{"product":"TRAINWRECK ESSENTIAL CART - SELECT","units":22,"revenue":673.6750030517578,"cost":275.0,"profit":398.6750030517578,"transactions":18,"margin":59.20000076293945},{"product":"PAPAYA PEACH ESSENTIAL CART - SELECT","units":18,"revenue":574.9749755859375,"cost":225.0,"profit":349.97501373291016,"transactions":16,"margin":60.900001525878906},{"product":"MELLOW MANGO FRUIT STIQ DISPOSABLE VAPE - SELECT","units":8,"revenue":287.5,"cost":130.0,"profit":157.5,"transactions":8,"margin":54.79999923706055},{"product":"MIMOSA ESSENTIAL CART - SELECT","units":10,"revenue":283.2749938964844,"cost":125.0,"profit":158.27499389648438,"transactions":8,"margin":55.900001525878906}],"Elevation Midtown":[{"product":"SOUR TANGIE ESSENTIAL CART - SELECT","units":2372,"revenue":70538.3984375,"cost":35380.0,"profit":35158.40087890625,"transactions":1916,"margin":49.79999923706055},{"product":"CLEMENTINE ESSENTIAL CART - SELECT","units":2228,"revenue":69418.75,"cost":32915.0,"profit":36503.75,"transactions":1872,"margin":52.599998474121094},{"product":"BERRY GELATO ESSENTIAL CART - SELECT","units":2212,"revenue":67996.923828125,"cost":32460.0,"profit":35536.92626953125,"transactions":1886,"margin":52.29999923706055},{"product":"FPOG ESSENTIAL CART - SELECT","units":2066,"revenue":63724.951171875,"cost":31540.0,"profit":32184.951171875,"transactions":1800,"margin":50.5},{"product":"LEMON CHEESECAKE ESSENTIAL CART - SELECT","units":1920,"revenue":62001.9482421875,"cost":29337.5,"profit":32664.45068359375,"transactions":1702,"margin":52.70000076293945},{"product":"PAPAYA PEACH ESSENTIAL CART - SELECT","units":1904,"revenue":58878.4521484375,"cost":27965.0,"profit":30913.44970703125,"transactions":1642,"margin":52.5},{"product":"SUPER SOUR DIESEL ESSENTIAL CART - SELECT","units":1666,"revenue":51659.9267578125,"cost":24490.0,"profit":27169.92431640625,"transactions":1470,"margin":52.599998474121094},{"product":"GRAPE APE ESSENTIAL CART - SELECT","units":1400,"revenue":43542.67578125,"cost":22000.0,"profit":21542.67578125,"transactions":1264,"margin":49.5},{"product":"LONDON POUND CAKE ESSENTIAL CART - SELECT","units":1400,"revenue":43531.07421875,"cost":20605.0,"profit":22926.07421875,"transactions":1212,"margin":52.70000076293945},{"product":"GELATTI ESSENTIAL CART - SELECT","units":1386,"revenue":42429.375,"cost":20190.0,"profit":22239.375,"transactions":1200,"margin":52.400001525878906},{"product":"GREEN CRUSH ESSENTIAL CART - SELECT","units":1258,"revenue":39321.97509765625,"cost":18670.0,"profit":20651.97509765625,"transactions":1140,"margin":52.5},{"product":"WEDDING CAKE ESSENTIAL CART - SELECT","units":1248,"revenue":38841.99951171875,"cost":18225.0,"profit":20616.99951171875,"transactions":1128,"margin":53.099998474121094},{"product":"ORANGE POP ESSENTIAL CART - SELECT","units":1098,"revenue":34919.29931640625,"cost":16170.0,"profit":18749.300537109375,"transactions":994,"margin":53.70000076293945},{"product":"BLACKBERRY KUSH ESSENTIAL CART - SELECT","units":1068,"revenue":31944.951171875,"cost":15225.0,"profit":16719.949951171875,"transactions":910,"margin":52.29999923706055},{"product":"ANIMAL MINTZ ESSENTIAL CART - SELECT","units":752,"revenue":23682.32421875,"cost":10990.0,"profit":12692.325439453125,"transactions":678,"margin":53.599998474121094}],"Elevation Boulevard":[{"product":"CLEMENTINE ESSENTIAL CART - SELECT","units":2342,"revenue":65621.201171875,"cost":34630.0,"profit":30991.201171875,"transactions":1824,"margin":47.20000076293945},{"product":"LEMON CHEESECAKE ESSENTIAL CART - SELECT","units":1476,"revenue":44562.05078125,"cost":21595.0,"profit":22967.05078125,"transactions":1314,"margin":51.5},{"product":"PAPAYA PEACH ESSENTIAL CART - SELECT","units":1548,"revenue":43464.7509765625,"cost":22820.0,"profit":20644.7509765625,"transactions":1302,"margin":47.5},{"product":"SOUR TANGIE ESSENTIAL CART - SELECT","units":1530,"revenue":43186.474609375,"cost":22850.0,"profit":20336.474609375,"transactions":1222,"margin":47.099998474121094},{"product":"BERRY GELATO ESSENTIAL CART - SELECT","units":1376,"revenue":40727.67578125,"cost":20030.0,"profit":20697.67578125,"transactions":1170,"margin":50.79999923706055},{"product":"SUPER SOUR DIESEL ESSENTIAL CART - SELECT","units":1240,"revenue":36084.3505859375,"cost":18245.0,"profit":17839.3505859375,"transactions":1050,"margin":49.400001525878906},{"product":"GREEN CRUSH ESSENTIAL CART - SELECT","units":962,"revenue":28457.7490234375,"cost":14230.0,"profit":14227.750244140625,"transactions":892,"margin":50.0},{"product":"GELATTI ESSENTIAL CART - SELECT","units":814,"revenue":24659.55078125,"cost":12010.0,"profit":12649.549560546875,"transactions":724,"margin":51.29999923706055},{"product":"GG4 ESSENTIAL CART - SELECT","units":812,"revenue":23385.77392578125,"cost":12180.0,"profit":11205.775146484375,"transactions":656,"margin":47.900001525878906},{"product":"BLACKBERRY KUSH ESSENTIAL CART - SELECT","units":796,"revenue":23362.62451171875,"cost":11445.0,"profit":11917.62451171875,"transactions":662,"margin":51.0},{"product":"GRAPE APE ESSENTIAL CART - SELECT","units":746,"revenue":22196.97509765625,"cost":11190.0,"profit":11006.97509765625,"transactions":658,"margin":49.599998474121094},{"product":"ANIMAL MINTZ ESSENTIAL CART - SELECT","units":758,"revenue":22150.6494140625,"cost":11235.0,"profit":10915.6494140625,"transactions":650,"margin":49.29999923706055},{"product":"ORANGE POP ESSENTIAL CART - SELECT","units":648,"revenue":19319.549560546875,"cost":9420.0,"profit":9899.550170898438,"transactions":604,"margin":51.20000076293945},{"product":"FPOG ESSENTIAL CART - SELECT","units":670,"revenue":18190.550537109375,"cost":9950.0,"profit":8240.549926757812,"transactions":564,"margin":45.29999923706055},{"product":"WEDDING CAKE ESSENTIAL CART - SELECT","units":576,"revenue":17742.60009765625,"cost":8345.0,"profit":9397.60009765625,"transactions":520,"margin":53.0}],"Elevation Parkway":[{"product":"LEMON CHEESECAKE ESSENTIAL CART - SELECT","units":1032,"revenue":33640.77392578125,"cost":15850.0,"profit":17790.775146484375,"transactions":950,"margin":52.900001525878906},{"product":"CLEMENTINE ESSENTIAL CART - SELECT","units":1000,"revenue":28943.974609375,"cost":14445.0,"profit":14498.974609375,"transactions":822,"margin":50.099998474121094},{"product":"SUPER SOUR DIESEL ESSENTIAL CART - SELECT","units":788,"revenue":25023.5009765625,"cost":11820.0,"profit":13203.499755859375,"transactions":702,"margin":52.79999923706055},{"product":"SOUR TANGIE ESSENTIAL CART - SELECT","units":792,"revenue":23748.04931640625,"cost":11842.5,"profit":11905.550537109375,"transactions":686,"margin":50.099998474121094},{"product":"GELATTI ESSENTIAL CART - SELECT","units":696,"revenue":21291.201171875,"cost":10240.0,"profit":11051.199951171875,"transactions":594,"margin":51.900001525878906},{"product":"GRAPE APE ESSENTIAL CART - SELECT","units":624,"revenue":19548.675537109375,"cost":9725.0,"profit":9823.674926757812,"transactions":542,"margin":50.29999923706055},{"product":"ORANGE POP ESSENTIAL CART - SELECT","units":568,"revenue":16797.850341796875,"cost":8120.0,"profit":8677.849731445312,"transactions":514,"margin":51.70000076293945},{"product":"GO GO GUAVA FRUIT STIQ DISPOSABLE VAPE - SELECT","units":412,"revenue":16180.975341796875,"cost":7587.5,"profit":8593.474731445312,"transactions":380,"margin":53.099998474121094},{"product":"BERRY GELATO ESSENTIAL CART - SELECT","units":468,"revenue":14314.100341796875,"cost":7020.0,"profit":7294.0997314453125,"transactions":396,"margin":51.0},{"product":"PAPAYA PEACH ESSENTIAL CART - SELECT","units":438,"revenue":13597.025146484375,"cost":6250.0,"profit":7347.025146484375,"transactions":402,"margin":54.0},{"product":"WATERMELON BREEZE FRUIT STIQ DISPOSABLE VAPE - SELECT","units":366,"revenue":13529.25048828125,"cost":6687.5,"profit":6841.7498779296875,"transactions":322,"margin":50.599998474121094},{"product":"FPOG ESSENTIAL CART - SELECT","units":470,"revenue":13293.85009765625,"cost":7015.0,"profit":6278.85009765625,"transactions":366,"margin":47.20000076293945},{"product":"GG4 ESSENTIAL CART - SELECT","units":406,"revenue":11837.425537109375,"cost":6090.0,"profit":5747.4249267578125,"transactions":368,"margin":48.599998474121094},{"product":"ANIMAL MINTZ ESSENTIAL CART - SELECT","units":348,"revenue":10530.12451171875,"cost":5125.0,"profit":5405.1251220703125,"transactions":300,"margin":51.29999923706055},{"product":"GREEN CRUSH ESSENTIAL CART - SELECT","units":322,"revenue":10388.1005859375,"cost":4892.5,"profit":5495.5999755859375,"transactions":296,"margin":52.900001525878906}]},"store_summary":[{"store_clean":"Elevation Oasis","units":66160,"revenue":2023303.90625,"cost":972552.5,"profit":1050751.484375,"discounts":661126.015625,"margin":51.900001525878906,"discount_rate":24.600000381469727},{"store_clean":"Elevation Springs","units":39708,"revenue":1176316.953125,"cost":598157.5,"profit":578159.4921875,"discounts":424720.5078125,"margin":49.099998474121094,"discount_rate":26.5},{"store_clean":"Elevation Mesa","units":35430,"revenue":1056440.859375,"cost":533692.5,"profit":522748.359375,"discounts":353501.640625,"margin":49.5,"discount_rate":25.100000381469727},{"store_clean":"Elevation Midtown","units":32656,"revenue":1020477.34375,"cost":490430.0,"profit":530047.34375,"discounts":273897.67578125,"margin":51.900001525878906,"discount_rate":21.200000762939453},{"store_clean":"Elevation Boulevard","units":23336,"revenue":690433.75,"cost":352270.0,"profit":338163.7890625,"discounts":245493.73046875,"margin":49.0,"discount_rate":26.200000762939453},{"store_clean":"Elevation Parkway","units":14084,"revenue":453308.7890625,"cost":217919.375,"profit":235389.43359375,"discounts":127393.701171875,"margin":51.900001525878906,"discount_rate":21.899999618530273},{"store_clean":"Elevation Downtown","units":382,"revenue":12967.574462890625,"cost":5555.0,"profit":7412.5750732421875,"discounts":5044.9249267578125,"margin":57.20000076293945,"discount_rate":28.0}],"recommendations":[{"severity":"red","title":"EDIBLE: BELOW CATEGORY AVERAGE","detail":"Margin (38.9%) is 11 pts below EDIBLE average. Ranked #17 of 32. Strong case for cost negotiation.","action":"Request 6% cost reduction or evaluate alternative EDIBLE brands."},{"severity":"info","title":"VOLUME LEVERAGE","detail":"$2,573,300 revenue provides negotiating leverage.","action":"Use volume as leverage in next vendor meeting."}],"comparison":null}