{"brand":"PACKWOODS","date_range":"2024-01-01 00:00:00 to 2026-01-31 00:00:00","period_label":"All Time","summary":{"total_units":9144,"total_revenue":455235.8203125,"total_cost":221380.0,"total_discounts":67156.669921875,"total_profit":233855.8203125,"overall_margin":51.400001525878906,"fp_margin":57.5,"disc_margin":41.900001525878906,"pct_full_price":60.599998474121094,"avg_discount_rate":12.899999618530273,"fp_revenue":275730.0,"disc_revenue":179505.83984375,"brand":"PACKWOODS","date_range":"2024-01-01 00:00:00 to 2026-01-31 00:00:00","primary_category":"INFUSED PRE ROLL","store_coverage":"6/7","stores_present":["Elevation Springs","Elevation Mesa","Elevation Oasis","Elevation Midtown","Elevation Boulevard","Elevation Parkway"],"stores_missing":["Elevation Downtown"],"velocity_rank":11,"velocity_total":25},"distribution":[{"store":"Elevation Springs","carries_brand":true,"sku_count":34,"revenue":103521.25,"units":2112,"store_total_revenue":51138750.0,"brand_share_pct":0.20000000298023224},{"store":"Elevation Mesa","carries_brand":true,"sku_count":40,"revenue":62400.048828125,"units":1296,"store_total_revenue":47532240.0,"brand_share_pct":0.10000000149011612},{"store":"Elevation Oasis","carries_brand":true,"sku_count":30,"revenue":62117.5244140625,"units":1200,"store_total_revenue":56050145.0,"brand_share_pct":0.10000000149011612},{"store":"Elevation Downtown","carries_brand":false,"sku_count":0,"revenue":0.0,"units":0,"store_total_revenue":1945237.1875,"brand_share_pct":0},{"store":"Elevation Midtown","carries_brand":true,"sku_count":44,"revenue":99325.25390625,"units":1890,"store_total_revenue":30850185.0,"brand_share_pct":0.30000001192092896},{"store":"Elevation Boulevard","carries_brand":true,"sku_count":34,"revenue":49151.85546875,"units":1058,"store_total_revenue":28757865.0,"brand_share_pct":0.20000000298023224},{"store":"Elevation Parkway","carries_brand":true,"sku_count":40,"revenue":78719.90234375,"units":1588,"store_total_revenue":21987007.5,"brand_share_pct":0.4000000059604645}],"share_of_category":[{"category":"INFUSED PRE ROLL","brand_revenue":315895.625,"category_revenue":10308101.25,"revenue_share_pct":3.0999999046325684,"brand_units":6280,"category_units":488074,"units_share_pct":1.3},{"category":"DISPOSABLE VAPE","brand_revenue":139340.1953125,"category_revenue":30552405.0,"revenue_share_pct":0.5,"brand_units":2864,"category_units":756548,"units_share_pct":0.4}],"share_of_category_trend":{"INFUSED PRE ROLL":[{"period":"2024-01","brand_revenue":28226.0009765625,"category_revenue":410907.8515625,"share_pct":6.900000095367432},{"period":"2024-02","brand_revenue":21686.57470703125,"category_revenue":458711.484375,"share_pct":4.699999809265137},{"period":"2024-03","brand_revenue":32827.5,"category_revenue":427464.375,"share_pct":7.699999809265137},{"period":"2024-04","brand_revenue":27637.84912109375,"category_revenue":428699.9609375,"share_pct":6.400000095367432},{"period":"2024-05","brand_revenue":29918.2763671875,"category_revenue":501098.3203125,"share_pct":6.0},{"period":"2024-06","brand_revenue":23821.17431640625,"category_revenue":477320.78125,"share_pct":5.0},{"period":"2024-07","brand_revenue":11808.75,"category_revenue":479382.109375,"share_pct":2.5},{"period":"2024-08","brand_revenue":24856.4990234375,"category_revenue":474359.1015625,"share_pct":5.199999809265137},{"period":"2024-09","brand_revenue":20732.5,"category_revenue":424280.1171875,"share_pct":4.900000095367432},{"period":"2024-10","brand_revenue":29072.7490234375,"category_revenue":470840.6640625,"share_pct":6.199999809265137},{"period":"2024-11","brand_revenue":29891.4990234375,"category_revenue":424285.1171875,"share_pct":7.0},{"period":"2024-12","brand_revenue":21625.0,"category_revenue":432093.1640625,"share_pct":5.0},{"period":"2025-01","brand_revenue":7970.250244140625,"category_revenue":358002.890625,"share_pct":2.200000047683716},{"period":"2025-02","brand_revenue":3467.5,"category_revenue":325080.17578125,"share_pct":1.100000023841858},{"period":"2025-03","brand_revenue":2353.5000610351562,"category_revenue":347380.078125,"share_pct":0.699999988079071},{"period":"2025-04","brand_revenue":0.0,"category_revenue":401341.40625,"share_pct":0.0},{"period":"2025-05","brand_revenue":0.0,"category_revenue":378076.09375,"share_pct":0.0},{"period":"2025-06","brand_revenue":0.0,"category_revenue":354019.6484375,"share_pct":0.0},{"period":"2025-07","brand_revenue":0.0,"category_revenue":416008.203125,"share_pct":0.0},{"period":"2025-08","brand_revenue":0.0,"category_revenue":425283.28125,"share_pct":0.0},{"period":"2025-09","brand_revenue":0.0,"category_revenue":378313.75,"share_pct":0.0},{"period":"2025-10","brand_revenue":0.0,"category_revenue":389168.3203125,"share_pct":0.0},{"period":"2025-11","brand_revenue":0.0,"category_revenue":390541.3671875,"share_pct":0.0},{"period":"2025-12","brand_revenue":0.0,"category_revenue":392812.34375,"share_pct":0.0},{"period":"2026-01","brand_revenue":0.0,"category_revenue":342630.7421875,"share_pct":0.0}],"DISPOSABLE VAPE":[{"period":"2024-01","brand_revenue":81321.2744140625,"category_revenue":933474.921875,"share_pct":8.699999809265137},{"period":"2024-02","brand_revenue":48402.9248046875,"category_revenue":877782.109375,"share_pct":5.5},{"period":"2024-03","brand_revenue":9615.999755859375,"category_revenue":990692.03125,"share_pct":1.0},{"period":"2024-04","brand_revenue":0.0,"category_revenue":971952.1875,"share_pct":0.0},{"period":"2024-05","brand_revenue":0.0,"category_revenue":1035100.46875,"share_pct":0.0},{"period":"2024-06","brand_revenue":0.0,"category_revenue":1039794.21875,"share_pct":0.0},{"period":"2024-07","brand_revenue":0.0,"category_revenue":1081636.5625,"share_pct":0.0},{"period":"2024-08","brand_revenue":0.0,"category_revenue":1098658.125,"share_pct":0.0},{"period":"2024-09","brand_revenue":0.0,"category_revenue":1056394.53125,"share_pct":0.0},{"period":"2024-10","brand_revenue":0.0,"category_revenue":1197041.171875,"share_pct":0.0},{"period":"2024-11","brand_revenue":0.0,"category_revenue":1193980.234375,"share_pct":0.0},{"period":"2024-12","brand_revenue":0.0,"category_revenue":1222008.984375,"share_pct":0.0},{"period":"2025-01","brand_revenue":0.0,"category_revenue":1100552.421875,"share_pct":0.0},{"period":"2025-02","brand_revenue":0.0,"category_revenue":1167271.25,"share_pct":0.0},{"period":"2025-03","brand_revenue":0.0,"category_revenue":1348856.71875,"share_pct":0.0},{"period":"2025-04","brand_revenue":0.0,"category_revenue":1414639.84375,"share_pct":0.0},{"period":"2025-05","brand_revenue":0.0,"category_revenue":1460588.4375,"share_pct":0.0},{"period":"2025-06","brand_revenue":0.0,"category_revenue":1320852.96875,"share_pct":0.0},{"period":"2025-07","brand_revenue":0.0,"category_revenue":1451194.84375,"share_pct":0.0},{"period":"2025-08","brand_revenue":0.0,"category_revenue":1403520.625,"share_pct":0.0},{"period":"2025-09","brand_revenue":0.0,"category_revenue":1317518.125,"share_pct":0.0},{"period":"2025-10","brand_revenue":0.0,"category_revenue":1511693.75,"share_pct":0.0},{"period":"2025-11","brand_revenue":0.0,"category_revenue":1481709.21875,"share_pct":0.0},{"period":"2025-12","brand_revenue":0.0,"category_revenue":1476896.875,"share_pct":0.0},{"period":"2026-01","brand_revenue":0.0,"category_revenue":1398594.84375,"share_pct":0.0}]},"velocity_by_category":[{"category":"INFUSED PRE ROLL","brand_units_per_day":8.24,"category_avg_units_per_day":25.62,"velocity_index":32.2,"brand_rev_per_unit":40.24,"category_rev_per_unit":16.9,"brands_in_category":25},{"category":"DISPOSABLE VAPE","brand_units_per_day":3.76,"category_avg_units_per_day":28.36,"velocity_index":13.2,"brand_rev_per_unit":38.92,"category_rev_per_unit":32.31,"brands_in_category":35}],"store_gaps":[{"store":"Elevation Downtown","category":"DISPOSABLE VAPE","category_revenue_at_store":386406.2890625,"opportunity":"Brand not carried"},{"store":"Elevation Downtown","category":"INFUSED PRE ROLL","category_revenue_at_store":134242.0703125,"opportunity":"Brand not carried"}],"product_mix":{"top":[{"product":"BLUE ZKITTLEZ INFUSED HEMP BLUNT - PACKWOODS","units":906,"revenue":46088.173828125,"cost":22650.0,"profit":23438.173828125,"stores":6,"transactions":828,"margin":50.900001525878906},{"product":"HEAD CHEESE INFUSED HEMP BLUNT - PACKWOODS","units":898,"revenue":45544.248046875,"cost":22040.0,"profit":23504.25048828125,"stores":6,"transactions":850,"margin":51.599998474121094},{"product":"STRAWNANA INFUSED HEMP BLUNT - PACKWOODS","units":768,"revenue":38413.9013671875,"cost":19200.0,"profit":19213.900146484375,"stores":6,"transactions":716,"margin":50.0},{"product":"SUPER SKUNK INFUSED HEMP BLUNT - PACKWOODS","units":662,"revenue":33940.74951171875,"cost":16360.0,"profit":17580.74951171875,"stores":6,"transactions":602,"margin":51.79999923706055},{"product":"GMO COOKIES DISPOSABLE VAPE - PACKWOODS","units":686,"revenue":33695.05126953125,"cost":16660.0,"profit":17035.050048828125,"stores":6,"transactions":662,"margin":50.599998474121094},{"product":"EL CHAPO INFUSED HEMP BLUNT - PACKWOODS","units":592,"revenue":30021.201171875,"cost":14800.0,"profit":15221.199951171875,"stores":6,"transactions":562,"margin":50.70000076293945},{"product":"NYC SOUR DIESEL INFUSED HEMP BLUNT - PACKWOODS","units":542,"revenue":27885.74951171875,"cost":13550.0,"profit":14335.74951171875,"stores":6,"transactions":506,"margin":51.400001525878906},{"product":"WEDDING MINTZ DISPOSABLE VAPE - PACKWOODS","units":488,"revenue":23460.50048828125,"cost":11720.0,"profit":11740.50048828125,"stores":6,"transactions":438,"margin":50.0},{"product":"SFV OG INFUSED HEMP BLUNT - PACKWOODS","units":394,"revenue":19978.499755859375,"cost":9850.0,"profit":10128.499755859375,"stores":5,"transactions":356,"margin":50.70000076293945},{"product":"GRAPEFRUIT KUSH DISPOSABLE VAPE - PACKWOODS","units":394,"revenue":18893.9501953125,"cost":9850.0,"profit":9043.9501953125,"stores":5,"transactions":372,"margin":47.900001525878906},{"product":"LEGEND OG DISPOSABLE VAPE - PACKWOODS","units":368,"revenue":17921.77490234375,"cost":7360.0,"profit":10561.77490234375,"stores":6,"transactions":344,"margin":58.900001525878906},{"product":"CHERRY AK-47 INFUSED HEMP BLUNT - PACKWOODS","units":356,"revenue":17883.75,"cost":8900.0,"profit":8983.75,"stores":6,"transactions":336,"margin":50.20000076293945},{"product":"CHERRY AK-47 INFUSED BLUNT - PACKWOODS","units":344,"revenue":17389.49951171875,"cost":8600.0,"profit":8789.500122070312,"stores":4,"transactions":328,"margin":50.5},{"product":"ICE CREAM CAKE DISPOSABLE VAPE - PACKWOODS","units":296,"revenue":14060.92529296875,"cost":6160.0,"profit":7900.92529296875,"stores":4,"transactions":278,"margin":56.20000076293945},{"product":"ICE CREAM DISPOSABLE VAPE - PACKWOODS","units":268,"revenue":13081.500244140625,"cost":6230.0,"profit":6851.500244140625,"stores":3,"transactions":252,"margin":52.400001525878906},{"product":"OG KUSH INFUSED HEMP BLUNT - PACKWOODS","units":228,"revenue":11915.0,"cost":5700.0,"profit":6215.0,"stores":6,"transactions":224,"margin":52.20000076293945},{"product":"GUAVA INFUSED HEMP BLUNT - PACKWOODS","units":168,"revenue":8076.600341796875,"cost":4200.0,"profit":3876.6000366210938,"stores":3,"transactions":164,"margin":48.0},{"product":"MAC N CHEESE DISPOSABLE VAPE - PACKWOODS","units":160,"revenue":7860.4998779296875,"cost":4000.0,"profit":3860.4998779296875,"stores":2,"transactions":150,"margin":49.099998474121094},{"product":"APPLE MINTZ DISPOSABLE VAPE - PACKWOODS","units":140,"revenue":7191.500244140625,"cost":2910.0,"profit":4281.499938964844,"stores":5,"transactions":122,"margin":59.5},{"product":"BLACK CHERRY GELATO INFUSED PRE ROLL - PACKWOODS","units":150,"revenue":6446.875,"cost":3000.0,"profit":3446.875,"stores":3,"transactions":144,"margin":53.5}],"bottom":[{"product":"GUAVA INFUSED HEMP BLUNT - PACKWOODS","units":168,"revenue":8076.600341796875,"cost":4200.0,"profit":3876.6000366210938,"stores":3,"transactions":164,"margin":48.0},{"product":"MAC N CHEESE DISPOSABLE VAPE - PACKWOODS","units":160,"revenue":7860.4998779296875,"cost":4000.0,"profit":3860.4998779296875,"stores":2,"transactions":150,"margin":49.099998474121094},{"product":"APPLE MINTZ DISPOSABLE VAPE - PACKWOODS","units":140,"revenue":7191.500244140625,"cost":2910.0,"profit":4281.499938964844,"stores":5,"transactions":122,"margin":59.5},{"product":"BLACK CHERRY GELATO INFUSED PRE ROLL - PACKWOODS","units":150,"revenue":6446.875,"cost":3000.0,"profit":3446.875,"stores":3,"transactions":144,"margin":53.5},{"product":"JELLY DULCE INFUSED PRE ROLL - PACKWOODS","units":150,"revenue":6365.875244140625,"cost":2990.0,"profit":3375.8749389648438,"stores":3,"transactions":146,"margin":53.0},{"product":"ROSE OG INFUSED HEMP BLUNT 2.5G - PACKWOODS","units":64,"revenue":3162.5,"cost":1600.0,"profit":1562.5,"stores":1,"transactions":50,"margin":49.400001525878906},{"product":"OG KUSH INFUSED HEMP BLUNT 2.5G - PACKWOODS","units":58,"revenue":2782.9998779296875,"cost":1450.0,"profit":1333.0000305175781,"stores":2,"transactions":52,"margin":47.900001525878906},{"product":"BANANA MACAROON DISPOSABLE VAPE - PACKWOODS","units":42,"revenue":2036.0000610351562,"cost":1050.0,"profit":985.9999847412109,"stores":2,"transactions":40,"margin":48.400001525878906},{"product":"BLACK TRUFFLE DISPOSABLE VAPE - PACKWOODS","units":18,"revenue":908.4999847412109,"cost":450.0,"profit":458.49998474121094,"stores":2,"transactions":18,"margin":50.5},{"product":"PURPLE ZAZA DISPOSABLE VAPE - PACKWOODS","units":4,"revenue":230.0,"cost":100.0,"profit":130.0,"stores":1,"transactions":4,"margin":56.5}],"expansion":[{"product":"SFV OG INFUSED HEMP BLUNT - PACKWOODS","current_stores":5,"total_stores":6,"missing_stores":["Elevation Mesa"],"revenue":19978.499755859375},{"product":"GRAPEFRUIT KUSH DISPOSABLE VAPE - PACKWOODS","current_stores":5,"total_stores":6,"missing_stores":["Elevation Oasis"],"revenue":18893.9501953125},{"product":"CHERRY AK-47 INFUSED BLUNT - PACKWOODS","current_stores":4,"total_stores":6,"missing_stores":["Elevation Oasis","Elevation Boulevard"],"revenue":17389.49951171875},{"product":"ICE CREAM CAKE DISPOSABLE VAPE - PACKWOODS","current_stores":4,"total_stores":6,"missing_stores":["Elevation Springs","Elevation Midtown"],"revenue":14060.92529296875},{"product":"ICE CREAM DISPOSABLE VAPE - PACKWOODS","current_stores":3,"total_stores":6,"missing_stores":["Elevation Oasis","Elevation Boulevard","Elevation Parkway"],"revenue":13081.500244140625},{"product":"GUAVA INFUSED HEMP BLUNT - PACKWOODS","current_stores":3,"total_stores":6,"missing_stores":["Elevation Mesa","Elevation Midtown","Elevation Parkway"],"revenue":8076.600341796875},{"product":"MAC N CHEESE DISPOSABLE VAPE - PACKWOODS","current_stores":2,"total_stores":6,"missing_stores":["Elevation Springs","Elevation Oasis","Elevation Boulevard","Elevation Parkway"],"revenue":7860.4998779296875},{"product":"APPLE MINTZ DISPOSABLE VAPE - PACKWOODS","current_stores":5,"total_stores":6,"missing_stores":["Elevation Springs"],"revenue":7191.500244140625},{"product":"BLACK CHERRY GELATO INFUSED PRE ROLL - PACKWOODS","current_stores":3,"total_stores":6,"missing_stores":["Elevation Springs","Elevation Oasis","Elevation Boulevard"],"revenue":6446.875},{"product":"JELLY DULCE INFUSED PRE ROLL - PACKWOODS","current_stores":3,"total_stores":6,"missing_stores":["Elevation Springs","Elevation Oasis","Elevation Boulevard"],"revenue":6365.875244140625}]},"pricing_consistency":[{"product":"GMO COOKIES DISPOSABLE VAPE - PACKWOODS","min_price":89.38264807876277,"max_price":113.15999755859374,"avg_price":99.78341480893333,"std_dev":3.435235732229447,"store_count":12,"price_range":23.777349479830985,"range_pct":23.8},{"product":"BLUE ZKITTLEZ INFUSED HEMP BLUNT - PACKWOODS","min_price":85.84376017252603,"max_price":106.29425048828125,"avg_price":98.85168338351778,"std_dev":2.985035208279971,"store_count":12,"price_range":20.450490315755214,"range_pct":20.7},{"product":"BANANA MACAROON DISPOSABLE VAPE - PACKWOODS","min_price":80.50000190734863,"max_price":98.68421052631578,"avg_price":89.5921062168322,"std_dev":5.1432708899930155,"store_count":4,"price_range":18.184208618967155,"range_pct":20.3},{"product":"STRAWNANA INFUSED HEMP BLUNT - PACKWOODS","min_price":90.14444308810765,"max_price":109.58333333333334,"avg_price":98.96616367562109,"std_dev":2.9114190801635695,"store_count":12,"price_range":19.438890245225693,"range_pct":19.6},{"product":"WEDDING MINTZ DISPOSABLE VAPE - PACKWOODS","min_price":88.7800048828125,"max_price":106.00000132685123,"avg_price":98.62407002943321,"std_dev":3.10711574357124,"store_count":12,"price_range":17.219996444038728,"range_pct":17.5},{"product":"HEAD CHEESE INFUSED HEMP BLUNT - PACKWOODS","min_price":90.82652812101402,"max_price":108.2718734741211,"avg_price":100.61934291568326,"std_dev":2.51517921572691,"store_count":12,"price_range":17.445345353107076,"range_pct":17.3},{"product":"APPLE MINTZ DISPOSABLE VAPE - PACKWOODS","min_price":97.74999618530273,"max_price":115.0,"avg_price":105.34712922873618,"std_dev":2.5940742726721897,"store_count":10,"price_range":17.250003814697266,"range_pct":16.4},{"product":"ICE CREAM DISPOSABLE VAPE - PACKWOODS","min_price":88.61765244427849,"max_price":103.8116012794384,"avg_price":94.78197219189542,"std_dev":3.19678634910661,"store_count":6,"price_range":15.193948835159912,"range_pct":16.0},{"product":"ICE CREAM CAKE DISPOSABLE VAPE - PACKWOODS","min_price":89.13849487304688,"max_price":104.1764741785386,"avg_price":96.62819200189843,"std_dev":2.6238693681731804,"store_count":8,"price_range":15.037979305491724,"range_pct":15.6},{"product":"NYC SOUR DIESEL INFUSED HEMP BLUNT - PACKWOODS","min_price":95.4500020345052,"max_price":108.48333062065973,"avg_price":102.33372747720493,"std_dev":1.7103184993716807,"store_count":12,"price_range":13.033328586154518,"range_pct":12.7},{"product":"LEGEND OG DISPOSABLE VAPE - PACKWOODS","min_price":90.55208206176758,"max_price":102.57316775438262,"avg_price":97.4413674607475,"std_dev":2.1916151929907914,"store_count":12,"price_range":12.021085692615046,"range_pct":12.3},{"product":"EL CHAPO INFUSED HEMP BLUNT - PACKWOODS","min_price":94.10832383897569,"max_price":106.27864213423295,"avg_price":100.9004000287782,"std_dev":1.8021672536999174,"store_count":12,"price_range":12.170318295257267,"range_pct":12.1},{"product":"SFV OG INFUSED HEMP BLUNT - PACKWOODS","min_price":93.62999877929688,"max_price":105.2602090640944,"avg_price":100.80075188565417,"std_dev":1.9613595218121007,"store_count":10,"price_range":11.630210284797506,"range_pct":11.5},{"product":"GRAPEFRUIT KUSH DISPOSABLE VAPE - PACKWOODS","min_price":92.23958333333334,"max_price":103.21795341296074,"avg_price":95.89519530841739,"std_dev":1.727921110549246,"store_count":10,"price_range":10.9783700796274,"range_pct":11.4},{"product":"SUPER SKUNK INFUSED HEMP BLUNT - PACKWOODS","min_price":98.05356706891742,"max_price":109.61507161458334,"avg_price":102.2677108383261,"std_dev":1.5871417068795919,"store_count":12,"price_range":11.561504545665926,"range_pct":11.3},{"product":"BLACK CHERRY GELATO INFUSED PRE ROLL - PACKWOODS","min_price":80.775,"max_price":89.2,"avg_price":85.95833333333333,"std_dev":1.8142859017622688,"store_count":6,"price_range":8.424999999999994,"range_pct":9.8},{"product":"CHERRY AK-47 INFUSED BLUNT - PACKWOODS","min_price":96.38678784640331,"max_price":105.23980588329081,"avg_price":100.92359416538795,"std_dev":1.6763952867480287,"store_count":8,"price_range":8.853018036887512,"range_pct":8.8},{"product":"GUAVA INFUSED HEMP BLUNT - PACKWOODS","min_price":90.73400268554687,"max_price":98.8999982561384,"avg_price":95.80508619035994,"std_dev":1.7708669552316891,"store_count":6,"price_range":8.165995570591527,"range_pct":8.5},{"product":"JELLY DULCE INFUSED PRE ROLL - PACKWOODS","min_price":81.18499755859375,"max_price":88.4,"avg_price":84.87833251953126,"std_dev":1.4442253203852866,"store_count":6,"price_range":7.215002441406249,"range_pct":8.5},{"product":"CHERRY AK-47 INFUSED HEMP BLUNT - PACKWOODS","min_price":96.31250381469727,"max_price":104.5699951171875,"avg_price":100.41791706993466,"std_dev":1.350889870161315,"store_count":12,"price_range":8.25749130249024,"range_pct":8.2},{"product":"OG KUSH INFUSED HEMP BLUNT - PACKWOODS","min_price":99.86842105263158,"max_price":108.10000000000001,"avg_price":104.58807078579015,"std_dev":1.2122516884955528,"store_count":12,"price_range":8.23157894736843,"range_pct":7.9},{"product":"MAC N CHEESE DISPOSABLE VAPE - PACKWOODS","min_price":95.53947047183388,"max_price":100.71428571428571,"avg_price":98.12687809305982,"std_dev":1.4636587797300749,"store_count":4,"price_range":5.174815242451825,"range_pct":5.3},{"product":"OG KUSH INFUSED HEMP BLUNT 2.5G - PACKWOODS","min_price":91.99999809265137,"max_price":96.6,"avg_price":94.29999904632568,"std_dev":1.3010770168629089,"store_count":4,"price_range":4.600001907348634,"range_pct":4.9},{"product":"BLACK TRUFFLE DISPOSABLE VAPE - PACKWOODS","min_price":100.625,"max_price":101.19999694824219,"avg_price":100.9124984741211,"std_dev":0.16263369650545043,"store_count":4,"price_range":0.5749969482421946,"range_pct":0.6}],"promotional_effectiveness":{"lift":{"fp_units_per_day":12.74,"disc_units_per_day":11.64,"lift_pct":-8.7,"fp_avg_revenue_per_unit":114.225,"disc_avg_revenue_per_unit":83.17500000000001},"by_deal":[{"deal_name":"Industry - 30% Off","uses":755,"revenue":69028.90152931213,"discounts":29613.600404262543,"units":1730.0,"cost":41952.5,"margin":39.2,"discount_depth":60.0},{"deal_name":"Packwoods 1.5g Disposables 2 for $70","uses":69,"revenue":13125.0,"discounts":4125.0,"units":300.0,"cost":6870.0,"margin":47.7,"discount_depth":47.8},{"deal_name":"Senior - 10% Off","uses":61,"revenue":8667.000274658203,"discounts":962.9999828338623,"units":168.0,"cost":4135.0,"margin":52.3,"discount_depth":20.0},{"deal_name":"Veterans - 10% Off","uses":58,"revenue":6804.000244140625,"discounts":755.9999847412109,"units":132.0,"cost":3230.0,"margin":52.5,"discount_depth":20.0},{"deal_name":"Jackpot - Locals 30% Off","uses":47,"revenue":4973.00009727478,"discounts":2157.000036239624,"units":124.0,"cost":3035.0,"margin":39.0,"discount_depth":60.6},{"deal_name":"Senior / Veterans - 20% Off","uses":18,"revenue":2356.9999647140503,"discounts":617.9999899864197,"units":52.0,"cost":1255.0,"margin":46.8,"discount_depth":41.6},{"deal_name":"Employee 30% - NOT FRIDAYS","uses":11,"revenue":885.500020980835,"discounts":379.50000524520874,"units":22.0,"cost":550.0,"margin":37.9,"discount_depth":60.0},{"deal_name":"Employee - 40% OFF","uses":5,"revenue":364.0000057220459,"discounts":325.9999942779541,"units":12.0,"cost":300.0,"margin":17.6,"discount_depth":94.4},{"deal_name":"LVAC - 25% Off","uses":4,"revenue":431.25,"discounts":143.75,"units":10.0,"cost":250.0,"margin":42.0,"discount_depth":50.0},{"deal_name":"Voucher - 35% Off One Item","uses":1,"revenue":74.74999904632568,"discounts":40.250000953674316,"units":2.0,"cost":50.0,"margin":33.1,"discount_depth":70.0}]},"growth_opportunities":[{"type":"distribution","title":"Expand to Elevation Downtown","detail":"Store has $208,259 in DISPOSABLE VAPE, INFUSED PRE ROLL \u2014 categories where PACKWOODS competes.","priority":"high"},{"type":"sku_expansion","title":"Add 'APPLE MINTZ DISPOSABLE VAPE - PACKWOODS' to 1 more store(s)","detail":"Carried in 5 stores. Missing from: Elevation Springs","priority":"medium"},{"type":"sku_expansion","title":"Add 'BANANA MACAROON DISPOSABLE VAPE - PACKWOODS' to 4 more store(s)","detail":"Carried in 2 stores. Missing from: Elevation Springs, Elevation Mesa, Elevation Oasis, Elevation Boulevard","priority":"medium"},{"type":"sku_expansion","title":"Add 'BLACK CHERRY GELATO INFUSED PRE ROLL - PACKWOODS' to 3 more store(s)","detail":"Carried in 3 stores. Missing from: Elevation Springs, Elevation Oasis, Elevation Boulevard","priority":"medium"},{"type":"sku_expansion","title":"Add 'BLACK TRUFFLE DISPOSABLE VAPE - PACKWOODS' to 4 more store(s)","detail":"Carried in 2 stores. Missing from: Elevation Springs, Elevation Mesa, Elevation Oasis, Elevation Boulevard","priority":"medium"},{"type":"sku_expansion","title":"Add 'CHERRY AK-47 INFUSED BLUNT - PACKWOODS' to 2 more store(s)","detail":"Carried in 4 stores. Missing from: Elevation Oasis, Elevation Boulevard","priority":"medium"},{"type":"velocity","title":"Improve velocity in INFUSED PRE ROLL","detail":"Velocity index 32 (below category average). 4.1 units/day vs 12.8 avg.","priority":"medium"},{"type":"velocity","title":"Improve velocity in DISPOSABLE VAPE","detail":"Velocity index 13 (below category average). 1.9 units/day vs 14.2 avg.","priority":"medium"}],"trend":[{"period":"2024-01","revenue":109547.275390625,"cost":51770.0,"margin":52.7,"units":2240,"transactions":1828,"profit":57777.275390625,"revenue_change_pct":null,"units_change_pct":null,"margin_change_pts":null},{"period":"2024-02","revenue":70089.501953125,"cost":34370.0,"margin":51.0,"units":1420,"transactions":1208,"profit":35719.49951171875,"revenue_change_pct":-36.0,"units_change_pct":-36.6,"margin_change_pts":-1.8},{"period":"2024-03","revenue":42443.5009765625,"cost":20900.0,"margin":50.8,"units":850,"transactions":746,"profit":21543.5009765625,"revenue_change_pct":-39.4,"units_change_pct":-40.1,"margin_change_pts":-0.2},{"period":"2024-04","revenue":27637.84912109375,"cost":13600.0,"margin":50.8,"units":544,"transactions":470,"profit":14037.850341796875,"revenue_change_pct":-34.9,"units_change_pct":-36.0,"margin_change_pts":0.0},{"period":"2024-05","revenue":29918.2763671875,"cost":14980.0,"margin":49.9,"units":606,"transactions":540,"profit":14938.275146484375,"revenue_change_pct":8.3,"units_change_pct":11.4,"margin_change_pts":-0.9},{"period":"2024-06","revenue":23821.17431640625,"cost":11610.0,"margin":51.3,"units":508,"transactions":448,"profit":12211.175537109375,"revenue_change_pct":-20.4,"units_change_pct":-16.2,"margin_change_pts":1.3},{"period":"2024-07","revenue":11808.75,"cost":5600.0,"margin":52.6,"units":234,"transactions":212,"profit":6208.75,"revenue_change_pct":-50.4,"units_change_pct":-53.9,"margin_change_pts":1.3},{"period":"2024-08","revenue":24856.4990234375,"cost":12150.0,"margin":51.1,"units":486,"transactions":418,"profit":12706.500244140625,"revenue_change_pct":110.5,"units_change_pct":107.7,"margin_change_pts":-1.5},{"period":"2024-09","revenue":20732.5,"cost":10100.0,"margin":51.3,"units":404,"transactions":334,"profit":10632.5,"revenue_change_pct":-16.6,"units_change_pct":-16.9,"margin_change_pts":0.2},{"period":"2024-10","revenue":29072.7490234375,"cost":14450.0,"margin":50.3,"units":578,"transactions":440,"profit":14622.750244140625,"revenue_change_pct":40.2,"units_change_pct":43.1,"margin_change_pts":-1.0},{"period":"2024-11","revenue":29891.4990234375,"cost":14400.0,"margin":51.8,"units":576,"transactions":476,"profit":15491.500244140625,"revenue_change_pct":2.8,"units_change_pct":-0.3,"margin_change_pts":1.5},{"period":"2024-12","revenue":21625.0,"cost":10550.0,"margin":51.2,"units":422,"transactions":346,"profit":11075.0,"revenue_change_pct":-27.7,"units_change_pct":-26.7,"margin_change_pts":-0.6},{"period":"2025-01","revenue":7970.250244140625,"cost":3900.0,"margin":51.1,"units":156,"transactions":122,"profit":4070.2499389648438,"revenue_change_pct":-63.1,"units_change_pct":-63.0,"margin_change_pts":-0.1},{"period":"2025-02","revenue":3467.5,"cost":1800.0,"margin":48.1,"units":72,"transactions":54,"profit":1667.5,"revenue_change_pct":-56.5,"units_change_pct":-53.8,"margin_change_pts":-3.0},{"period":"2025-03","revenue":2353.5000610351562,"cost":1200.0,"margin":49.0,"units":48,"transactions":34,"profit":1153.499984741211,"revenue_change_pct":-32.1,"units_change_pct":-33.3,"margin_change_pts":0.9}]}