{"brand":"PACKWOODS","date_range":"2024-01-01 00:00:00 to 2026-01-31 00:00:00","period_label":"All Time","summary":{"total_units":9144,"total_revenue":455235.8203125,"total_cost":221380.0,"total_discounts":67156.669921875,"total_profit":233855.8203125,"overall_margin":51.400001525878906,"fp_margin":57.5,"disc_margin":41.900001525878906,"pct_full_price":60.599998474121094,"avg_discount_rate":12.899999618530273,"fp_revenue":275730.0,"disc_revenue":179505.83984375,"unique_customers":5176,"brand":"PACKWOODS","date_range":"2024-01-01 00:00:00 to 2026-01-31 00:00:00","months_count":30,"avg_monthly_cost":14758.675000000001,"cost_per_unit":48.425000000000004,"primary_category":"INFUSED PRE ROLL","primary_cat_margin":47.29999923706055,"category_rank":8,"category_total":25,"margin_vs_category":4.099999904632568,"velocity_rank":11},"category_breakdown":[{"category_clean":"INFUSED PRE ROLL","units":6280,"revenue":315895.625,"cost":154890.0,"profit":161005.625,"discounts":41816.875,"margin":51.0,"category_avg_margin":47.29999923706055,"vs_category":3.7,"rank":8.0,"total_brands":25.0},{"category_clean":"DISPOSABLE VAPE","units":2864,"revenue":139340.205078125,"cost":66490.0,"profit":72850.2001953125,"discounts":25339.7998046875,"margin":52.29999923706055,"category_avg_margin":52.79999923706055,"vs_category":-0.5,"rank":22.0,"total_brands":35.0}],"trend":[{"period":"2024-01","revenue":109547.275390625,"cost":51770.0,"margin":52.7,"units":2240,"transactions":1828,"profit":57777.275390625,"revenue_change_pct":null,"units_change_pct":null,"margin_change_pts":null},{"period":"2024-02","revenue":70089.501953125,"cost":34370.0,"margin":51.0,"units":1420,"transactions":1208,"profit":35719.49951171875,"revenue_change_pct":-36.0,"units_change_pct":-36.6,"margin_change_pts":-1.8},{"period":"2024-03","revenue":42443.5009765625,"cost":20900.0,"margin":50.8,"units":850,"transactions":746,"profit":21543.5009765625,"revenue_change_pct":-39.4,"units_change_pct":-40.1,"margin_change_pts":-0.2},{"period":"2024-04","revenue":27637.84912109375,"cost":13600.0,"margin":50.8,"units":544,"transactions":470,"profit":14037.850341796875,"revenue_change_pct":-34.9,"units_change_pct":-36.0,"margin_change_pts":0.0},{"period":"2024-05","revenue":29918.2763671875,"cost":14980.0,"margin":49.9,"units":606,"transactions":540,"profit":14938.275146484375,"revenue_change_pct":8.3,"units_change_pct":11.4,"margin_change_pts":-0.9},{"period":"2024-06","revenue":23821.17431640625,"cost":11610.0,"margin":51.3,"units":508,"transactions":448,"profit":12211.175537109375,"revenue_change_pct":-20.4,"units_change_pct":-16.2,"margin_change_pts":1.3},{"period":"2024-07","revenue":11808.75,"cost":5600.0,"margin":52.6,"units":234,"transactions":212,"profit":6208.75,"revenue_change_pct":-50.4,"units_change_pct":-53.9,"margin_change_pts":1.3},{"period":"2024-08","revenue":24856.4990234375,"cost":12150.0,"margin":51.1,"units":486,"transactions":418,"profit":12706.500244140625,"revenue_change_pct":110.5,"units_change_pct":107.7,"margin_change_pts":-1.5},{"period":"2024-09","revenue":20732.5,"cost":10100.0,"margin":51.3,"units":404,"transactions":334,"profit":10632.5,"revenue_change_pct":-16.6,"units_change_pct":-16.9,"margin_change_pts":0.2},{"period":"2024-10","revenue":29072.7490234375,"cost":14450.0,"margin":50.3,"units":578,"transactions":440,"profit":14622.750244140625,"revenue_change_pct":40.2,"units_change_pct":43.1,"margin_change_pts":-1.0},{"period":"2024-11","revenue":29891.4990234375,"cost":14400.0,"margin":51.8,"units":576,"transactions":476,"profit":15491.500244140625,"revenue_change_pct":2.8,"units_change_pct":-0.3,"margin_change_pts":1.5},{"period":"2024-12","revenue":21625.0,"cost":10550.0,"margin":51.2,"units":422,"transactions":346,"profit":11075.0,"revenue_change_pct":-27.7,"units_change_pct":-26.7,"margin_change_pts":-0.6},{"period":"2025-01","revenue":7970.250244140625,"cost":3900.0,"margin":51.1,"units":156,"transactions":122,"profit":4070.2499389648438,"revenue_change_pct":-63.1,"units_change_pct":-63.0,"margin_change_pts":-0.1},{"period":"2025-02","revenue":3467.5,"cost":1800.0,"margin":48.1,"units":72,"transactions":54,"profit":1667.5,"revenue_change_pct":-56.5,"units_change_pct":-53.8,"margin_change_pts":-3.0},{"period":"2025-03","revenue":2353.5000610351562,"cost":1200.0,"margin":49.0,"units":48,"transactions":34,"profit":1153.499984741211,"revenue_change_pct":-32.1,"units_change_pct":-33.3,"margin_change_pts":0.9}],"share_of_category":[{"category":"INFUSED PRE ROLL","brand_revenue":315895.625,"category_revenue":10308101.25,"revenue_share_pct":3.0999999046325684,"brand_units":6280,"category_units":488074,"units_share_pct":1.3},{"category":"DISPOSABLE VAPE","brand_revenue":139340.1953125,"category_revenue":30552405.0,"revenue_share_pct":0.5,"brand_units":2864,"category_units":756548,"units_share_pct":0.4}],"share_of_category_trend":{"INFUSED PRE ROLL":[{"period":"2024-01","brand_revenue":28226.0009765625,"category_revenue":410907.8515625,"share_pct":6.900000095367432},{"period":"2024-02","brand_revenue":21686.57470703125,"category_revenue":458711.484375,"share_pct":4.699999809265137},{"period":"2024-03","brand_revenue":32827.5,"category_revenue":427464.375,"share_pct":7.699999809265137},{"period":"2024-04","brand_revenue":27637.84912109375,"category_revenue":428699.9609375,"share_pct":6.400000095367432},{"period":"2024-05","brand_revenue":29918.2763671875,"category_revenue":501098.3203125,"share_pct":6.0},{"period":"2024-06","brand_revenue":23821.17431640625,"category_revenue":477320.78125,"share_pct":5.0},{"period":"2024-07","brand_revenue":11808.75,"category_revenue":479382.109375,"share_pct":2.5},{"period":"2024-08","brand_revenue":24856.4990234375,"category_revenue":474359.1015625,"share_pct":5.199999809265137},{"period":"2024-09","brand_revenue":20732.5,"category_revenue":424280.1171875,"share_pct":4.900000095367432},{"period":"2024-10","brand_revenue":29072.7490234375,"category_revenue":470840.6640625,"share_pct":6.199999809265137},{"period":"2024-11","brand_revenue":29891.4990234375,"category_revenue":424285.1171875,"share_pct":7.0},{"period":"2024-12","brand_revenue":21625.0,"category_revenue":432093.1640625,"share_pct":5.0},{"period":"2025-01","brand_revenue":7970.250244140625,"category_revenue":358002.890625,"share_pct":2.200000047683716},{"period":"2025-02","brand_revenue":3467.5,"category_revenue":325080.17578125,"share_pct":1.100000023841858},{"period":"2025-03","brand_revenue":2353.5000610351562,"category_revenue":347380.078125,"share_pct":0.699999988079071},{"period":"2025-04","brand_revenue":0.0,"category_revenue":401341.40625,"share_pct":0.0},{"period":"2025-05","brand_revenue":0.0,"category_revenue":378076.09375,"share_pct":0.0},{"period":"2025-06","brand_revenue":0.0,"category_revenue":354019.6484375,"share_pct":0.0},{"period":"2025-07","brand_revenue":0.0,"category_revenue":416008.203125,"share_pct":0.0},{"period":"2025-08","brand_revenue":0.0,"category_revenue":425283.28125,"share_pct":0.0},{"period":"2025-09","brand_revenue":0.0,"category_revenue":378313.75,"share_pct":0.0},{"period":"2025-10","brand_revenue":0.0,"category_revenue":389168.3203125,"share_pct":0.0},{"period":"2025-11","brand_revenue":0.0,"category_revenue":390541.3671875,"share_pct":0.0},{"period":"2025-12","brand_revenue":0.0,"category_revenue":392812.34375,"share_pct":0.0},{"period":"2026-01","brand_revenue":0.0,"category_revenue":342630.7421875,"share_pct":0.0}],"DISPOSABLE VAPE":[{"period":"2024-01","brand_revenue":81321.2744140625,"category_revenue":933474.921875,"share_pct":8.699999809265137},{"period":"2024-02","brand_revenue":48402.9248046875,"category_revenue":877782.109375,"share_pct":5.5},{"period":"2024-03","brand_revenue":9615.999755859375,"category_revenue":990692.03125,"share_pct":1.0},{"period":"2024-04","brand_revenue":0.0,"category_revenue":971952.1875,"share_pct":0.0},{"period":"2024-05","brand_revenue":0.0,"category_revenue":1035100.46875,"share_pct":0.0},{"period":"2024-06","brand_revenue":0.0,"category_revenue":1039794.21875,"share_pct":0.0},{"period":"2024-07","brand_revenue":0.0,"category_revenue":1081636.5625,"share_pct":0.0},{"period":"2024-08","brand_revenue":0.0,"category_revenue":1098658.125,"share_pct":0.0},{"period":"2024-09","brand_revenue":0.0,"category_revenue":1056394.53125,"share_pct":0.0},{"period":"2024-10","brand_revenue":0.0,"category_revenue":1197041.171875,"share_pct":0.0},{"period":"2024-11","brand_revenue":0.0,"category_revenue":1193980.234375,"share_pct":0.0},{"period":"2024-12","brand_revenue":0.0,"category_revenue":1222008.984375,"share_pct":0.0},{"period":"2025-01","brand_revenue":0.0,"category_revenue":1100552.421875,"share_pct":0.0},{"period":"2025-02","brand_revenue":0.0,"category_revenue":1167271.25,"share_pct":0.0},{"period":"2025-03","brand_revenue":0.0,"category_revenue":1348856.71875,"share_pct":0.0},{"period":"2025-04","brand_revenue":0.0,"category_revenue":1414639.84375,"share_pct":0.0},{"period":"2025-05","brand_revenue":0.0,"category_revenue":1460588.4375,"share_pct":0.0},{"period":"2025-06","brand_revenue":0.0,"category_revenue":1320852.96875,"share_pct":0.0},{"period":"2025-07","brand_revenue":0.0,"category_revenue":1451194.84375,"share_pct":0.0},{"period":"2025-08","brand_revenue":0.0,"category_revenue":1403520.625,"share_pct":0.0},{"period":"2025-09","brand_revenue":0.0,"category_revenue":1317518.125,"share_pct":0.0},{"period":"2025-10","brand_revenue":0.0,"category_revenue":1511693.75,"share_pct":0.0},{"period":"2025-11","brand_revenue":0.0,"category_revenue":1481709.21875,"share_pct":0.0},{"period":"2025-12","brand_revenue":0.0,"category_revenue":1476896.875,"share_pct":0.0},{"period":"2026-01","brand_revenue":0.0,"category_revenue":1398594.84375,"share_pct":0.0}]},"discount_depth":[{"tier":"0% (Full Price)","transactions":4562,"pct_of_transactions":53.4,"revenue":275730.0,"avg_discount":0.0},{"tier":"1-10%","transactions":484,"pct_of_transactions":5.7,"revenue":27901.875,"avg_discount":20.0},{"tier":"11-20%","transactions":192,"pct_of_transactions":2.2,"revenue":10181.849365234375,"avg_discount":37.400001525878906},{"tier":"21-30%","transactions":410,"pct_of_transactions":4.8,"revenue":20481.42578125,"avg_discount":48.599998474121094},{"tier":"31%+","transactions":226,"pct_of_transactions":2.6,"revenue":7423.42529296875,"avg_discount":93.80000305175781}],"velocity":{"units_per_day":20.46,"revenue_per_day":1018.4249877929688,"avg_units_per_txn":2.38,"days_of_data":447,"total_units":9144,"total_transactions":7676},"velocity_by_category":[{"category":"INFUSED PRE ROLL","brand_units_per_day":8.24,"category_avg_units_per_day":25.62,"velocity_index":32.2,"brand_rev_per_unit":40.24,"category_rev_per_unit":16.9,"brands_in_category":25},{"category":"DISPOSABLE VAPE","brand_units_per_day":3.76,"category_avg_units_per_day":28.36,"velocity_index":13.2,"brand_rev_per_unit":38.92,"category_rev_per_unit":32.31,"brands_in_category":35}],"deals":[{"deal_name":"Industry - 30% Off","times_used":1510,"units":1730.0,"revenue":69028.90152931213,"discounts":29613.600404262543,"cost":41952.5,"profit":27076.39982521534,"pre_discount_revenue":98642.5,"margin":39.2,"avg_discount":60.0},{"deal_name":"Packwoods 1.5g Disposables 2 for $70","times_used":138,"units":300.0,"revenue":13125.0,"discounts":4125.0,"cost":6870.0,"profit":6255.0,"pre_discount_revenue":17250.0,"margin":47.7,"avg_discount":47.8},{"deal_name":"Senior - 10% Off","times_used":122,"units":168.0,"revenue":8667.000274658203,"discounts":962.9999828338623,"cost":4135.0,"profit":4531.999912261963,"pre_discount_revenue":9630.0,"margin":52.3,"avg_discount":20.0},{"deal_name":"Veterans - 10% Off","times_used":116,"units":132.0,"revenue":6804.000244140625,"discounts":755.9999847412109,"cost":3230.0,"profit":3573.9999389648438,"pre_discount_revenue":7560.0,"margin":52.5,"avg_discount":20.0},{"deal_name":"Jackpot - Locals 30% Off","times_used":94,"units":124.0,"revenue":4973.00009727478,"discounts":2157.000036239624,"cost":3035.0,"profit":1937.9999780654907,"pre_discount_revenue":7130.0,"margin":39.0,"avg_discount":60.6},{"deal_name":"Senior / Veterans - 20% Off","times_used":36,"units":52.0,"revenue":2356.9999647140503,"discounts":617.9999899864197,"cost":1255.0,"profit":1101.9999635219574,"pre_discount_revenue":2975.0,"margin":46.8,"avg_discount":41.6},{"deal_name":"Employee 30% - NOT FRIDAYS","times_used":22,"units":22.0,"revenue":885.500020980835,"discounts":379.50000524520874,"cost":550.0,"profit":335.49999475479126,"pre_discount_revenue":1265.0,"margin":37.9,"avg_discount":60.0},{"deal_name":"Employee - 40% OFF","times_used":10,"units":12.0,"revenue":364.0000057220459,"discounts":325.9999942779541,"cost":300.0,"profit":63.999998569488525,"pre_discount_revenue":690.0,"margin":17.6,"avg_discount":94.4},{"deal_name":"LVAC - 25% Off","times_used":8,"units":10.0,"revenue":431.25,"discounts":143.75,"cost":250.0,"profit":181.25,"pre_discount_revenue":575.0,"margin":42.0,"avg_discount":50.0},{"deal_name":"Voucher - 35% Off One Item","times_used":2,"units":2.0,"revenue":74.74999904632568,"discounts":40.250000953674316,"cost":50.0,"profit":24.749999046325684,"pre_discount_revenue":115.0,"margin":33.1,"avg_discount":70.0}],"top_products":[{"product":"BLUE ZKITTLEZ INFUSED HEMP BLUNT - PACKWOODS","units":906,"revenue":46088.173828125,"cost":22650.0,"profit":23438.173828125,"transactions":828,"margin":50.900001525878906},{"product":"HEAD CHEESE INFUSED HEMP BLUNT - PACKWOODS","units":898,"revenue":45544.248046875,"cost":22040.0,"profit":23504.25048828125,"transactions":850,"margin":51.599998474121094},{"product":"STRAWNANA INFUSED HEMP BLUNT - PACKWOODS","units":768,"revenue":38413.9013671875,"cost":19200.0,"profit":19213.900146484375,"transactions":716,"margin":50.0},{"product":"SUPER SKUNK INFUSED HEMP BLUNT - PACKWOODS","units":662,"revenue":33940.74951171875,"cost":16360.0,"profit":17580.74951171875,"transactions":602,"margin":51.79999923706055},{"product":"GMO COOKIES DISPOSABLE VAPE - PACKWOODS","units":686,"revenue":33695.05126953125,"cost":16660.0,"profit":17035.050048828125,"transactions":662,"margin":50.599998474121094},{"product":"EL CHAPO INFUSED HEMP BLUNT - PACKWOODS","units":592,"revenue":30021.201171875,"cost":14800.0,"profit":15221.199951171875,"transactions":562,"margin":50.70000076293945},{"product":"NYC SOUR DIESEL INFUSED HEMP BLUNT - PACKWOODS","units":542,"revenue":27885.74951171875,"cost":13550.0,"profit":14335.74951171875,"transactions":506,"margin":51.400001525878906},{"product":"WEDDING MINTZ DISPOSABLE VAPE - PACKWOODS","units":488,"revenue":23460.50048828125,"cost":11720.0,"profit":11740.50048828125,"transactions":438,"margin":50.0},{"product":"SFV OG INFUSED HEMP BLUNT - PACKWOODS","units":394,"revenue":19978.499755859375,"cost":9850.0,"profit":10128.499755859375,"transactions":356,"margin":50.70000076293945},{"product":"GRAPEFRUIT KUSH DISPOSABLE VAPE - PACKWOODS","units":394,"revenue":18893.9501953125,"cost":9850.0,"profit":9043.9501953125,"transactions":372,"margin":47.900001525878906},{"product":"LEGEND OG DISPOSABLE VAPE - PACKWOODS","units":368,"revenue":17921.77490234375,"cost":7360.0,"profit":10561.77490234375,"transactions":344,"margin":58.900001525878906},{"product":"CHERRY AK-47 INFUSED HEMP BLUNT - PACKWOODS","units":356,"revenue":17883.75,"cost":8900.0,"profit":8983.75,"transactions":336,"margin":50.20000076293945},{"product":"CHERRY AK-47 INFUSED BLUNT - PACKWOODS","units":344,"revenue":17389.49951171875,"cost":8600.0,"profit":8789.500122070312,"transactions":328,"margin":50.5},{"product":"ICE CREAM CAKE DISPOSABLE VAPE - PACKWOODS","units":296,"revenue":14060.92529296875,"cost":6160.0,"profit":7900.92529296875,"transactions":278,"margin":56.20000076293945},{"product":"ICE CREAM DISPOSABLE VAPE - PACKWOODS","units":268,"revenue":13081.500244140625,"cost":6230.0,"profit":6851.500244140625,"transactions":252,"margin":52.400001525878906},{"product":"OG KUSH INFUSED HEMP BLUNT - PACKWOODS","units":228,"revenue":11915.0,"cost":5700.0,"profit":6215.0,"transactions":224,"margin":52.20000076293945},{"product":"GUAVA INFUSED HEMP BLUNT - PACKWOODS","units":168,"revenue":8076.600341796875,"cost":4200.0,"profit":3876.6000366210938,"transactions":164,"margin":48.0},{"product":"MAC N CHEESE DISPOSABLE VAPE - PACKWOODS","units":160,"revenue":7860.4998779296875,"cost":4000.0,"profit":3860.4998779296875,"transactions":150,"margin":49.099998474121094},{"product":"APPLE MINTZ DISPOSABLE VAPE - PACKWOODS","units":140,"revenue":7191.500244140625,"cost":2910.0,"profit":4281.499938964844,"transactions":122,"margin":59.5},{"product":"BLACK CHERRY GELATO INFUSED PRE ROLL - PACKWOODS","units":150,"revenue":6446.875,"cost":3000.0,"profit":3446.875,"transactions":144,"margin":53.5},{"product":"JELLY DULCE INFUSED PRE ROLL - PACKWOODS","units":150,"revenue":6365.875244140625,"cost":2990.0,"profit":3375.8749389648438,"transactions":146,"margin":53.0},{"product":"ROSE OG INFUSED HEMP BLUNT 2.5G - PACKWOODS","units":64,"revenue":3162.5,"cost":1600.0,"profit":1562.5,"transactions":50,"margin":49.400001525878906},{"product":"OG KUSH INFUSED HEMP BLUNT 2.5G - PACKWOODS","units":58,"revenue":2782.9998779296875,"cost":1450.0,"profit":1333.0000305175781,"transactions":52,"margin":47.900001525878906},{"product":"BANANA MACAROON DISPOSABLE VAPE - PACKWOODS","units":42,"revenue":2036.0000610351562,"cost":1050.0,"profit":985.9999847412109,"transactions":40,"margin":48.400001525878906},{"product":"BLACK TRUFFLE DISPOSABLE VAPE - PACKWOODS","units":18,"revenue":908.4999847412109,"cost":450.0,"profit":458.49998474121094,"transactions":18,"margin":50.5}],"products_by_store":{"Elevation Springs":[{"product":"BLUE ZKITTLEZ INFUSED HEMP BLUNT - PACKWOODS","units":300,"revenue":15260.50048828125,"cost":7500.0,"profit":7760.4998779296875,"transactions":272,"margin":50.900001525878906},{"product":"HEAD CHEESE INFUSED HEMP BLUNT - PACKWOODS","units":240,"revenue":12204.25048828125,"cost":6000.0,"profit":6204.2498779296875,"transactions":220,"margin":50.79999923706055},{"product":"SUPER SKUNK INFUSED HEMP BLUNT - PACKWOODS","units":224,"revenue":11317.5,"cost":5580.0,"profit":5737.5,"transactions":208,"margin":50.70000076293945},{"product":"GMO COOKIES DISPOSABLE VAPE - PACKWOODS","units":190,"revenue":8962.5,"cost":4750.0,"profit":4212.5,"transactions":184,"margin":47.0},{"product":"WEDDING MINTZ DISPOSABLE VAPE - PACKWOODS","units":186,"revenue":8551.000366210938,"cost":4650.0,"profit":3901.0000610351562,"transactions":174,"margin":45.599998474121094},{"product":"STRAWNANA INFUSED HEMP BLUNT - PACKWOODS","units":180,"revenue":8532.999877929688,"cost":4500.0,"profit":4032.9998779296875,"transactions":166,"margin":47.29999923706055},{"product":"CHERRY AK-47 INFUSED HEMP BLUNT - PACKWOODS","units":140,"revenue":6935.250244140625,"cost":3500.0,"profit":3435.2499389648438,"transactions":130,"margin":49.5},{"product":"EL CHAPO INFUSED HEMP BLUNT - PACKWOODS","units":102,"revenue":5134.749755859375,"cost":2550.0,"profit":2584.7500610351562,"transactions":96,"margin":50.29999923706055},{"product":"SFV OG INFUSED HEMP BLUNT - PACKWOODS","units":100,"revenue":4898.999938964844,"cost":2500.0,"profit":2398.9999389648438,"transactions":86,"margin":49.0},{"product":"GRAPEFRUIT KUSH DISPOSABLE VAPE - PACKWOODS","units":96,"revenue":4427.5,"cost":2400.0,"profit":2027.5,"transactions":90,"margin":45.79999923706055},{"product":"NYC SOUR DIESEL INFUSED HEMP BLUNT - PACKWOODS","units":80,"revenue":4059.5001220703125,"cost":2000.0,"profit":2059.499969482422,"transactions":76,"margin":50.70000076293945},{"product":"GUAVA INFUSED HEMP BLUNT - PACKWOODS","units":70,"revenue":3461.4999389648438,"cost":1750.0,"profit":1711.4999389648438,"transactions":68,"margin":49.400001525878906},{"product":"CHERRY AK-47 INFUSED BLUNT - PACKWOODS","units":50,"revenue":2461.0000610351562,"cost":1250.0,"profit":1210.999984741211,"transactions":48,"margin":49.20000076293945},{"product":"OG KUSH INFUSED HEMP BLUNT 2.5G - PACKWOODS","units":50,"revenue":2415.0,"cost":1250.0,"profit":1165.0,"transactions":44,"margin":48.20000076293945},{"product":"LEGEND OG DISPOSABLE VAPE - PACKWOODS","units":50,"revenue":2346.0000610351562,"cost":1000.0,"profit":1346.0000610351562,"transactions":50,"margin":57.400001525878906}],"Elevation Mesa":[{"product":"GMO COOKIES DISPOSABLE VAPE - PACKWOODS","units":144,"revenue":6984.7998046875,"cost":3600.0,"profit":3384.8001098632812,"transactions":138,"margin":48.5},{"product":"HEAD CHEESE INFUSED HEMP BLUNT - PACKWOODS","units":122,"revenue":5844.7503662109375,"cost":2810.0,"profit":3034.7500610351562,"transactions":122,"margin":51.900001525878906},{"product":"STRAWNANA INFUSED HEMP BLUNT - PACKWOODS","units":120,"revenue":5647.0001220703125,"cost":3000.0,"profit":2647.0001220703125,"transactions":112,"margin":46.900001525878906},{"product":"CHERRY AK-47 INFUSED BLUNT - PACKWOODS","units":106,"revenue":5108.500061035156,"cost":2650.0,"profit":2458.5000610351562,"transactions":102,"margin":48.099998474121094},{"product":"ICE CREAM DISPOSABLE VAPE - PACKWOODS","units":96,"revenue":4412.0001220703125,"cost":2400.0,"profit":2011.9999694824219,"transactions":88,"margin":45.599998474121094},{"product":"GRAPEFRUIT KUSH DISPOSABLE VAPE - PACKWOODS","units":92,"revenue":4405.4998779296875,"cost":2300.0,"profit":2105.500030517578,"transactions":86,"margin":47.79999923706055},{"product":"EL CHAPO INFUSED HEMP BLUNT - PACKWOODS","units":80,"revenue":3978.9999389648438,"cost":2000.0,"profit":1978.9999389648438,"transactions":78,"margin":49.70000076293945},{"product":"MAC N CHEESE DISPOSABLE VAPE - PACKWOODS","units":76,"revenue":3630.4998779296875,"cost":1900.0,"profit":1730.5000305175781,"transactions":68,"margin":47.70000076293945},{"product":"NYC SOUR DIESEL INFUSED HEMP BLUNT - PACKWOODS","units":60,"revenue":3058.9999389648438,"cost":1500.0,"profit":1558.9999389648438,"transactions":56,"margin":51.0},{"product":"SUPER SKUNK INFUSED HEMP BLUNT - PACKWOODS","units":56,"revenue":2745.4998779296875,"cost":1370.0,"profit":1375.5000305175781,"transactions":56,"margin":50.099998474121094},{"product":"LEGEND OG DISPOSABLE VAPE - PACKWOODS","units":52,"revenue":2665.0,"cost":1040.0,"profit":1625.0,"transactions":50,"margin":61.0},{"product":"WEDDING MINTZ DISPOSABLE VAPE - PACKWOODS","units":46,"revenue":2403.5000610351562,"cost":1150.0,"profit":1253.499984741211,"transactions":44,"margin":52.20000076293945},{"product":"BLUE ZKITTLEZ INFUSED HEMP BLUNT - PACKWOODS","units":48,"revenue":2269.250030517578,"cost":1200.0,"profit":1069.2499542236328,"transactions":48,"margin":47.099998474121094},{"product":"BLACK CHERRY GELATO INFUSED PRE ROLL - PACKWOODS","units":50,"revenue":2197.5,"cost":1000.0,"profit":1197.5,"transactions":50,"margin":54.5},{"product":"JELLY DULCE INFUSED PRE ROLL - PACKWOODS","units":50,"revenue":2126.25,"cost":1000.0,"profit":1126.25,"transactions":50,"margin":53.0}],"Elevation Oasis":[{"product":"BLUE ZKITTLEZ INFUSED HEMP BLUNT - PACKWOODS","units":160,"revenue":8280.0,"cost":4000.0,"profit":4280.0,"transactions":144,"margin":51.70000076293945},{"product":"NYC SOUR DIESEL INFUSED HEMP BLUNT - PACKWOODS","units":130,"revenue":6800.4998779296875,"cost":3250.0,"profit":3550.4998779296875,"transactions":122,"margin":52.20000076293945},{"product":"EL CHAPO INFUSED HEMP BLUNT - PACKWOODS","units":128,"revenue":6756.25,"cost":3200.0,"profit":3556.25,"transactions":124,"margin":52.599998474121094},{"product":"HEAD CHEESE INFUSED HEMP BLUNT - PACKWOODS","units":128,"revenue":6687.9998779296875,"cost":3030.0,"profit":3657.9998779296875,"transactions":122,"margin":54.70000076293945},{"product":"SUPER SKUNK INFUSED HEMP BLUNT - PACKWOODS","units":104,"revenue":5289.749755859375,"cost":2460.0,"profit":2829.7500610351562,"transactions":102,"margin":53.5},{"product":"APPLE MINTZ DISPOSABLE VAPE - PACKWOODS","units":84,"revenue":4258.999938964844,"cost":1680.0,"profit":2578.9999389648438,"transactions":66,"margin":60.599998474121094},{"product":"ICE CREAM CAKE DISPOSABLE VAPE - PACKWOODS","units":84,"revenue":4176.000061035156,"cost":1680.0,"profit":2496.0000610351562,"transactions":74,"margin":59.79999923706055},{"product":"GMO COOKIES DISPOSABLE VAPE - PACKWOODS","units":50,"revenue":2828.9999389648438,"cost":1250.0,"profit":1578.9999389648438,"transactions":42,"margin":55.79999923706055},{"product":"WEDDING MINTZ DISPOSABLE VAPE - PACKWOODS","units":50,"revenue":2650.0,"cost":1250.0,"profit":1400.0,"transactions":38,"margin":52.79999923706055},{"product":"OG KUSH INFUSED HEMP BLUNT - PACKWOODS","units":50,"revenue":2638.9999389648438,"cost":1250.0,"profit":1388.9999389648438,"transactions":48,"margin":52.599998474121094},{"product":"CHERRY AK-47 INFUSED HEMP BLUNT - PACKWOODS","units":50,"revenue":2581.4999389648438,"cost":1250.0,"profit":1331.4999389648438,"transactions":50,"margin":51.599998474121094},{"product":"SFV OG INFUSED HEMP BLUNT - PACKWOODS","units":50,"revenue":2566.7501831054688,"cost":1250.0,"profit":1316.7500305175781,"transactions":46,"margin":51.29999923706055},{"product":"GUAVA INFUSED HEMP BLUNT - PACKWOODS","units":48,"revenue":2346.750030517578,"cost":1200.0,"profit":1146.7500305175781,"transactions":46,"margin":48.900001525878906},{"product":"LEGEND OG DISPOSABLE VAPE - PACKWOODS","units":44,"revenue":2242.5250244140625,"cost":880.0,"profit":1362.5250244140625,"transactions":38,"margin":60.79999923706055},{"product":"STRAWNANA INFUSED HEMP BLUNT - PACKWOODS","units":40,"revenue":2012.5,"cost":1000.0,"profit":1012.5,"transactions":40,"margin":50.29999923706055}],"Elevation Midtown":[{"product":"STRAWNANA INFUSED HEMP BLUNT - PACKWOODS","units":198,"revenue":10848.75,"cost":4950.0,"profit":5898.75,"transactions":182,"margin":54.400001525878906},{"product":"BLUE ZKITTLEZ INFUSED HEMP BLUNT - PACKWOODS","units":200,"revenue":10629.425048828125,"cost":5000.0,"profit":5629.425048828125,"transactions":184,"margin":53.0},{"product":"HEAD CHEESE INFUSED HEMP BLUNT - PACKWOODS","units":160,"revenue":8661.749877929688,"cost":4000.0,"profit":4661.7498779296875,"transactions":156,"margin":53.79999923706055},{"product":"ICE CREAM DISPOSABLE VAPE - PACKWOODS","units":138,"revenue":7162.9998779296875,"cost":3150.0,"profit":4012.9998779296875,"transactions":130,"margin":56.0},{"product":"SUPER SKUNK INFUSED HEMP BLUNT - PACKWOODS","units":126,"revenue":6905.7501220703125,"cost":3150.0,"profit":3755.7501220703125,"transactions":106,"margin":54.400001525878906},{"product":"GMO COOKIES DISPOSABLE VAPE - PACKWOODS","units":126,"revenue":6697.9998779296875,"cost":2910.0,"profit":3787.9998779296875,"transactions":124,"margin":56.599998474121094},{"product":"EL CHAPO INFUSED HEMP BLUNT - PACKWOODS","units":110,"revenue":5845.3253173828125,"cost":2750.0,"profit":3095.3250122070312,"transactions":102,"margin":53.0},{"product":"SFV OG INFUSED HEMP BLUNT - PACKWOODS","units":98,"revenue":5157.750244140625,"cost":2450.0,"profit":2707.7499389648438,"transactions":84,"margin":52.5},{"product":"CHERRY AK-47 INFUSED BLUNT - PACKWOODS","units":98,"revenue":5156.7498779296875,"cost":2450.0,"profit":2706.7498779296875,"transactions":94,"margin":52.5},{"product":"NYC SOUR DIESEL INFUSED HEMP BLUNT - PACKWOODS","units":90,"revenue":4881.7498779296875,"cost":2250.0,"profit":2631.7498779296875,"transactions":86,"margin":53.900001525878906},{"product":"MAC N CHEESE DISPOSABLE VAPE - PACKWOODS","units":84,"revenue":4230.0,"cost":2100.0,"profit":2130.0,"transactions":82,"margin":50.400001525878906},{"product":"LEGEND OG DISPOSABLE VAPE - PACKWOODS","units":82,"revenue":4205.4998779296875,"cost":1640.0,"profit":2565.4998779296875,"transactions":78,"margin":61.0},{"product":"GRAPEFRUIT KUSH DISPOSABLE VAPE - PACKWOODS","units":78,"revenue":4025.4998779296875,"cost":1950.0,"profit":2075.500030517578,"transactions":78,"margin":51.599998474121094},{"product":"CHERRY AK-47 INFUSED HEMP BLUNT - PACKWOODS","units":50,"revenue":2551.999969482422,"cost":1250.0,"profit":1301.9999694824219,"transactions":48,"margin":51.0},{"product":"WEDDING MINTZ DISPOSABLE VAPE - PACKWOODS","units":46,"revenue":2438.000030517578,"cost":920.0,"profit":1518.0000305175781,"transactions":44,"margin":62.29999923706055}],"Elevation Boulevard":[{"product":"ICE CREAM CAKE DISPOSABLE VAPE - PACKWOODS","units":100,"revenue":4456.925048828125,"cost":2240.0,"profit":2216.925048828125,"transactions":96,"margin":49.70000076293945},{"product":"HEAD CHEESE INFUSED HEMP BLUNT - PACKWOODS","units":98,"revenue":4450.500183105469,"cost":2450.0,"profit":2000.5000305175781,"transactions":86,"margin":45.0},{"product":"GMO COOKIES DISPOSABLE VAPE - PACKWOODS","units":98,"revenue":4379.750061035156,"cost":2200.0,"profit":2179.7500610351562,"transactions":96,"margin":49.79999923706055},{"product":"EL CHAPO INFUSED HEMP BLUNT - PACKWOODS","units":90,"revenue":4234.875183105469,"cost":2250.0,"profit":1984.8750305175781,"transactions":88,"margin":46.900001525878906},{"product":"STRAWNANA INFUSED HEMP BLUNT - PACKWOODS","units":90,"revenue":4056.4999389648438,"cost":2250.0,"profit":1806.4999389648438,"transactions":84,"margin":44.5},{"product":"ROSE OG INFUSED HEMP BLUNT 2.5G - PACKWOODS","units":64,"revenue":3162.5,"cost":1600.0,"profit":1562.5,"transactions":50,"margin":49.400001525878906},{"product":"NYC SOUR DIESEL INFUSED HEMP BLUNT - PACKWOODS","units":60,"revenue":2863.5000610351562,"cost":1500.0,"profit":1363.5000610351562,"transactions":58,"margin":47.599998474121094},{"product":"SUPER SKUNK INFUSED HEMP BLUNT - PACKWOODS","units":50,"revenue":2576.0000610351562,"cost":1250.0,"profit":1325.9999084472656,"transactions":34,"margin":51.5},{"product":"OG KUSH INFUSED HEMP BLUNT - PACKWOODS","units":50,"revenue":2560.0,"cost":1250.0,"profit":1310.0,"transactions":48,"margin":51.20000076293945},{"product":"CHERRY AK-47 INFUSED HEMP BLUNT - PACKWOODS","units":50,"revenue":2430.2500915527344,"cost":1250.0,"profit":1180.250015258789,"transactions":46,"margin":48.599998474121094},{"product":"SFV OG INFUSED HEMP BLUNT - PACKWOODS","units":50,"revenue":2340.749969482422,"cost":1250.0,"profit":1090.7499694824219,"transactions":48,"margin":46.599998474121094},{"product":"GRAPEFRUIT KUSH DISPOSABLE VAPE - PACKWOODS","units":50,"revenue":2332.4501037597656,"cost":1250.0,"profit":1082.4500274658203,"transactions":44,"margin":46.400001525878906},{"product":"GUAVA INFUSED HEMP BLUNT - PACKWOODS","units":50,"revenue":2268.350067138672,"cost":1250.0,"profit":1018.3499908447266,"transactions":50,"margin":44.900001525878906},{"product":"WEDDING MINTZ DISPOSABLE VAPE - PACKWOODS","units":50,"revenue":2219.499969482422,"cost":1000.0,"profit":1219.5000457763672,"transactions":44,"margin":54.900001525878906},{"product":"LEGEND OG DISPOSABLE VAPE - PACKWOODS","units":48,"revenue":2173.249969482422,"cost":960.0,"profit":1213.2500457763672,"transactions":40,"margin":55.79999923706055}],"Elevation Parkway":[{"product":"HEAD CHEESE INFUSED HEMP BLUNT - PACKWOODS","units":150,"revenue":7695.0,"cost":3750.0,"profit":3945.0,"transactions":144,"margin":51.29999923706055},{"product":"BLUE ZKITTLEZ INFUSED HEMP BLUNT - PACKWOODS","units":150,"revenue":7588.75,"cost":3750.0,"profit":3838.75,"transactions":134,"margin":50.599998474121094},{"product":"STRAWNANA INFUSED HEMP BLUNT - PACKWOODS","units":140,"revenue":7316.14990234375,"cost":3500.0,"profit":3816.14990234375,"transactions":132,"margin":52.20000076293945},{"product":"NYC SOUR DIESEL INFUSED HEMP BLUNT - PACKWOODS","units":122,"revenue":6221.500244140625,"cost":3050.0,"profit":3171.4999389648438,"transactions":108,"margin":51.0},{"product":"WEDDING MINTZ DISPOSABLE VAPE - PACKWOODS","units":110,"revenue":5198.5003662109375,"cost":2750.0,"profit":2448.4999084472656,"transactions":94,"margin":47.099998474121094},{"product":"SUPER SKUNK INFUSED HEMP BLUNT - PACKWOODS","units":102,"revenue":5106.25,"cost":2550.0,"profit":2556.25,"transactions":96,"margin":50.099998474121094},{"product":"SFV OG INFUSED HEMP BLUNT - PACKWOODS","units":96,"revenue":5014.2498779296875,"cost":2400.0,"profit":2614.2498779296875,"transactions":92,"margin":52.099998474121094},{"product":"CHERRY AK-47 INFUSED BLUNT - PACKWOODS","units":90,"revenue":4663.2501220703125,"cost":2250.0,"profit":2413.249969482422,"transactions":84,"margin":51.79999923706055},{"product":"LEGEND OG DISPOSABLE VAPE - PACKWOODS","units":92,"revenue":4289.5001220703125,"cost":1840.0,"profit":2449.5001220703125,"transactions":88,"margin":57.099998474121094},{"product":"EL CHAPO INFUSED HEMP BLUNT - PACKWOODS","units":82,"revenue":4071.0000610351562,"cost":2050.0,"profit":2021.0000610351562,"transactions":74,"margin":49.599998474121094},{"product":"GMO COOKIES DISPOSABLE VAPE - PACKWOODS","units":78,"revenue":3841.0000610351562,"cost":1950.0,"profit":1891.0000610351562,"transactions":78,"margin":49.20000076293945},{"product":"GRAPEFRUIT KUSH DISPOSABLE VAPE - PACKWOODS","units":78,"revenue":3702.9998779296875,"cost":1950.0,"profit":1753.0000305175781,"transactions":74,"margin":47.29999923706055},{"product":"ICE CREAM CAKE DISPOSABLE VAPE - PACKWOODS","units":78,"revenue":3657.0001220703125,"cost":1560.0,"profit":2096.999969482422,"transactions":76,"margin":57.29999923706055},{"product":"OG KUSH INFUSED HEMP BLUNT - PACKWOODS","units":50,"revenue":2702.5,"cost":1250.0,"profit":1452.5,"transactions":50,"margin":53.70000076293945},{"product":"CHERRY AK-47 INFUSED HEMP BLUNT - PACKWOODS","units":50,"revenue":2614.2498779296875,"cost":1250.0,"profit":1364.2500305175781,"transactions":48,"margin":52.20000076293945}]},"store_summary":[{"store_clean":"Elevation Springs","units":2112,"revenue":103521.25,"cost":52360.0,"profit":51161.25,"discounts":17918.75,"margin":49.400001525878906,"discount_rate":14.800000190734863},{"store_clean":"Elevation Midtown","units":1890,"revenue":99325.25390625,"cost":45400.0,"profit":53925.2490234375,"discounts":8599.749755859375,"margin":54.29999923706055,"discount_rate":8.0},{"store_clean":"Elevation Parkway","units":1588,"revenue":78719.90234375,"cost":38340.0,"profit":40379.89990234375,"discounts":11365.10009765625,"margin":51.29999923706055,"discount_rate":12.600000381469727},{"store_clean":"Elevation Mesa","units":1296,"revenue":62400.048828125,"cost":31200.0,"profit":31200.048828125,"discounts":11319.949951171875,"margin":50.0,"discount_rate":15.399999618530273},{"store_clean":"Elevation Oasis","units":1200,"revenue":62117.5244140625,"cost":28630.0,"profit":33487.5244140625,"discounts":6882.4749755859375,"margin":53.900001525878906,"discount_rate":10.0},{"store_clean":"Elevation Boulevard","units":1058,"revenue":49151.8505859375,"cost":25450.0,"profit":23701.8505859375,"discounts":11070.650634765625,"margin":48.20000076293945,"discount_rate":18.399999618530273}],"recommendations":[{"severity":"info","title":"VOLUME LEVERAGE","detail":"$182,094 revenue provides negotiating leverage.","action":"Use volume as leverage in next vendor meeting."}],"comparison":null}