{"brand":"NEON CACTUS","date_range":"2024-01-01 00:00:00 to 2026-01-31 00:00:00","period_label":"All Time","summary":{"total_units":1282,"total_revenue":102482.3046875,"total_cost":36857.5,"total_discounts":25717.7001953125,"total_profit":65624.7998046875,"overall_margin":64.0,"fp_margin":71.19999694824219,"disc_margin":62.5,"pct_full_price":17.600000381469727,"avg_discount_rate":20.100000381469727,"fp_revenue":18000.0,"disc_revenue":84482.3046875,"brand":"NEON CACTUS","date_range":"2024-01-01 00:00:00 to 2026-01-31 00:00:00","primary_category":"FLOWER","store_coverage":"1/7","stores_present":["Elevation Oasis"],"stores_missing":["Elevation Springs","Elevation Mesa","Elevation Downtown","Elevation Midtown","Elevation Boulevard","Elevation Parkway"],"velocity_rank":51,"velocity_total":64},"distribution":[{"store":"Elevation Springs","carries_brand":false,"sku_count":0,"revenue":0.0,"units":0,"store_total_revenue":51138750.0,"brand_share_pct":0},{"store":"Elevation Mesa","carries_brand":false,"sku_count":0,"revenue":0.0,"units":0,"store_total_revenue":47532240.0,"brand_share_pct":0},{"store":"Elevation Oasis","carries_brand":true,"sku_count":16,"revenue":102482.3046875,"units":1282,"store_total_revenue":56050145.0,"brand_share_pct":0.20000000298023224},{"store":"Elevation Downtown","carries_brand":false,"sku_count":0,"revenue":0.0,"units":0,"store_total_revenue":1945237.1875,"brand_share_pct":0},{"store":"Elevation Midtown","carries_brand":false,"sku_count":0,"revenue":0.0,"units":0,"store_total_revenue":30850185.0,"brand_share_pct":0},{"store":"Elevation Boulevard","carries_brand":false,"sku_count":0,"revenue":0.0,"units":0,"store_total_revenue":28757865.0,"brand_share_pct":0},{"store":"Elevation Parkway","carries_brand":false,"sku_count":0,"revenue":0.0,"units":0,"store_total_revenue":21987007.5,"brand_share_pct":0}],"share_of_category":[{"category":"FLOWER","brand_revenue":102482.3046875,"category_revenue":77755450.0,"revenue_share_pct":0.10000000149011612,"brand_units":1282,"category_units":2708446,"units_share_pct":0.0}],"share_of_category_trend":{"FLOWER":[{"period":"2024-01","brand_revenue":0.0,"category_revenue":3552357.8125,"share_pct":0.0},{"period":"2024-02","brand_revenue":0.0,"category_revenue":3535245.625,"share_pct":0.0},{"period":"2024-03","brand_revenue":0.0,"category_revenue":3693805.625,"share_pct":0.0},{"period":"2024-04","brand_revenue":0.0,"category_revenue":3541899.6875,"share_pct":0.0},{"period":"2024-05","brand_revenue":0.0,"category_revenue":3537479.375,"share_pct":0.0},{"period":"2024-06","brand_revenue":0.0,"category_revenue":3403269.6875,"share_pct":0.0},{"period":"2024-07","brand_revenue":0.0,"category_revenue":3457705.9375,"share_pct":0.0},{"period":"2024-08","brand_revenue":0.0,"category_revenue":3453819.375,"share_pct":0.0},{"period":"2024-09","brand_revenue":0.0,"category_revenue":3316441.5625,"share_pct":0.0},{"period":"2024-10","brand_revenue":0.0,"category_revenue":3585775.0,"share_pct":0.0},{"period":"2024-11","brand_revenue":0.0,"category_revenue":3454855.3125,"share_pct":0.0},{"period":"2024-12","brand_revenue":0.0,"category_revenue":3226567.8125,"share_pct":0.0},{"period":"2025-01","brand_revenue":0.0,"category_revenue":2984938.125,"share_pct":0.0},{"period":"2025-02","brand_revenue":0.0,"category_revenue":2816220.0,"share_pct":0.0},{"period":"2025-03","brand_revenue":0.0,"category_revenue":2911379.6875,"share_pct":0.0},{"period":"2025-04","brand_revenue":0.0,"category_revenue":3118895.3125,"share_pct":0.0},{"period":"2025-05","brand_revenue":0.0,"category_revenue":2887345.0,"share_pct":0.0},{"period":"2025-06","brand_revenue":0.0,"category_revenue":2773698.125,"share_pct":0.0},{"period":"2025-07","brand_revenue":0.0,"category_revenue":2782763.125,"share_pct":0.0},{"period":"2025-08","brand_revenue":0.0,"category_revenue":2733122.8125,"share_pct":0.0},{"period":"2025-09","brand_revenue":19521.25,"category_revenue":2603501.5625,"share_pct":0.699999988079071},{"period":"2025-10","brand_revenue":12432.275390625,"category_revenue":2663705.0,"share_pct":0.5},{"period":"2025-11","brand_revenue":0.0,"category_revenue":2700189.0625,"share_pct":0.0},{"period":"2025-12","brand_revenue":24062.5,"category_revenue":2515209.53125,"share_pct":1.0},{"period":"2026-01","brand_revenue":46466.2744140625,"category_revenue":2505261.875,"share_pct":1.899999976158142}]},"velocity_by_category":[{"category":"FLOWER","brand_units_per_day":1.68,"category_avg_units_per_day":55.54,"velocity_index":3.0,"brand_rev_per_unit":63.95,"category_rev_per_unit":22.97,"brands_in_category":64}],"store_gaps":[{"store":"Elevation Mesa","category":"FLOWER","category_revenue_at_store":18802848.75,"opportunity":"Brand not carried"},{"store":"Elevation Springs","category":"FLOWER","category_revenue_at_store":15953997.5,"opportunity":"Brand not carried"},{"store":"Elevation Boulevard","category":"FLOWER","category_revenue_at_store":10598290.0,"opportunity":"Brand not carried"},{"store":"Elevation Midtown","category":"FLOWER","category_revenue_at_store":8812107.5,"opportunity":"Brand not carried"},{"store":"Elevation Parkway","category":"FLOWER","category_revenue_at_store":4297298.125,"opportunity":"Brand not carried"},{"store":"Elevation Downtown","category":"FLOWER","category_revenue_at_store":324929.8828125,"opportunity":"Brand not carried"}],"product_mix":{"top":[{"product":"GARLIC COCKTAIL HALF OUNCE - NEON CACTUS","units":286,"revenue":22478.349609375,"cost":8222.5,"profit":14255.849609375,"stores":1,"transactions":226,"margin":63.400001525878906},{"product":"SOUR APPLE HALF OUNCE - NEON CACTUS","units":278,"revenue":22349.7998046875,"cost":7992.5,"profit":14357.2998046875,"stores":1,"transactions":244,"margin":64.19999694824219},{"product":"BLUE ZUSHI HALF OUNCE - NEON CACTUS","units":256,"revenue":20218.125,"cost":7360.0,"profit":12858.125,"stores":1,"transactions":194,"margin":63.599998474121094},{"product":"CASINO KUSH HALF OUNCE - NEON CACTUS","units":154,"revenue":12214.375,"cost":4427.5,"profit":7786.875,"stores":1,"transactions":124,"margin":63.79999923706055},{"product":"GRAPE 98 HALF OUNCE - NEON CACTUS","units":106,"revenue":8506.25,"cost":3047.5,"profit":5458.75,"stores":1,"transactions":96,"margin":64.19999694824219},{"product":"PRIMUS HALF OUNCE - NEON CACTUS","units":84,"revenue":6957.8997802734375,"cost":2415.0,"profit":4542.900085449219,"stores":1,"transactions":68,"margin":65.30000305175781},{"product":"MANGO SHERB HALF OUNCE - NEON CACTUS","units":70,"revenue":5482.5,"cost":2012.5,"profit":3470.0,"stores":1,"transactions":58,"margin":63.29999923706055},{"product":"DOSI D HALF OUNCE - NEON CACTUS","units":48,"revenue":4275.0,"cost":1380.0,"profit":2895.0,"stores":1,"transactions":48,"margin":67.69999694824219}],"bottom":[],"expansion":[]},"pricing_consistency":[],"promotional_effectiveness":{"lift":{"fp_units_per_day":3.4,"disc_units_per_day":13.44,"lift_pct":295.7,"fp_avg_revenue_per_unit":200.0,"disc_avg_revenue_per_unit":153.325},"by_deal":[{"deal_name":"NEON CACTUS OUNCE - $125 (PRE-PACKED 14G ONLY)","uses":133,"revenue":45699.26250457764,"discounts":12700.737500190735,"units":584.0,"cost":16790.0,"margin":63.3,"discount_depth":43.4},{"deal_name":"Jackpot - Locals 30% Off","uses":47,"revenue":7987.5,"discounts":3512.5,"units":115.0,"cost":3306.25,"margin":58.6,"discount_depth":61.0},{"deal_name":"NEON CACTUS OUNCE - $120 (PRE-PACKED 14G ONLY)","uses":30,"revenue":10750.0,"discounts":3450.0,"units":142.0,"cost":4082.5,"margin":62.0,"discount_depth":48.6},{"deal_name":"NEON CACTUS OUNCE - $130 (PRE-PACKED 14G ONLY)","uses":23,"revenue":7515.625,"discounts":1884.375,"units":94.0,"cost":2702.5,"margin":64.0,"discount_depth":40.0},{"deal_name":"Industry 30% Off","uses":17,"revenue":3748.7624979019165,"discounts":1651.2375020980835,"units":54.0,"cost":1552.5,"margin":58.6,"discount_depth":61.2},{"deal_name":"Senior - 10% Off","uses":17,"revenue":3600.0,"discounts":400.0,"units":40.0,"cost":1150.0,"margin":68.1,"discount_depth":20.0},{"deal_name":"Senior / Veterans - 20% Off","uses":5,"revenue":800.0,"discounts":200.0,"units":10.0,"cost":287.5,"margin":64.1,"discount_depth":40.0},{"deal_name":"Veterans - 10% Off","uses":5,"revenue":900.0,"discounts":100.0,"units":10.0,"cost":287.5,"margin":68.1,"discount_depth":20.0},{"deal_name":"40% Off Special","uses":4,"revenue":600.0,"discounts":400.0,"units":10.0,"cost":287.5,"margin":52.1,"discount_depth":80.0},{"deal_name":"Employee - 40% OFF","uses":2,"revenue":240.0,"discounts":160.0,"units":4.0,"cost":115.0,"margin":52.1,"discount_depth":80.0},{"deal_name":"Employee 30% - NOT FRIDAYS","uses":2,"revenue":280.0,"discounts":120.0,"units":4.0,"cost":115.0,"margin":58.9,"discount_depth":60.0},{"deal_name":"Store Credit - $25","uses":2,"revenue":261.1500024795532,"discounts":138.85000228881836,"units":4.0,"cost":115.0,"margin":56.0,"discount_depth":69.4},{"deal_name":"Store Credit - $50","uses":2,"revenue":182.5,"discounts":117.5,"units":3.0,"cost":86.25,"margin":52.7,"discount_depth":78.4},{"deal_name":"Store Credit - $15","uses":1,"revenue":146.875,"discounts":53.125,"units":2.0,"cost":57.5,"margin":60.9,"discount_depth":53.2},{"deal_name":"Store Credit - $75","uses":1,"revenue":115.625,"discounts":84.375,"units":2.0,"cost":57.5,"margin":50.3,"discount_depth":84.4}]},"growth_opportunities":[{"type":"distribution","title":"Expand to Elevation Springs","detail":"Store has $6,381,599 in FLOWER \u2014 categories where NEON CACTUS competes.","priority":"high"},{"type":"distribution","title":"Expand to Elevation Mesa","detail":"Store has $7,521,140 in FLOWER \u2014 categories where NEON CACTUS competes.","priority":"high"},{"type":"distribution","title":"Expand to Elevation Downtown","detail":"Store has $129,972 in FLOWER \u2014 categories where NEON CACTUS competes.","priority":"high"},{"type":"distribution","title":"Expand to Elevation Midtown","detail":"Store has $3,524,843 in FLOWER \u2014 categories where NEON CACTUS competes.","priority":"high"},{"type":"distribution","title":"Expand to Elevation Boulevard","detail":"Store has $4,239,316 in FLOWER \u2014 categories where NEON CACTUS competes.","priority":"high"},{"type":"distribution","title":"Expand to Elevation Parkway","detail":"Store has $1,718,919 in FLOWER \u2014 categories where NEON CACTUS competes.","priority":"high"},{"type":"velocity","title":"Improve velocity in FLOWER","detail":"Velocity index 3 (below category average). 0.8 units/day vs 27.8 avg.","priority":"medium"}],"trend":[{"period":"2025-09","revenue":19521.25,"cost":6727.5,"margin":65.5,"units":234,"transactions":168,"profit":12793.75,"revenue_change_pct":null,"units_change_pct":null,"margin_change_pts":null},{"period":"2025-10","revenue":12432.275390625,"cost":4542.5,"margin":63.5,"units":158,"transactions":88,"profit":7889.7747802734375,"revenue_change_pct":-36.3,"units_change_pct":-32.5,"margin_change_pts":-2.1},{"period":"2025-12","revenue":24062.5,"cost":8797.5,"margin":63.4,"units":306,"transactions":168,"profit":15265.0,"revenue_change_pct":93.5,"units_change_pct":93.7,"margin_change_pts":-0.0},{"period":"2026-01","revenue":46466.2744140625,"cost":16790.0,"margin":63.9,"units":584,"transactions":342,"profit":29676.2744140625,"revenue_change_pct":93.1,"units_change_pct":90.8,"margin_change_pts":0.4}]}