{"brand":"RAW","date_range":"2024-01-01 00:00:00 to 2026-01-31 00:00:00","period_label":"All Time","summary":{"total_units":10898,"total_revenue":47354.1748046875,"total_cost":27136.92626953125,"total_discounts":6520.8251953125,"total_profit":20217.2509765625,"overall_margin":42.70000076293945,"fp_margin":51.400001525878906,"disc_margin":26.899999618530273,"pct_full_price":64.5,"avg_discount_rate":12.100000381469727,"fp_revenue":30521.25,"disc_revenue":16832.9248046875,"brand":"RAW","date_range":"2024-01-01 00:00:00 to 2026-01-31 00:00:00","primary_category":"ACCESSORY","store_coverage":"7/7","stores_present":["Elevation Springs","Elevation Mesa","Elevation Oasis","Elevation Downtown","Elevation Midtown","Elevation Boulevard","Elevation Parkway"],"stores_missing":[],"velocity_rank":4,"velocity_total":136},"distribution":[{"store":"Elevation Springs","carries_brand":true,"sku_count":32,"revenue":9941.599731445312,"units":2308,"store_total_revenue":51138750.0,"brand_share_pct":0.0},{"store":"Elevation Mesa","carries_brand":true,"sku_count":16,"revenue":3902.9251098632812,"units":934,"store_total_revenue":47532240.0,"brand_share_pct":0.0},{"store":"Elevation Oasis","carries_brand":true,"sku_count":32,"revenue":9396.55029296875,"units":2306,"store_total_revenue":56050145.0,"brand_share_pct":0.0},{"store":"Elevation Downtown","carries_brand":true,"sku_count":2,"revenue":1191.9999694824219,"units":264,"store_total_revenue":1945237.1875,"brand_share_pct":0.10000000149011612},{"store":"Elevation Midtown","carries_brand":true,"sku_count":30,"revenue":4454.850158691406,"units":1158,"store_total_revenue":30850185.0,"brand_share_pct":0.0},{"store":"Elevation Boulevard","carries_brand":true,"sku_count":12,"revenue":11077.44873046875,"units":2366,"store_total_revenue":28757865.0,"brand_share_pct":0.0},{"store":"Elevation Parkway","carries_brand":true,"sku_count":20,"revenue":7388.800048828125,"units":1562,"store_total_revenue":21987007.5,"brand_share_pct":0.0}],"share_of_category":[{"category":"ACCESSORY","brand_revenue":46902.1728515625,"category_revenue":4128754.0625,"revenue_share_pct":1.100000023841858,"brand_units":10812,"category_units":2130096,"units_share_pct":0.5},{"category":0.0,"brand_revenue":0.0,"category_revenue":0.0,"revenue_share_pct":0.0,"brand_units":0,"category_units":0,"units_share_pct":0.0}],"share_of_category_trend":{"ACCESSORY":[{"period":"2024-01","brand_revenue":320.67501068115234,"category_revenue":153543.9453125,"share_pct":0.20000000298023224},{"period":"2024-02","brand_revenue":222.25000381469727,"category_revenue":152399.47265625,"share_pct":0.10000000149011612},{"period":"2024-03","brand_revenue":18.125,"category_revenue":154678.876953125,"share_pct":0.0},{"period":"2024-04","brand_revenue":109.04999732971191,"category_revenue":163353.65234375,"share_pct":0.10000000149011612},{"period":"2024-05","brand_revenue":153.75,"category_revenue":179676.4453125,"share_pct":0.10000000149011612},{"period":"2024-06","brand_revenue":26.25,"category_revenue":185008.828125,"share_pct":0.0},{"period":"2024-07","brand_revenue":126.25,"category_revenue":186675.46875,"share_pct":0.10000000149011612},{"period":"2024-08","brand_revenue":686.6750335693359,"category_revenue":180226.328125,"share_pct":0.4000000059604645},{"period":"2024-09","brand_revenue":767.6000213623047,"category_revenue":162386.298828125,"share_pct":0.5},{"period":"2024-10","brand_revenue":597.2499847412109,"category_revenue":166088.73046875,"share_pct":0.4000000059604645},{"period":"2024-11","brand_revenue":1409.6249389648438,"category_revenue":171706.09375,"share_pct":0.800000011920929},{"period":"2024-12","brand_revenue":2718.2998657226562,"category_revenue":176502.03125,"share_pct":1.5},{"period":"2025-01","brand_revenue":2978.2748413085938,"category_revenue":167261.34765625,"share_pct":1.7999999523162842},{"period":"2025-02","brand_revenue":2686.0250854492188,"category_revenue":155260.927734375,"share_pct":1.7000000476837158},{"period":"2025-03","brand_revenue":3022.60009765625,"category_revenue":176420.390625,"share_pct":1.7000000476837158},{"period":"2025-04","brand_revenue":3748.5250854492188,"category_revenue":182694.82421875,"share_pct":2.0999999046325684},{"period":"2025-05","brand_revenue":3637.550048828125,"category_revenue":179904.4921875,"share_pct":2.0},{"period":"2025-06","brand_revenue":3721.0250854492188,"category_revenue":161148.75,"share_pct":2.299999952316284},{"period":"2025-07","brand_revenue":3304.8501586914062,"category_revenue":165549.8046875,"share_pct":2.0},{"period":"2025-08","brand_revenue":2958.2748413085938,"category_revenue":171752.05078125,"share_pct":1.7000000476837158},{"period":"2025-09","brand_revenue":3174.47509765625,"category_revenue":168198.9453125,"share_pct":1.899999976158142},{"period":"2025-10","brand_revenue":2825.1998901367188,"category_revenue":171844.55078125,"share_pct":1.600000023841858},{"period":"2025-11","brand_revenue":2830.0750732421875,"category_revenue":172839.74609375,"share_pct":1.600000023841858},{"period":"2025-12","brand_revenue":2230.9500122070312,"category_revenue":141954.873046875,"share_pct":1.600000023841858},{"period":"2026-01","brand_revenue":2628.5501098632812,"category_revenue":81677.1484375,"share_pct":3.200000047683716}]},"velocity_by_category":[{"category":"ACCESSORY","brand_units_per_day":14.18,"category_avg_units_per_day":20.56,"velocity_index":69.0,"brand_rev_per_unit":3.47,"category_rev_per_unit":1.55,"brands_in_category":136},{"category":0.0,"brand_units_per_day":0.0,"category_avg_units_per_day":0,"velocity_index":0,"brand_rev_per_unit":0.0,"category_rev_per_unit":0.0,"brands_in_category":0}],"store_gaps":[],"product_mix":{"top":[{"product":"CLASSIC RAW CONES","units":1382,"revenue":6546.2249755859375,"cost":2296.5750122070312,"profit":4249.649963378906,"stores":3,"transactions":1044,"margin":64.9000015258789},{"product":"$4 RAW ORGANIC CONES 6 PK","units":1128,"revenue":4806.099853515625,"cost":1802.7249145507812,"profit":3003.3749389648438,"stores":4,"transactions":786,"margin":62.5},{"product":"RAW ORGANIC CONES","units":892,"revenue":3881.3751220703125,"cost":1343.125,"profit":2538.249969482422,"stores":2,"transactions":732,"margin":65.4000015258789},{"product":"BLACK RAW CONES 6 PK","units":828,"revenue":3747.6251220703125,"cost":1070.5500030517578,"profit":2677.0748901367188,"stores":3,"transactions":710,"margin":71.4000015258789},{"product":"1/4 RAW CONES 6 PK - BLACK","units":820,"revenue":3608.5000610351562,"cost":1094.749984741211,"profit":2513.75,"stores":4,"transactions":680,"margin":69.69999694824219},{"product":"$4 RAW CLASSIC CONES 6 PACK","units":774,"revenue":3182.0001220703125,"cost":1068.5250091552734,"profit":2113.4750366210938,"stores":2,"transactions":538,"margin":66.4000015258789},{"product":"$4 RAW KING SIZE CONES 3 PK - BLACK","units":706,"revenue":3172.0001220703125,"cost":1014.8749542236328,"profit":2157.1249389648438,"stores":3,"transactions":494,"margin":68.0},{"product":"$4 RAW ORGANIC KING SIZE CONES 3 PK","units":506,"revenue":2246.0000610351562,"cost":726.9249725341797,"profit":1519.0750122070312,"stores":2,"transactions":416,"margin":67.5999984741211},{"product":"$3.50 RAW KING SIZE SLIM CONES 3 PK","units":534,"revenue":2118.8999938964844,"cost":576.1249923706055,"profit":1542.7749633789062,"stores":3,"transactions":362,"margin":72.80000305175781},{"product":"ORGANIC RAW CONES","units":402,"revenue":1762.5,"cost":596.9250106811523,"profit":1165.5750274658203,"stores":1,"transactions":354,"margin":66.0999984741211},{"product":"RAW KING SIZED SLIM ORGANIC HEMP PAPER - RAW","units":458,"revenue":1642.6750183105469,"cost":376.50001525878906,"profit":1266.1750030517578,"stores":3,"transactions":408,"margin":77.0999984741211},{"product":"BLACK RAW KING SIZE SLIM PAPERS","units":372,"revenue":1296.0000610351562,"cost":302.24998474121094,"profit":993.75,"stores":2,"transactions":338,"margin":76.69999694824219},{"product":"SINGLE SIZE RAW CONES CLASSIC - 20PK","units":66,"revenue":774.4999694824219,"cost":275.625,"profit":498.87500762939453,"stores":1,"transactions":60,"margin":64.4000015258789},{"product":"Raw 1 1/4 Size cones 6pk","units":186,"revenue":770.4250335693359,"cost":290.625,"profit":479.7999954223633,"stores":1,"transactions":148,"margin":62.29999923706055},{"product":"Raw 1 1/4 6pk","units":172,"revenue":731.5000152587891,"cost":268.75,"profit":462.75001525878906,"stores":1,"transactions":130,"margin":63.29999923706055},{"product":"HEMP PLASTIC ROLLING MACHINE - RAW","units":120,"revenue":681.25,"cost":225.0,"profit":456.25,"stores":1,"transactions":120,"margin":67.0},{"product":"$2.50 1 1/2 RAW PAPERS","units":202,"revenue":581.5499877929688,"cost":11854.07470703125,"profit":-11272.5244140625,"stores":4,"transactions":184,"margin":-1938.4000244140625},{"product":"RAW PAPER TIPS","units":242,"revenue":569.0999984741211,"cost":244.57500457763672,"profit":324.5249938964844,"stores":2,"transactions":212,"margin":57.0},{"product":"$3.50 1 1/4 PAPERS & TIPS - RAW","units":118,"revenue":479.47498321533203,"cost":88.50000381469727,"profit":390.9749984741211,"stores":2,"transactions":114,"margin":81.5},{"product":"Raw King Cones 3pk","units":120,"revenue":468.125,"cost":188.89999389648438,"profit":279.2250061035156,"stores":2,"transactions":90,"margin":59.599998474121094}],"bottom":[{"product":"Raw classic 1.1/2 papers","units":60,"revenue":183.125,"cost":56.25,"profit":126.875,"stores":1,"transactions":58,"margin":69.30000305175781},{"product":"12\" PARTY JOINT CONE - RAW","units":10,"revenue":149.49999809265137,"cost":62.5,"profit":86.99999809265137,"stores":1,"transactions":10,"margin":58.20000076293945},{"product":"PRE ROLLED TIPS 100PK - RAW","units":12,"revenue":137.5,"cost":64.94999885559082,"profit":72.55000114440918,"stores":1,"transactions":12,"margin":52.79999923706055},{"product":"GARDEN PLANTABLE TIPS","units":12,"revenue":130.0,"cost":49.80000019073486,"profit":80.19999504089355,"stores":1,"transactions":12,"margin":61.70000076293945},{"product":"RAW ROLLING TRAY KEYCHAIN","units":12,"revenue":96.25,"cost":45.0,"profit":51.25,"stores":1,"transactions":12,"margin":53.20000076293945},{"product":"RAW CHALLENGE CONE 24\"","units":4,"revenue":75.0,"cost":89.94999885559082,"profit":-14.950000047683716,"stores":1,"transactions":4,"margin":-19.899999618530273},{"product":"ROLLING MACHINE - RAW","units":12,"revenue":63.75,"cost":7.5,"profit":56.25,"stores":1,"transactions":12,"margin":88.19999694824219},{"product":"PRE-ROLLED TIPS","units":18,"revenue":22.125000953674316,"cost":9.000000357627869,"profit":13.125,"stores":1,"transactions":6,"margin":59.29999923706055},{"product":"SOFT TIPS","units":4,"revenue":20.999999046325684,"cost":13.500000238418579,"profit":7.5,"stores":1,"transactions":4,"margin":35.70000076293945},{"product":"RAW PAPER TIPS - RAW","units":16,"revenue":20.0,"cost":6.800000071525574,"profit":13.200000524520874,"stores":1,"transactions":6,"margin":66.0}],"expansion":[{"product":"CLASSIC RAW CONES","current_stores":3,"total_stores":7,"missing_stores":["Elevation Mesa","Elevation Downtown","Elevation Midtown","Elevation Parkway"],"revenue":6546.2249755859375},{"product":"$4 RAW ORGANIC CONES 6 PK","current_stores":4,"total_stores":7,"missing_stores":["Elevation Downtown","Elevation Boulevard","Elevation Parkway"],"revenue":4806.099853515625},{"product":"RAW ORGANIC CONES","current_stores":2,"total_stores":7,"missing_stores":["Elevation Springs","Elevation Mesa","Elevation Oasis","Elevation Downtown","Elevation Parkway"],"revenue":3881.3751220703125},{"product":"BLACK RAW CONES 6 PK","current_stores":3,"total_stores":7,"missing_stores":["Elevation Oasis","Elevation Downtown","Elevation Midtown","Elevation Boulevard"],"revenue":3747.6251220703125},{"product":"1/4 RAW CONES 6 PK - BLACK","current_stores":4,"total_stores":7,"missing_stores":["Elevation Oasis","Elevation Downtown","Elevation Boulevard"],"revenue":3608.5000610351562},{"product":"$4 RAW CLASSIC CONES 6 PACK","current_stores":2,"total_stores":7,"missing_stores":["Elevation Mesa","Elevation Downtown","Elevation Midtown","Elevation Boulevard","Elevation Parkway"],"revenue":3182.0001220703125},{"product":"$4 RAW KING SIZE CONES 3 PK - BLACK","current_stores":3,"total_stores":7,"missing_stores":["Elevation Mesa","Elevation Oasis","Elevation Midtown","Elevation Boulevard"],"revenue":3172.0001220703125},{"product":"$4 RAW ORGANIC KING SIZE CONES 3 PK","current_stores":2,"total_stores":7,"missing_stores":["Elevation Oasis","Elevation Downtown","Elevation Midtown","Elevation Boulevard","Elevation Parkway"],"revenue":2246.0000610351562},{"product":"$3.50 RAW KING SIZE SLIM CONES 3 PK","current_stores":3,"total_stores":7,"missing_stores":["Elevation Mesa","Elevation Downtown","Elevation Boulevard","Elevation Parkway"],"revenue":2118.8999938964844},{"product":"RAW KING SIZED SLIM ORGANIC HEMP PAPER - RAW","current_stores":3,"total_stores":7,"missing_stores":["Elevation Springs","Elevation Downtown","Elevation Boulevard","Elevation Parkway"],"revenue":1642.6750183105469}]},"pricing_consistency":[{"product":"RAW KING SIZED SLIM ORGANICS","min_price":6.0267857142857135,"max_price":8.338235406314626,"avg_price":7.18251056030017,"std_dev":0.6537767006420804,"store_count":4,"price_range":2.311449692028912,"range_pct":32.2},{"product":"RAW KING SIZED SLIM ORGANIC HEMP PAPER - RAW","min_price":5.937301393539186,"max_price":8.034091140284684,"avg_price":6.697572021078545,"std_dev":0.4644443654304252,"store_count":6,"price_range":2.096789746745497,"range_pct":31.3},{"product":"$8 RAW ROLLER","min_price":16.299999237060547,"max_price":20.0,"avg_price":18.149999618530273,"std_dev":1.0465182519479548,"store_count":4,"price_range":3.7000007629394527,"range_pct":20.4},{"product":"RAW PAPER TIPS","min_price":4.085897298959585,"max_price":4.996951033429402,"avg_price":4.541424166194493,"std_dev":0.257684909467574,"store_count":4,"price_range":0.9110537344698161,"range_pct":20.1},{"product":"Raw King Cones 3pk","min_price":7.03125,"max_price":8.4765625,"avg_price":7.75390625,"std_dev":0.4087961078734728,"store_count":4,"price_range":1.4453125,"range_pct":18.6},{"product":"CLASSIC RAW CONES","min_price":7.874999841054281,"max_price":9.534653012115177,"avg_price":8.955892749271078,"std_dev":0.37474579271070874,"store_count":6,"price_range":1.6596531710608953,"range_pct":18.5},{"product":"$4 RAW CLASSIC CONES 6 PACK","min_price":7.326529885635895,"max_price":8.770833333333334,"avg_price":8.048681609484614,"std_dev":0.4085107047831873,"store_count":4,"price_range":1.4443034476974381,"range_pct":17.9},{"product":"$4.50 RAW BLACK KING SIZE + TIPS","min_price":9.201087122378143,"max_price":10.846428189958846,"avg_price":10.023757656168492,"std_dev":0.4653727305004113,"store_count":4,"price_range":1.6453410675807034,"range_pct":16.4},{"product":"BLACK RAW KING SIZE SLIM PAPERS","min_price":6.211956687595533,"max_price":7.216070992606026,"avg_price":6.71401384010078,"std_dev":0.28400641366373475,"store_count":4,"price_range":1.0041143050104928,"range_pct":15.0},{"product":"$2.50 1 1/2 RAW PAPERS","min_price":5.3515625,"max_price":6.25,"avg_price":5.975182334582011,"std_dev":0.1681158536319452,"store_count":8,"price_range":0.8984375,"range_pct":15.0},{"product":"$4 RAW ORGANIC CONES 6 PK","min_price":8.158370488369627,"max_price":9.387096281974546,"avg_price":8.73769144690157,"std_dev":0.20202001893639743,"store_count":8,"price_range":1.22872579360492,"range_pct":14.1},{"product":"1/4 RAW CONES 6 PK - BLACK","min_price":8.432583755321716,"max_price":9.49999988079071,"avg_price":8.9326053253396,"std_dev":0.19240408858464128,"store_count":8,"price_range":1.067416125468994,"range_pct":11.9},{"product":"BLACK RAW CONES 6 PK","min_price":8.553685897435898,"max_price":9.500000635782879,"avg_price":9.129371851562006,"std_dev":0.20215409100993717,"store_count":6,"price_range":0.9463147383469805,"range_pct":10.4},{"product":"RAW ORGANIC CONES","min_price":8.121093511581421,"max_price":8.74758365649532,"avg_price":8.43433858403837,"std_dev":0.17719817192606457,"store_count":4,"price_range":0.6264901449138993,"range_pct":7.4},{"product":"$3.50 1 1/4 PAPERS & TIPS - RAW","min_price":7.854544899680398,"max_price":8.288513905293232,"avg_price":8.071529402486814,"std_dev":0.12274497067744736,"store_count":4,"price_range":0.43396900561283425,"range_pct":5.4},{"product":"BLACK RAW CONES KING SIZE 3PK","min_price":6.7500001192092896,"max_price":7.1015626192092896,"avg_price":6.9257813692092896,"std_dev":0.09943689110435824,"store_count":4,"price_range":0.3515625,"range_pct":5.1},{"product":"$4 RAW ORGANIC KING SIZE CONES 3 PK","min_price":8.873999633789062,"max_price":9.166666666666666,"avg_price":9.020333150227863,"std_dev":0.0827787374310001,"store_count":4,"price_range":0.29266703287760376,"range_pct":3.2},{"product":"$4 RAW KING SIZE CONES 3 PK - BLACK","min_price":8.846153846153847,"max_price":9.030302799109256,"avg_price":8.96095563389112,"std_dev":0.0400545652826968,"store_count":6,"price_range":0.18414895295541078,"range_pct":2.1},{"product":"ORGANIC HEMP KING SIZE PAPERS - RAW X LYRICAL LEMONADE","min_price":7.583333121405707,"max_price":7.722092561943587,"avg_price":7.6527128416746475,"std_dev":0.03924709654319428,"store_count":4,"price_range":0.13875944053787892,"range_pct":1.8},{"product":"$3.50 RAW KING SIZE SLIM CONES 3 PK","min_price":7.917622425517098,"max_price":7.9413929923636015,"avg_price":7.933464944486186,"std_dev":0.005488010226618861,"store_count":6,"price_range":0.023770566846503804,"range_pct":0.3}],"promotional_effectiveness":{"lift":{"fp_units_per_day":11.14,"disc_units_per_day":9.18,"lift_pct":-17.5,"fp_avg_revenue_per_unit":9.575,"disc_avg_revenue_per_unit":7.45},"by_deal":[{"deal_name":"Industry - 30% Off","uses":377,"revenue":3388.3749529719353,"discounts":1452.2500278055668,"units":970.0,"cost":1661.6749921441078,"margin":51.0,"discount_depth":60.0},{"deal_name":"Industry 30% Off","uses":295,"revenue":2579.6249610185623,"discounts":1114.7500148415565,"units":701.0,"cost":1294.7875015437603,"margin":49.8,"discount_depth":60.4},{"deal_name":"Jackpot - Locals 30% Off","uses":162,"revenue":2370.8749812841415,"discounts":1024.1250079870224,"units":666.0,"cost":1174.7499960660934,"margin":50.5,"discount_depth":60.4},{"deal_name":"Veterans - 10% Off","uses":138,"revenue":1634.7999894618988,"discounts":191.45000100135803,"units":360.0,"cost":1013.0000011622906,"margin":38.0,"discount_depth":21.0},{"deal_name":"Senior - 10% Off","uses":95,"revenue":1045.7999965548515,"discounts":119.20000046491623,"units":246.0,"cost":2281.724999770522,"margin":-118.2,"discount_depth":20.4},{"deal_name":"Senior / Veterans - 20% Off","uses":45,"revenue":462.50000447034836,"discounts":115.62500111758709,"units":114.0,"cost":165.6500007212162,"margin":64.2,"discount_depth":40.0},{"deal_name":"Neighborhood / ShareDowntown - 15%","uses":27,"revenue":450.500009059906,"discounts":79.5000022649765,"units":106.0,"cost":152.3749977350235,"margin":66.2,"discount_depth":30.0},{"deal_name":"Employee 30% - NOT FRIDAYS","uses":23,"revenue":338.92499059438705,"discounts":166.69999971985817,"units":80.0,"cost":148.99999797344208,"margin":56.0,"discount_depth":66.0},{"deal_name":"LVAC - 25% Off","uses":20,"revenue":163.07499885559082,"discounts":54.424999952316284,"units":44.0,"cost":62.925000339746475,"margin":61.4,"discount_depth":50.0},{"deal_name":"Employee - 40% OFF","uses":9,"revenue":107.24999904632568,"discounts":71.50000095367432,"units":18.0,"cost":48.85000005364418,"margin":54.5,"discount_depth":80.0},{"deal_name":"Medical - 10%","uses":6,"revenue":86.62499964237213,"discounts":9.625000208616257,"units":14.0,"cost":25.050000250339508,"margin":71.1,"discount_depth":20.0},{"deal_name":"Main St Happy Hour - 25% Off","uses":4,"revenue":37.5,"discounts":12.5,"units":10.0,"cost":14.374999701976776,"margin":61.7,"discount_depth":50.0},{"deal_name":"Store Credit - $15","uses":2,"revenue":8.300000131130219,"discounts":15.45000046491623,"units":3.0,"cost":6.112499982118607,"margin":26.4,"discount_depth":130.2},{"deal_name":"Reno - Early Bird - Senior / Veterans - 20%","uses":1,"revenue":6.000000238418579,"discounts":1.5000000596046448,"units":2.0,"cost":1.875,"margin":68.8,"discount_depth":40.0},{"deal_name":"Sammy Davis Early Bird - 15% Off","uses":1,"revenue":8.500000238418579,"discounts":1.5000000596046448,"units":2.0,"cost":2.3499999940395355,"margin":72.4,"discount_depth":30.0}]},"growth_opportunities":[{"type":"sku_expansion","title":"Add '$2.50 1 1/2 RAW PAPERS' to 3 more store(s)","detail":"Carried in 4 stores. Missing from: Elevation Springs, Elevation Downtown, Elevation Boulevard","priority":"medium"},{"type":"sku_expansion","title":"Add '$3.50 1 1/4 PAPERS & TIPS - RAW' to 5 more store(s)","detail":"Carried in 2 stores. Missing from: Elevation Mesa, Elevation Downtown, Elevation Midtown, Elevation Boulevard, Elevation Parkway","priority":"medium"},{"type":"sku_expansion","title":"Add '$3.50 RAW KING SIZE SLIM CONES 3 PK' to 4 more store(s)","detail":"Carried in 3 stores. Missing from: Elevation Mesa, Elevation Downtown, Elevation Boulevard, Elevation Parkway","priority":"medium"},{"type":"sku_expansion","title":"Add '$4 RAW CLASSIC CONES 6 PACK' to 5 more store(s)","detail":"Carried in 2 stores. Missing from: Elevation Mesa, Elevation Downtown, Elevation Midtown, Elevation Boulevard, Elevation Parkway","priority":"medium"},{"type":"sku_expansion","title":"Add '$4 RAW KING SIZE CONES 3 PK - BLACK' to 4 more store(s)","detail":"Carried in 3 stores. Missing from: Elevation Mesa, Elevation Oasis, Elevation Midtown, Elevation Boulevard","priority":"medium"},{"type":"velocity","title":"Improve velocity in ACCESSORY","detail":"Velocity index 69 (below category average). 7.1 units/day vs 10.3 avg.","priority":"medium"},{"type":"velocity","title":"Improve velocity in nan","detail":"Velocity index 0 (below category average). 0.0 units/day vs 0.0 avg.","priority":"medium"}],"trend":[{"period":"2024-01","revenue":320.67501068115234,"cost":17.225000858306885,"margin":94.6,"units":80,"transactions":56,"profit":303.45001220703125,"revenue_change_pct":null,"units_change_pct":null,"margin_change_pts":null},{"period":"2024-02","revenue":222.25000381469727,"cost":39.025001525878906,"margin":82.4,"units":54,"transactions":54,"profit":183.22500228881836,"revenue_change_pct":-30.7,"units_change_pct":-32.5,"margin_change_pts":-12.2},{"period":"2024-03","revenue":18.125,"cost":5.324999690055847,"margin":70.6,"units":6,"transactions":6,"profit":12.799999713897705,"revenue_change_pct":-91.8,"units_change_pct":-88.9,"margin_change_pts":-11.8},{"period":"2024-04","revenue":109.04999732971191,"cost":31.94999933242798,"margin":70.7,"units":36,"transactions":36,"profit":77.10000038146973,"revenue_change_pct":501.7,"units_change_pct":500.0,"margin_change_pts":0.1},{"period":"2024-05","revenue":153.75,"cost":44.375,"margin":71.1,"units":50,"transactions":48,"profit":109.375,"revenue_change_pct":41.0,"units_change_pct":38.9,"margin_change_pts":0.4},{"period":"2024-06","revenue":26.25,"cost":9.275000095367432,"margin":64.7,"units":4,"transactions":4,"profit":16.97499990463257,"revenue_change_pct":-82.9,"units_change_pct":-92.0,"margin_change_pts":-6.5},{"period":"2024-07","revenue":126.25,"cost":44.375,"margin":64.9,"units":26,"transactions":20,"profit":81.875,"revenue_change_pct":381.0,"units_change_pct":550.0,"margin_change_pts":0.2},{"period":"2024-08","revenue":747.9250335693359,"cost":257.0750045776367,"margin":65.6,"units":154,"transactions":128,"profit":490.84999084472656,"revenue_change_pct":492.4,"units_change_pct":492.3,"margin_change_pts":0.8},{"period":"2024-09","revenue":977.6000213623047,"cost":346.12499237060547,"margin":64.6,"units":236,"transactions":190,"profit":631.4749908447266,"revenue_change_pct":30.7,"units_change_pct":53.2,"margin_change_pts":-1.0},{"period":"2024-10","revenue":597.2499847412109,"cost":211.20000839233398,"margin":64.6,"units":138,"transactions":110,"profit":386.0499954223633,"revenue_change_pct":-38.9,"units_change_pct":-41.5,"margin_change_pts":0.0},{"period":"2024-11","revenue":1409.6249389648438,"cost":439.3000030517578,"margin":68.8,"units":308,"transactions":250,"profit":970.3250122070312,"revenue_change_pct":136.0,"units_change_pct":123.2,"margin_change_pts":4.2},{"period":"2024-12","revenue":2718.2998657226562,"cost":856.8499755859375,"margin":68.5,"units":632,"transactions":474,"profit":1861.4500427246094,"revenue_change_pct":92.8,"units_change_pct":105.2,"margin_change_pts":-0.4},{"period":"2025-01","revenue":2978.2748413085938,"cost":1020.8999633789062,"margin":65.7,"units":682,"transactions":522,"profit":1957.3750305175781,"revenue_change_pct":9.6,"units_change_pct":7.9,"margin_change_pts":-2.8},{"period":"2025-02","revenue":2686.0250854492188,"cost":893.0750274658203,"margin":66.8,"units":648,"transactions":500,"profit":1792.9499816894531,"revenue_change_pct":-9.8,"units_change_pct":-5.0,"margin_change_pts":1.0},{"period":"2025-03","revenue":3037.60009765625,"cost":2224.449920654297,"margin":26.8,"units":718,"transactions":572,"profit":813.1499481201172,"revenue_change_pct":13.1,"units_change_pct":10.8,"margin_change_pts":-40.0},{"period":"2025-04","revenue":3803.5250854492188,"cost":5913.75,"margin":-55.5,"units":906,"transactions":696,"profit":-2110.225067138672,"revenue_change_pct":25.2,"units_change_pct":26.2,"margin_change_pts":-82.3},{"period":"2025-05","revenue":3637.550048828125,"cost":6958.0499267578125,"margin":-91.3,"units":866,"transactions":648,"profit":-3320.4998779296875,"revenue_change_pct":-4.4,"units_change_pct":-4.4,"margin_change_pts":-35.8},{"period":"2025-06","revenue":3746.0250854492188,"cost":1212.1749877929688,"margin":67.6,"units":806,"transactions":650,"profit":2533.8499450683594,"revenue_change_pct":3.0,"units_change_pct":-6.9,"margin_change_pts":158.9},{"period":"2025-07","revenue":3304.8501586914062,"cost":1120.8499908447266,"margin":66.1,"units":724,"transactions":578,"profit":2183.9999389648438,"revenue_change_pct":-11.8,"units_change_pct":-10.2,"margin_change_pts":-1.6},{"period":"2025-08","revenue":2975.7748413085938,"cost":954.7000122070312,"margin":67.9,"units":626,"transactions":470,"profit":2021.0749816894531,"revenue_change_pct":-10.0,"units_change_pct":-13.5,"margin_change_pts":1.8},{"period":"2025-09","revenue":3174.47509765625,"cost":1087.5499725341797,"margin":65.7,"units":726,"transactions":540,"profit":2086.925048828125,"revenue_change_pct":6.7,"units_change_pct":16.0,"margin_change_pts":-2.2},{"period":"2025-10","revenue":2860.1998901367188,"cost":891.1250305175781,"margin":68.8,"units":640,"transactions":528,"profit":1969.0750122070312,"revenue_change_pct":-9.9,"units_change_pct":-11.8,"margin_change_pts":3.1},{"period":"2025-11","revenue":2863.3248901367188,"cost":925.2249908447266,"margin":67.7,"units":672,"transactions":534,"profit":1938.0999755859375,"revenue_change_pct":0.1,"units_change_pct":5.0,"margin_change_pts":-1.2},{"period":"2025-12","revenue":2230.9500122070312,"cost":730.0,"margin":67.3,"units":534,"transactions":406,"profit":1500.9500122070312,"revenue_change_pct":-22.1,"units_change_pct":-20.5,"margin_change_pts":-0.4},{"period":"2026-01","revenue":2628.5501098632812,"cost":902.9750061035156,"margin":65.6,"units":626,"transactions":466,"profit":1725.574951171875,"revenue_change_pct":17.8,"units_change_pct":17.2,"margin_change_pts":-1.6}]}