{"brand":"PRESIDENTIAL","date_range":"2024-01-01 00:00:00 to 2026-01-31 00:00:00","period_label":"All Time","summary":{"total_units":160550,"total_revenue":5080088.75,"total_cost":2645745.625,"total_discounts":1261214.0625,"total_profit":2434342.5,"overall_margin":47.900001525878906,"fp_margin":57.900001525878906,"disc_margin":38.900001525878906,"pct_full_price":47.400001525878906,"avg_discount_rate":19.899999618530273,"fp_revenue":2409600.0,"disc_revenue":2670488.4375,"brand":"PRESIDENTIAL","date_range":"2024-01-01 00:00:00 to 2026-01-31 00:00:00","primary_category":"INFUSED PRE ROLL","store_coverage":"7/7","stores_present":["Elevation Springs","Elevation Mesa","Elevation Oasis","Elevation Downtown","Elevation Midtown","Elevation Boulevard","Elevation Parkway"],"stores_missing":[],"velocity_rank":2,"velocity_total":25},"distribution":[{"store":"Elevation Springs","carries_brand":true,"sku_count":90,"revenue":1543072.8125,"units":49618,"store_total_revenue":51138750.0,"brand_share_pct":3.0},{"store":"Elevation Mesa","carries_brand":true,"sku_count":88,"revenue":917803.28125,"units":29396,"store_total_revenue":47532240.0,"brand_share_pct":1.899999976158142},{"store":"Elevation Oasis","carries_brand":true,"sku_count":86,"revenue":482837.890625,"units":14412,"store_total_revenue":56050145.0,"brand_share_pct":0.8999999761581421},{"store":"Elevation Downtown","carries_brand":true,"sku_count":58,"revenue":73185.400390625,"units":2694,"store_total_revenue":1945237.1875,"brand_share_pct":3.799999952316284},{"store":"Elevation Midtown","carries_brand":true,"sku_count":88,"revenue":508443.828125,"units":15440,"store_total_revenue":30850185.0,"brand_share_pct":1.600000023841858},{"store":"Elevation Boulevard","carries_brand":true,"sku_count":86,"revenue":645731.2109375,"units":21464,"store_total_revenue":28757865.0,"brand_share_pct":2.200000047683716},{"store":"Elevation Parkway","carries_brand":true,"sku_count":92,"revenue":909014.140625,"units":27526,"store_total_revenue":21987007.5,"brand_share_pct":4.099999904632568}],"share_of_category":[{"category":"INFUSED PRE ROLL","brand_revenue":3510765.625,"category_revenue":10308101.25,"revenue_share_pct":34.099998474121094,"brand_units":121020,"category_units":488074,"units_share_pct":24.8},{"category":"INFUSED PACK","brand_revenue":1343365.0,"category_revenue":8259010.0,"revenue_share_pct":16.299999237060547,"brand_units":33420,"category_units":240090,"units_share_pct":13.9},{"category":"INFUSED FLOWER","brand_revenue":224808.984375,"category_revenue":515348.203125,"revenue_share_pct":43.599998474121094,"brand_units":6080,"category_units":15824,"units_share_pct":38.4},{"category":"CONCENTRATE","brand_revenue":1149.000015258789,"category_revenue":7866357.5,"revenue_share_pct":0.0,"brand_units":30,"category_units":316632,"units_share_pct":0.0}],"share_of_category_trend":{"INFUSED PRE ROLL":[{"period":"2024-01","brand_revenue":151560.380859375,"category_revenue":410907.8515625,"share_pct":36.900001525878906},{"period":"2024-02","brand_revenue":180944.08203125,"category_revenue":458711.484375,"share_pct":39.400001525878906},{"period":"2024-03","brand_revenue":176249.7265625,"category_revenue":427464.375,"share_pct":41.20000076293945},{"period":"2024-04","brand_revenue":149630.60546875,"category_revenue":428699.9609375,"share_pct":34.900001525878906},{"period":"2024-05","brand_revenue":184017.34375,"category_revenue":501098.3203125,"share_pct":36.70000076293945},{"period":"2024-06","brand_revenue":177225.60546875,"category_revenue":477320.78125,"share_pct":37.099998474121094},{"period":"2024-07","brand_revenue":187981.77734375,"category_revenue":479382.109375,"share_pct":39.20000076293945},{"period":"2024-08","brand_revenue":200129.6484375,"category_revenue":474359.1015625,"share_pct":42.20000076293945},{"period":"2024-09","brand_revenue":142842.59765625,"category_revenue":424280.1171875,"share_pct":33.70000076293945},{"period":"2024-10","brand_revenue":188251.03515625,"category_revenue":470840.6640625,"share_pct":40.0},{"period":"2024-11","brand_revenue":156753.203125,"category_revenue":424285.1171875,"share_pct":36.900001525878906},{"period":"2024-12","brand_revenue":146397.177734375,"category_revenue":432093.1640625,"share_pct":33.900001525878906},{"period":"2025-01","brand_revenue":110815.576171875,"category_revenue":358002.890625,"share_pct":31.0},{"period":"2025-02","brand_revenue":110202.8515625,"category_revenue":325080.17578125,"share_pct":33.900001525878906},{"period":"2025-03","brand_revenue":121585.322265625,"category_revenue":347380.078125,"share_pct":35.0},{"period":"2025-04","brand_revenue":86921.62109375,"category_revenue":401341.40625,"share_pct":21.700000762939453},{"period":"2025-05","brand_revenue":95383.22265625,"category_revenue":378076.09375,"share_pct":25.200000762939453},{"period":"2025-06","brand_revenue":98618.828125,"category_revenue":354019.6484375,"share_pct":27.899999618530273},{"period":"2025-07","brand_revenue":122187.578125,"category_revenue":416008.203125,"share_pct":29.399999618530273},{"period":"2025-08","brand_revenue":126522.578125,"category_revenue":425283.28125,"share_pct":29.799999237060547},{"period":"2025-09","brand_revenue":99624.8046875,"category_revenue":378313.75,"share_pct":26.299999237060547},{"period":"2025-10","brand_revenue":115675.322265625,"category_revenue":389168.3203125,"share_pct":29.700000762939453},{"period":"2025-11","brand_revenue":122183.02734375,"category_revenue":390541.3671875,"share_pct":31.299999237060547},{"period":"2025-12","brand_revenue":129611.25,"category_revenue":392812.34375,"share_pct":33.0},{"period":"2026-01","brand_revenue":129450.37109375,"category_revenue":342630.7421875,"share_pct":37.79999923706055}],"INFUSED PACK":[{"period":"2024-01","brand_revenue":48787.7734375,"category_revenue":204601.875,"share_pct":23.799999237060547},{"period":"2024-02","brand_revenue":51278.125,"category_revenue":221156.7578125,"share_pct":23.200000762939453},{"period":"2024-03","brand_revenue":79233.349609375,"category_revenue":257436.93359375,"share_pct":30.799999237060547},{"period":"2024-04","brand_revenue":61449.951171875,"category_revenue":301537.3046875,"share_pct":20.399999618530273},{"period":"2024-05","brand_revenue":59865.4736328125,"category_revenue":301873.0078125,"share_pct":19.799999237060547},{"period":"2024-06","brand_revenue":40822.7490234375,"category_revenue":300488.6328125,"share_pct":13.600000381469727},{"period":"2024-07","brand_revenue":55730.0,"category_revenue":303570.80078125,"share_pct":18.399999618530273},{"period":"2024-08","brand_revenue":30997.62451171875,"category_revenue":283995.625,"share_pct":10.899999618530273},{"period":"2024-09","brand_revenue":66057.7490234375,"category_revenue":331664.1796875,"share_pct":19.899999618530273},{"period":"2024-10","brand_revenue":65887.5,"category_revenue":311486.1328125,"share_pct":21.200000762939453},{"period":"2024-11","brand_revenue":47786.826171875,"category_revenue":306613.92578125,"share_pct":15.600000381469727},{"period":"2024-12","brand_revenue":33457.2509765625,"category_revenue":298008.41796875,"share_pct":11.199999809265137},{"period":"2025-01","brand_revenue":39609.6240234375,"category_revenue":269244.765625,"share_pct":14.699999809265137},{"period":"2025-02","brand_revenue":49718.3740234375,"category_revenue":309579.8046875,"share_pct":16.100000381469727},{"period":"2025-03","brand_revenue":38911.923828125,"category_revenue":312908.80859375,"share_pct":12.399999618530273},{"period":"2025-04","brand_revenue":51810.9521484375,"category_revenue":389974.3359375,"share_pct":13.300000190734863},{"period":"2025-05","brand_revenue":49919.19921875,"category_revenue":404824.9609375,"share_pct":12.300000190734863},{"period":"2025-06","brand_revenue":47382.59765625,"category_revenue":383193.4765625,"share_pct":12.399999618530273},{"period":"2025-07","brand_revenue":69502.7490234375,"category_revenue":437456.640625,"share_pct":15.899999618530273},{"period":"2025-08","brand_revenue":60695.7763671875,"category_revenue":391817.578125,"share_pct":15.5},{"period":"2025-09","brand_revenue":55129.5751953125,"category_revenue":367221.40625,"share_pct":15.0},{"period":"2025-10","brand_revenue":55267.9736328125,"category_revenue":423332.109375,"share_pct":13.100000381469727},{"period":"2025-11","brand_revenue":62295.2490234375,"category_revenue":395184.53125,"share_pct":15.800000190734863},{"period":"2025-12","brand_revenue":64630.498046875,"category_revenue":387500.234375,"share_pct":16.700000762939453},{"period":"2026-01","brand_revenue":57136.0986328125,"category_revenue":364337.6171875,"share_pct":15.699999809265137}],"INFUSED FLOWER":[{"period":"2024-01","brand_revenue":5984.000244140625,"category_revenue":6570.250244140625,"share_pct":91.0999984741211},{"period":"2024-02","brand_revenue":15223.75,"category_revenue":18343.62548828125,"share_pct":83.0},{"period":"2024-03","brand_revenue":17433.92578125,"category_revenue":31018.3251953125,"share_pct":56.20000076293945},{"period":"2024-04","brand_revenue":18174.324951171875,"category_revenue":31596.826171875,"share_pct":57.5},{"period":"2024-05","brand_revenue":10906.700439453125,"category_revenue":21558.80126953125,"share_pct":50.599998474121094},{"period":"2024-06","brand_revenue":13264.87548828125,"category_revenue":24545.30029296875,"share_pct":54.0},{"period":"2024-07","brand_revenue":12468.499755859375,"category_revenue":16913.00048828125,"share_pct":73.69999694824219},{"period":"2024-08","brand_revenue":10140.750122070312,"category_revenue":16608.499755859375,"share_pct":61.099998474121094},{"period":"2024-09","brand_revenue":13436.500244140625,"category_revenue":19893.62548828125,"share_pct":67.5},{"period":"2024-10","brand_revenue":14493.675537109375,"category_revenue":17213.175048828125,"share_pct":84.19999694824219},{"period":"2024-11","brand_revenue":15170.625,"category_revenue":15249.375,"share_pct":99.5},{"period":"2024-12","brand_revenue":9560.999755859375,"category_revenue":9560.999755859375,"share_pct":100.0},{"period":"2025-01","brand_revenue":10154.500122070312,"category_revenue":10154.500122070312,"share_pct":100.0},{"period":"2025-02","brand_revenue":14429.625244140625,"category_revenue":14429.625244140625,"share_pct":100.0},{"period":"2025-03","brand_revenue":16804.69970703125,"category_revenue":16804.69970703125,"share_pct":100.0},{"period":"2025-04","brand_revenue":13041.95068359375,"category_revenue":27190.70068359375,"share_pct":48.0},{"period":"2025-05","brand_revenue":8560.574951171875,"category_revenue":24856.12548828125,"share_pct":34.400001525878906},{"period":"2025-06","brand_revenue":5225.999755859375,"category_revenue":28754.82421875,"share_pct":18.200000762939453},{"period":"2025-07","brand_revenue":332.99999237060547,"category_revenue":26952.2998046875,"share_pct":1.2000000476837158},{"period":"2025-08","brand_revenue":0.0,"category_revenue":33438.67431640625,"share_pct":0.0},{"period":"2025-09","brand_revenue":0.0,"category_revenue":38734.65087890625,"share_pct":0.0},{"period":"2025-10","brand_revenue":0.0,"category_revenue":22947.39990234375,"share_pct":0.0},{"period":"2025-11","brand_revenue":0.0,"category_revenue":15945.4248046875,"share_pct":0.0},{"period":"2025-12","brand_revenue":0.0,"category_revenue":9305.8251953125,"share_pct":0.0},{"period":"2026-01","brand_revenue":0.0,"category_revenue":16761.624755859375,"share_pct":0.0}],"CONCENTRATE":[{"period":"2024-01","brand_revenue":0.0,"category_revenue":351129.609375,"share_pct":0.0},{"period":"2024-02","brand_revenue":0.0,"category_revenue":371224.4921875,"share_pct":0.0},{"period":"2024-03","brand_revenue":95.0,"category_revenue":375964.296875,"share_pct":0.0},{"period":"2024-04","brand_revenue":0.0,"category_revenue":352745.859375,"share_pct":0.0},{"period":"2024-05","brand_revenue":0.0,"category_revenue":346027.5,"share_pct":0.0},{"period":"2024-06","brand_revenue":0.0,"category_revenue":310723.3984375,"share_pct":0.0},{"period":"2024-07","brand_revenue":0.0,"category_revenue":336220.078125,"share_pct":0.0},{"period":"2024-08","brand_revenue":0.0,"category_revenue":324004.04296875,"share_pct":0.0},{"period":"2024-09","brand_revenue":0.0,"category_revenue":326834.1796875,"share_pct":0.0},{"period":"2024-10","brand_revenue":0.0,"category_revenue":324500.859375,"share_pct":0.0},{"period":"2024-11","brand_revenue":0.0,"category_revenue":351240.0390625,"share_pct":0.0},{"period":"2024-12","brand_revenue":0.0,"category_revenue":324145.4296875,"share_pct":0.0},{"period":"2025-01","brand_revenue":0.0,"category_revenue":325749.19921875,"share_pct":0.0},{"period":"2025-02","brand_revenue":0.0,"category_revenue":300499.0234375,"share_pct":0.0},{"period":"2025-03","brand_revenue":0.0,"category_revenue":298171.5234375,"share_pct":0.0},{"period":"2025-04","brand_revenue":0.0,"category_revenue":343355.625,"share_pct":0.0},{"period":"2025-05","brand_revenue":0.0,"category_revenue":288836.62109375,"share_pct":0.0},{"period":"2025-06","brand_revenue":0.0,"category_revenue":280928.33984375,"share_pct":0.0},{"period":"2025-07","brand_revenue":0.0,"category_revenue":283604.1796875,"share_pct":0.0},{"period":"2025-08","brand_revenue":906.7500305175781,"category_revenue":274773.76953125,"share_pct":0.30000001192092896},{"period":"2025-09","brand_revenue":147.25000381469727,"category_revenue":264599.19921875,"share_pct":0.10000000149011612},{"period":"2025-10","brand_revenue":0.0,"category_revenue":277515.46875,"share_pct":0.0},{"period":"2025-11","brand_revenue":0.0,"category_revenue":295773.3203125,"share_pct":0.0},{"period":"2025-12","brand_revenue":0.0,"category_revenue":267042.05078125,"share_pct":0.0},{"period":"2026-01","brand_revenue":0.0,"category_revenue":270749.70703125,"share_pct":0.0}]},"velocity_by_category":[{"category":"INFUSED PRE ROLL","brand_units_per_day":158.82,"category_avg_units_per_day":25.62,"velocity_index":619.9,"brand_rev_per_unit":23.21,"category_rev_per_unit":16.9,"brands_in_category":25},{"category":"INFUSED FLOWER","brand_units_per_day":7.98,"category_avg_units_per_day":2.6,"velocity_index":307.4,"brand_rev_per_unit":29.58,"category_rev_per_unit":26.05,"brands_in_category":8},{"category":"INFUSED PACK","brand_units_per_day":43.86,"category_avg_units_per_day":26.26,"velocity_index":167.0,"brand_rev_per_unit":32.16,"category_rev_per_unit":27.52,"brands_in_category":12},{"category":"CONCENTRATE","brand_units_per_day":0.04,"category_avg_units_per_day":15.38,"velocity_index":0.3,"brand_rev_per_unit":30.64,"category_rev_per_unit":19.88,"brands_in_category":27}],"store_gaps":[{"store":"Elevation Mesa","category":"CONCENTRATE","category_revenue_at_store":1408659.375,"opportunity":"Category not carried at this store"},{"store":"Elevation Boulevard","category":"CONCENTRATE","category_revenue_at_store":996761.09375,"opportunity":"Category not carried at this store"},{"store":"Elevation Midtown","category":"CONCENTRATE","category_revenue_at_store":960109.0625,"opportunity":"Category not carried at this store"},{"store":"Elevation Downtown","category":"CONCENTRATE","category_revenue_at_store":53170.9033203125,"opportunity":"Category not carried at this store"}],"product_mix":{"top":[{"product":"SKYWALKER MOON ROCK BLUNT - PRESIDENTIAL","units":27822,"revenue":848653.046875,"cost":460621.0546875,"profit":388031.953125,"stores":7,"transactions":22412,"margin":45.70000076293945},{"product":"WAUI MOON ROCK BLUNT - PRESIDENTIAL","units":15544,"revenue":479194.609375,"cost":257946.6015625,"profit":221248.0078125,"stores":7,"transactions":12216,"margin":46.20000076293945},{"product":"SKYWALKER MOON ROCK MINI BLUNTS - PRESIDENTIAL","units":8118,"revenue":356267.578125,"cost":182106.97265625,"profit":174160.60546875,"stores":7,"transactions":7428,"margin":48.900001525878906},{"product":"PEACH MANGO MOON ROCK BLUNT - PRESIDENTIAL","units":10650,"revenue":331576.171875,"cost":177222.75390625,"profit":154353.427734375,"stores":7,"transactions":8992,"margin":46.599998474121094},{"product":"GARLIC COOKIES MOON ROCK BLUNT - PRESIDENTIAL","units":7936,"revenue":241390.37109375,"cost":132667.197265625,"profit":108723.173828125,"stores":7,"transactions":6488,"margin":45.0},{"product":"WATERMELON MOON ROCK BLUNT - PRESIDENTIAL","units":7236,"revenue":227108.14453125,"cost":121722.900390625,"profit":105385.25390625,"stores":7,"transactions":6070,"margin":46.400001525878906},{"product":"WATERMELON MOON ROCK MINI BLUNTS - PRESIDENTIAL","units":5012,"revenue":223161.25,"cost":113476.328125,"profit":109684.921875,"stores":7,"transactions":4712,"margin":49.20000076293945},{"product":"WAUI MOON ROCK MINI BLUNTS - PRESIDENTIAL","units":4706,"revenue":205868.92578125,"cost":103520.224609375,"profit":102348.701171875,"stores":7,"transactions":4304,"margin":49.70000076293945},{"product":"GHOST TRAIN HAZE MOON ROCK BLUNT - PRESIDENTIAL","units":6124,"revenue":186750.99609375,"cost":102032.099609375,"profit":84718.896484375,"stores":7,"transactions":4976,"margin":45.400001525878906},{"product":"CLASSIC MOON ROCK BLUNT - PRESIDENTIAL","units":5818,"revenue":177068.9453125,"cost":96004.345703125,"profit":81064.599609375,"stores":7,"transactions":4840,"margin":45.79999923706055},{"product":"GRAPE MOON ROCK MINI BLUNTS - PRESIDENTIAL","units":3114,"revenue":135641.171875,"cost":68881.5478515625,"profit":66759.6240234375,"stores":7,"transactions":2864,"margin":49.20000076293945},{"product":"PINEAPPLE MOON ROCK BLUNT - PRESIDENTIAL","units":4314,"revenue":131965.80078125,"cost":69880.3515625,"profit":62085.44921875,"stores":7,"transactions":3800,"margin":47.0},{"product":"STRAWBERRY MOON ROCK BLUNT - PRESIDENTIAL","units":3972,"revenue":124148.173828125,"cost":66009.3994140625,"profit":58138.7744140625,"stores":7,"transactions":3410,"margin":46.79999923706055},{"product":"BLUE RASPBERRY MOON ROCK BLUNT - PRESIDENTIAL","units":4248,"revenue":123411.6796875,"cost":67931.4013671875,"profit":55480.2734375,"stores":7,"transactions":3664,"margin":45.0},{"product":"GARLIC COOKIES MOON ROCK PRE ROLL - PRESIDENTIAL","units":5560,"revenue":111958.65234375,"cost":52145.0,"profit":59813.65234375,"stores":7,"transactions":4078,"margin":53.400001525878906},{"product":"GRAPE MOON ROCK BLUNT - PRESIDENTIAL","units":2876,"revenue":89935.205078125,"cost":46305.2978515625,"profit":43629.8974609375,"stores":7,"transactions":2560,"margin":48.5},{"product":"GHOST TRAIN HAZE MOON ROCK PRE ROLL - PRESIDENTIAL","units":3928,"revenue":77772.2021484375,"cost":34370.0,"profit":43402.2021484375,"stores":7,"transactions":3062,"margin":55.79999923706055},{"product":"STRAWBERRY MOON ROCK MINI BLUNTS - PRESIDENTIAL","units":1668,"revenue":71162.1728515625,"cost":37020.80078125,"profit":34141.37451171875,"stores":7,"transactions":1556,"margin":48.0},{"product":"PINK COOKIES MOON ROCK PRE ROLL - PRESIDENTIAL","units":3618,"revenue":69237.3486328125,"cost":31657.5,"profit":37579.85107421875,"stores":7,"transactions":2896,"margin":54.29999923706055},{"product":"CLASSIC MOON ROCK MINI PRE ROLL PACK - PRESIDENTIAL","units":1898,"revenue":58724.19921875,"cost":27521.55029296875,"profit":31202.64892578125,"stores":7,"transactions":1598,"margin":53.099998474121094}],"bottom":[{"product":"STRAWBERRY MOON ROCK MINI BLUNT - PRESIDENTIAL","units":152,"revenue":7277.5,"cost":3515.0,"profit":3762.5,"stores":1,"transactions":146,"margin":51.70000076293945},{"product":"WAUI MOON ROCK PRE ROLL - PRESIDENTIAL","units":266,"revenue":6550.0750732421875,"cost":3988.75,"profit":2561.3250732421875,"stores":2,"transactions":170,"margin":39.099998474121094},{"product":"XXX MOON ROCK BLUNT - PRESIDENTIAL","units":198,"revenue":6184.5001220703125,"cost":2866.0501098632812,"profit":3318.4500122070312,"stores":1,"transactions":192,"margin":53.70000076293945},{"product":"XJ 13 MOON ROCK BLUNT - PRESIDENTIAL","units":202,"revenue":6038.0499267578125,"cost":2923.9498901367188,"profit":3114.1000366210938,"stores":1,"transactions":184,"margin":51.599998474121094},{"product":"GRAPE MOON ROCK PRE ROLL - PRESIDENTIAL","units":264,"revenue":4808.949890136719,"cost":2310.0,"profit":2498.9500427246094,"stores":7,"transactions":196,"margin":52.0},{"product":"PEACH MANGO MOON ROCK MINI PRE ROLL PACK - PRESIDENTIAL","units":144,"revenue":4425.0,"cost":2084.4000244140625,"profit":2340.5999755859375,"stores":4,"transactions":140,"margin":52.900001525878906},{"product":"CLASSIC MINI MOON ROCK BLUNT - PRESIDENTIAL","units":72,"revenue":3215.0,"cost":0.8999999612569809,"profit":3214.1000366210938,"stores":1,"transactions":66,"margin":100.0},{"product":"CAP JUNKY MOON ROCK BLUNT - PRESIDENTIAL","units":92,"revenue":3173.75,"cost":1552.5,"profit":1621.25,"stores":1,"transactions":74,"margin":51.099998474121094},{"product":"SKYWALKER MOON ROCK PRE ROLL - PRESIDENTIAL","units":96,"revenue":1966.824951171875,"cost":1020.0,"profit":946.8250274658203,"stores":1,"transactions":62,"margin":48.099998474121094},{"product":"PEACH MANGO MOON ROCK MINI BLUNT - PRESIDENTIAL","units":32,"revenue":1380.0,"cost":158.99999618530273,"profit":1221.0000610351562,"stores":2,"transactions":32,"margin":88.5}],"expansion":[{"product":"CLASSIC MOON ROCK - PRESIDENTIAL","current_stores":6,"total_stores":7,"missing_stores":["Elevation Downtown"],"revenue":51313.9013671875},{"product":"SKYWALKER MOON ROCK - PRESIDENTIAL","current_stores":6,"total_stores":7,"missing_stores":["Elevation Downtown"],"revenue":47015.048828125},{"product":"GRAPE MOON ROCK MINI PRE ROLL PACK - PRESIDENTIAL","current_stores":6,"total_stores":7,"missing_stores":["Elevation Downtown"],"revenue":46297.6513671875},{"product":"WAUI MOON ROCK MINI PRE ROLL PACK - PRESIDENTIAL","current_stores":6,"total_stores":7,"missing_stores":["Elevation Downtown"],"revenue":45167.998046875},{"product":"CLASSIC MOON ROCK MINI BLUNTS - PRESIDENTIAL","current_stores":6,"total_stores":7,"missing_stores":["Elevation Downtown"],"revenue":45003.3984375},{"product":"WATERMELON MOON ROCK - PRESIDENTIAL","current_stores":6,"total_stores":7,"missing_stores":["Elevation Downtown"],"revenue":42288.8232421875},{"product":"STRAWBERRY MOON ROCK - PRESIDENTIAL","current_stores":6,"total_stores":7,"missing_stores":["Elevation Downtown"],"revenue":31553.44970703125},{"product":"WAUI MOON ROCK - PRESIDENTIAL","current_stores":5,"total_stores":7,"missing_stores":["Elevation Downtown","Elevation Parkway"],"revenue":30360.8740234375},{"product":"CHERRY GELATO MOON ROCK MINI BLUNTS - PRESIDENTIAL","current_stores":6,"total_stores":7,"missing_stores":["Elevation Downtown"],"revenue":27292.42431640625},{"product":"CHERRY GELATO MINI BLUNTS - PRESIDENTIAL","current_stores":6,"total_stores":7,"missing_stores":["Elevation Downtown"],"revenue":25317.15087890625}]},"pricing_consistency":[{"product":"GRAPE MOON ROCK PRE ROLL - PRESIDENTIAL","min_price":28.51710470099198,"max_price":42.99400024414062,"avg_price":36.03095176395397,"std_dev":2.300382497331908,"store_count":14,"price_range":14.476895543148643,"range_pct":40.2},{"product":"GRAPE MOON ROCK - PRESIDENTIAL","min_price":64.76219363328887,"max_price":90.0,"avg_price":73.80120923222154,"std_dev":3.6619185810787407,"store_count":12,"price_range":25.237806366711126,"range_pct":34.2},{"product":"SKYWALKER MOON ROCK - PRESIDENTIAL","min_price":59.42240397135417,"max_price":83.5864808505639,"avg_price":74.09955674700865,"std_dev":3.208007488878232,"store_count":12,"price_range":24.164076879209738,"range_pct":32.6},{"product":"CHERRY GELATO MOON ROCK MINI BLUNTS - PRESIDENTIAL","min_price":69.38863735006314,"max_price":92.5529390222886,"avg_price":77.74066112621462,"std_dev":3.621663956880892,"store_count":12,"price_range":23.164301672225474,"range_pct":29.8},{"product":"SKYWALKER MOON ROCK MINI PRE ROLL PACK - PRESIDENTIAL","min_price":56.260183828848376,"max_price":71.8812484741211,"avg_price":64.74258154645581,"std_dev":2.3990532576795216,"store_count":12,"price_range":15.621064645272718,"range_pct":24.1},{"product":"WATERMELON MOON ROCK - PRESIDENTIAL","min_price":66.82411104090073,"max_price":83.5142822265625,"avg_price":73.78818414060763,"std_dev":2.202013522078342,"store_count":12,"price_range":16.690171185661757,"range_pct":22.6},{"product":"WATERMELON MOON ROCK BLUNT - PRESIDENTIAL","min_price":52.072294959726264,"max_price":65.69046074425796,"avg_price":61.67792760197746,"std_dev":1.9257092413525352,"store_count":14,"price_range":13.61816578453169,"range_pct":22.1},{"product":"SKYWALKER MOON ROCK MINI BLUNTS - PRESIDENTIAL","min_price":75.16666666666667,"max_price":93.89902553763442,"avg_price":86.40379643425946,"std_dev":2.3895717459395653,"store_count":14,"price_range":18.73235887096775,"range_pct":21.7},{"product":"PEACH MANGO MOON ROCK MINI BLUNT - PRESIDENTIAL","min_price":73.75,"max_price":90.41666666666666,"avg_price":82.08333333333331,"std_dev":4.714045207910318,"store_count":4,"price_range":16.66666666666666,"range_pct":20.3},{"product":"CHERRY GELATO MOON ROCK BLUNT - PRESIDENTIAL","min_price":58.96064271318152,"max_price":70.91792013792866,"avg_price":63.17599534447397,"std_dev":2.115684002777305,"store_count":8,"price_range":11.957277424747135,"range_pct":18.9},{"product":"WAUI MOON ROCK MINI BLUNTS - PRESIDENTIAL","min_price":79.86953735351562,"max_price":96.15988991477273,"avg_price":86.55749238697939,"std_dev":2.321585782962943,"store_count":14,"price_range":16.29035256125711,"range_pct":18.8},{"product":"GRAPE MOON ROCK BLUNT - PRESIDENTIAL","min_price":54.435577392578125,"max_price":65.86901239988183,"avg_price":60.711141341737815,"std_dev":1.6053205793350949,"store_count":14,"price_range":11.433435007303698,"range_pct":18.8},{"product":"GRAPE MOON ROCK MINI PRE ROLL PACK - PRESIDENTIAL","min_price":58.630429475203805,"max_price":70.32712246509308,"avg_price":64.84729622901395,"std_dev":1.6242085365457783,"store_count":12,"price_range":11.696692989889277,"range_pct":18.0},{"product":"CHERRY GELATO MINI BLUNTS - PRESIDENTIAL","min_price":83.90499877929688,"max_price":99.60121400894657,"avg_price":89.81501356356694,"std_dev":2.249470659261056,"store_count":12,"price_range":15.696215229649688,"range_pct":17.5},{"product":"STRAWBERRY MOON ROCK MINI BLUNTS - PRESIDENTIAL","min_price":76.59309895833333,"max_price":90.55523457951571,"avg_price":83.036823940852,"std_dev":2.1331263050611504,"store_count":14,"price_range":13.962135621182377,"range_pct":16.8},{"product":"WAUI MOON ROCK MINI PRE ROLL PACK - PRESIDENTIAL","min_price":56.29890773607337,"max_price":66.57703488372093,"avg_price":62.12887582580997,"std_dev":1.8811179844416759,"store_count":12,"price_range":10.278127147647558,"range_pct":16.5},{"product":"CHERRY GELATO MOON ROCK PRE ROLL - PRESIDENTIAL","min_price":37.03493784709149,"max_price":43.2753655849359,"avg_price":39.08555715630455,"std_dev":0.8574991203781466,"store_count":14,"price_range":6.240427737844403,"range_pct":16.0},{"product":"STRAWBERRY MOON ROCK - PRESIDENTIAL","min_price":68.66641044616699,"max_price":80.0255485202955,"avg_price":72.91684625117004,"std_dev":2.0107273294129673,"store_count":12,"price_range":11.359138074128516,"range_pct":15.6},{"product":"GRAPE MOON ROCK MINI BLUNTS - PRESIDENTIAL","min_price":79.70394736842105,"max_price":92.92830532820767,"avg_price":85.05921787479775,"std_dev":2.221728681529213,"store_count":14,"price_range":13.224357959786621,"range_pct":15.5},{"product":"PEACH MANGO MOON ROCK MINI BLUNTS - PRESIDENTIAL","min_price":77.54545038396662,"max_price":90.27921017085279,"avg_price":82.48502524173277,"std_dev":1.9487357760509725,"store_count":14,"price_range":12.733759786886178,"range_pct":15.4},{"product":"CLASSIC MOON ROCK - PRESIDENTIAL","min_price":67.25983008909762,"max_price":78.02785317728839,"avg_price":69.99188215374083,"std_dev":1.5961009647757258,"store_count":12,"price_range":10.768023088190777,"range_pct":15.4},{"product":"GARLIC COOKIES MOON ROCK PRE ROLL - PRESIDENTIAL","min_price":36.96916002014373,"max_price":43.03422407670454,"avg_price":40.0338341478208,"std_dev":0.7500974741704414,"store_count":14,"price_range":6.065064056560812,"range_pct":15.1},{"product":"CHERRY GELATO MOON ROCK - PRESIDENTIAL","min_price":62.50499725341797,"max_price":72.78333536783853,"avg_price":69.57867003251388,"std_dev":1.647742371957407,"store_count":10,"price_range":10.278338114420569,"range_pct":14.8},{"product":"WATERMELON MOON ROCK MINI PRE ROLL PACK - PRESIDENTIAL","min_price":57.08802559006382,"max_price":66.1333262125651,"avg_price":62.43983726662778,"std_dev":1.5259317207470218,"store_count":8,"price_range":9.04530062250128,"range_pct":14.5},{"product":"PINEAPPLE MOON ROCK BLUNT - PRESIDENTIAL","min_price":58.71512965152138,"max_price":67.60078970841535,"avg_price":62.35456673787151,"std_dev":1.3599072504217762,"store_count":14,"price_range":8.885660056893974,"range_pct":14.3},{"product":"GARLIC COOKIES MOON ROCK BLUNT - PRESIDENTIAL","min_price":58.564723182426405,"max_price":67.01631620332792,"avg_price":61.8766995133653,"std_dev":1.1314146655235668,"store_count":14,"price_range":8.451593020901518,"range_pct":13.7},{"product":"BLUE RASPBERRY MOON ROCK BLUNT - PRESIDENTIAL","min_price":53.928750068053134,"max_price":61.85691139914773,"avg_price":59.128280541670996,"std_dev":1.172305012235327,"store_count":14,"price_range":7.9281613310945875,"range_pct":13.4},{"product":"CLASSIC MOON ROCK MINI BLUNTS - PRESIDENTIAL","min_price":84.72917344835069,"max_price":96.57500365070094,"avg_price":88.91743367479434,"std_dev":1.7319192414354527,"store_count":12,"price_range":11.845830202350243,"range_pct":13.3},{"product":"WAUI MOON ROCK BLUNT - PRESIDENTIAL","min_price":58.61817515980114,"max_price":66.81861290564905,"avg_price":62.232539510557686,"std_dev":1.2523522047796571,"store_count":14,"price_range":8.200437745847902,"range_pct":13.2},{"product":"WAUI MOON ROCK - PRESIDENTIAL","min_price":74.50714983258929,"max_price":84.440221371858,"avg_price":78.11471619228726,"std_dev":1.5055583124320115,"store_count":10,"price_range":9.933071539268719,"range_pct":12.7}],"promotional_effectiveness":{"lift":{"fp_units_per_day":80.64,"disc_units_per_day":133.4,"lift_pct":65.4,"fp_avg_revenue_per_unit":81.625,"disc_avg_revenue_per_unit":52.599999999999994},"by_deal":[{"deal_name":"Industry - 30% Off","uses":10058,"revenue":800413.8214874268,"discounts":344129.95304465294,"units":27979.0,"cost":494364.4500160217,"margin":38.2,"discount_depth":60.2},{"deal_name":"Industry 30% Off","uses":3805,"revenue":331697.86470760906,"discounts":143382.55976279578,"units":13264.666666666666,"cost":182239.8078088074,"margin":45.1,"discount_depth":60.4},{"deal_name":"Presidential - 25% Off","uses":1631,"revenue":128261.30001306534,"discounts":43177.450000047684,"units":5004.0,"cost":63829.974722862244,"margin":50.2,"discount_depth":50.4},{"deal_name":"BOGO Presidential Singles","uses":1615,"revenue":167359.61335659027,"discounts":165834.13642406464,"units":8707.0,"cost":144618.125,"margin":13.6,"discount_depth":99.6},{"deal_name":"4/20 2025 - Flower / Infused","uses":814,"revenue":60825.32499909401,"discounts":61052.175006866455,"units":2718.0,"cost":52511.25,"margin":13.7,"discount_depth":100.2},{"deal_name":"Veterans - 10% Off","uses":781,"revenue":73848.39983940125,"discounts":8256.599903702736,"units":2016.0,"cost":34643.74997615814,"margin":53.1,"discount_depth":20.2},{"deal_name":"Senior - 10% Off","uses":760,"revenue":92745.71214199066,"discounts":10574.287407398224,"units":2494.0,"cost":43228.37496519089,"margin":53.4,"discount_depth":20.4},{"deal_name":"Lit4Less - 1g IPR - 3 for $50","uses":657,"revenue":73314.47450637817,"discounts":15250.525035858154,"units":3529.0,"cost":30878.75,"margin":57.9,"discount_depth":34.4},{"deal_name":"Lit4Less - IPR Packs - 2 for $50","uses":536,"revenue":57644.487500190735,"discounts":13926.762499809265,"units":1847.0,"cost":26796.8248963356,"margin":53.5,"discount_depth":39.0},{"deal_name":"30% Off Special","uses":523,"revenue":35053.50072622299,"discounts":15116.500146389008,"units":1256.0,"cost":20835.44997692108,"margin":40.6,"discount_depth":60.2},{"deal_name":"50% Off - G2B","uses":523,"revenue":34371.724997758865,"discounts":34544.524998664856,"units":1972.0,"cost":25859.26241993904,"margin":24.8,"discount_depth":100.2},{"deal_name":"Jackpot - Locals 30% Off","uses":416,"revenue":28510.000684261322,"discounts":12352.500109672546,"units":1012.0,"cost":16671.649975776672,"margin":41.5,"discount_depth":60.4},{"deal_name":"Senior / Veterans - 20% Off","uses":394,"revenue":43447.24952220917,"discounts":10880.249880552292,"units":1340.0,"cost":22795.699985027313,"margin":47.5,"discount_depth":40.0},{"deal_name":"BOGO Presidential","uses":340,"revenue":39043.362205028534,"discounts":39066.63778781891,"units":1868.0,"cost":33905.0,"margin":13.2,"discount_depth":100.0},{"deal_name":"Spark the Summer Sale","uses":328,"revenue":27637.975058555603,"discounts":18544.52493906021,"units":1076.0,"cost":19985.0,"margin":27.7,"discount_depth":80.4},{"deal_name":"Employee 30% - NOT FRIDAYS","uses":310,"revenue":17226.725338101387,"discounts":7443.275059461594,"units":695.0,"cost":9799.274985790253,"margin":43.1,"discount_depth":60.4},{"deal_name":"Presidential - 30% Off","uses":262,"revenue":23910.550422668457,"discounts":10321.950104236603,"units":890.0,"cost":13502.899959087372,"margin":43.5,"discount_depth":60.4},{"deal_name":"GW - BOGO Presidential","uses":210,"revenue":25719.92489695549,"discounts":25456.325097084045,"units":1251.0,"cost":22108.125,"margin":14.0,"discount_depth":99.4},{"deal_name":"LVAC - 25% Off","uses":205,"revenue":16210.0,"discounts":5420.0,"units":558.0,"cost":8993.774988651276,"margin":44.5,"discount_depth":50.2},{"deal_name":"4/20 50% Off!!!!","uses":203,"revenue":14316.25,"discounts":14316.25,"units":704.0,"cost":12306.25,"margin":14.0,"discount_depth":100.0}]},"growth_opportunities":[{"type":"sku_expansion","title":"Add 'CHERRY GELATO MINI BLUNTS - PRESIDENTIAL' to 1 more store(s)","detail":"Carried in 6 stores. Missing from: Elevation Downtown","priority":"medium"},{"type":"sku_expansion","title":"Add 'CHERRY GELATO MOON ROCK - PRESIDENTIAL' to 2 more store(s)","detail":"Carried in 5 stores. Missing from: Elevation Downtown, Elevation Parkway","priority":"medium"},{"type":"sku_expansion","title":"Add 'CHERRY GELATO MOON ROCK BLUNT - PRESIDENTIAL' to 3 more store(s)","detail":"Carried in 4 stores. Missing from: Elevation Oasis, Elevation Downtown, Elevation Parkway","priority":"medium"},{"type":"sku_expansion","title":"Add 'CHERRY GELATO MOON ROCK MINI BLUNTS - PRESIDENTIAL' to 1 more store(s)","detail":"Carried in 6 stores. Missing from: Elevation Downtown","priority":"medium"},{"type":"sku_expansion","title":"Add 'CLASSIC MOON ROCK - PRESIDENTIAL' to 1 more store(s)","detail":"Carried in 6 stores. Missing from: Elevation Downtown","priority":"medium"},{"type":"velocity","title":"Improve velocity in CONCENTRATE","detail":"Velocity index 0 (below category average). 0.0 units/day vs 7.7 avg.","priority":"medium"}],"trend":[{"period":"2024-01","revenue":206332.1484375,"cost":110588.75,"margin":46.4,"units":6502,"transactions":4526,"profit":95743.3984375,"revenue_change_pct":null,"units_change_pct":null,"margin_change_pts":null},{"period":"2024-02","revenue":247445.95703125,"cost":131367.177734375,"margin":46.9,"units":7460,"transactions":5366,"profit":116078.779296875,"revenue_change_pct":19.9,"units_change_pct":14.7,"margin_change_pts":0.5},{"period":"2024-03","revenue":273012.01171875,"cost":144236.69921875,"margin":47.2,"units":7914,"transactions":5636,"profit":128775.302734375,"revenue_change_pct":10.3,"units_change_pct":6.1,"margin_change_pts":0.3},{"period":"2024-04","revenue":229254.8828125,"cost":122833.75,"margin":46.4,"units":7008,"transactions":5120,"profit":106421.123046875,"revenue_change_pct":-16.0,"units_change_pct":-11.4,"margin_change_pts":-0.7},{"period":"2024-05","revenue":254789.53125,"cost":135100.0,"margin":47.0,"units":7608,"transactions":5402,"profit":119689.521484375,"revenue_change_pct":11.1,"units_change_pct":8.6,"margin_change_pts":0.6},{"period":"2024-06","revenue":231313.22265625,"cost":124235.0,"margin":46.3,"units":7048,"transactions":4996,"profit":107078.22265625,"revenue_change_pct":-9.2,"units_change_pct":-7.4,"margin_change_pts":-0.7},{"period":"2024-07","revenue":256180.2734375,"cost":133295.546875,"margin":48.0,"units":7818,"transactions":5594,"profit":122884.7265625,"revenue_change_pct":10.8,"units_change_pct":10.9,"margin_change_pts":1.7},{"period":"2024-08","revenue":241268.02734375,"cost":128596.875,"margin":46.7,"units":7462,"transactions":5222,"profit":112671.15234375,"revenue_change_pct":-5.8,"units_change_pct":-4.6,"margin_change_pts":-1.3},{"period":"2024-09","revenue":222336.85546875,"cost":119076.25,"margin":46.4,"units":6566,"transactions":4472,"profit":103260.595703125,"revenue_change_pct":-7.8,"units_change_pct":-12.0,"margin_change_pts":-0.3},{"period":"2024-10","revenue":268632.20703125,"cost":142338.75,"margin":47.0,"units":7866,"transactions":5334,"profit":126293.447265625,"revenue_change_pct":20.8,"units_change_pct":19.8,"margin_change_pts":0.6},{"period":"2024-11","revenue":219710.64453125,"cost":119336.25,"margin":45.7,"units":6546,"transactions":4502,"profit":100374.404296875,"revenue_change_pct":-18.2,"units_change_pct":-16.8,"margin_change_pts":-1.3},{"period":"2024-12","revenue":189415.4296875,"cost":98373.75,"margin":48.1,"units":5442,"transactions":3910,"profit":91041.669921875,"revenue_change_pct":-13.8,"units_change_pct":-16.9,"margin_change_pts":2.4},{"period":"2025-01","revenue":160579.697265625,"cost":83798.75,"margin":47.8,"units":4582,"transactions":3342,"profit":76780.9521484375,"revenue_change_pct":-15.2,"units_change_pct":-15.8,"margin_change_pts":-0.2},{"period":"2025-02","revenue":174350.859375,"cost":90781.25,"margin":47.9,"units":4918,"transactions":3504,"profit":83569.599609375,"revenue_change_pct":8.6,"units_change_pct":7.3,"margin_change_pts":0.1},{"period":"2025-03","revenue":177301.953125,"cost":96351.25,"margin":45.7,"units":5282,"transactions":3650,"profit":80950.6982421875,"revenue_change_pct":1.7,"units_change_pct":7.4,"margin_change_pts":-2.3},{"period":"2025-04","revenue":151774.521484375,"cost":99571.25,"margin":34.4,"units":5274,"transactions":3552,"profit":52203.2763671875,"revenue_change_pct":-14.4,"units_change_pct":-0.2,"margin_change_pts":-11.3},{"period":"2025-05","revenue":153862.998046875,"cost":84975.0,"margin":44.8,"units":4556,"transactions":3156,"profit":68887.998046875,"revenue_change_pct":1.4,"units_change_pct":-13.6,"margin_change_pts":10.4},{"period":"2025-06","revenue":151227.421875,"cost":82089.970703125,"margin":45.7,"units":4726,"transactions":3246,"profit":69137.451171875,"revenue_change_pct":-1.7,"units_change_pct":3.7,"margin_change_pts":0.9},{"period":"2025-07","revenue":192023.3203125,"cost":90470.771484375,"margin":52.9,"units":6554,"transactions":4282,"profit":101552.548828125,"revenue_change_pct":27.0,"units_change_pct":38.7,"margin_change_pts":7.2},{"period":"2025-08","revenue":188125.09765625,"cost":88582.59765625,"margin":52.9,"units":6814,"transactions":4150,"profit":99542.5,"revenue_change_pct":-2.0,"units_change_pct":4.0,"margin_change_pts":0.0},{"period":"2025-09","revenue":154901.62109375,"cost":68710.498046875,"margin":55.6,"units":5142,"transactions":3500,"profit":86191.123046875,"revenue_change_pct":-17.7,"units_change_pct":-24.5,"margin_change_pts":2.7},{"period":"2025-10","revenue":170943.30078125,"cost":77737.9736328125,"margin":54.5,"units":6112,"transactions":3970,"profit":93205.322265625,"revenue_change_pct":10.4,"units_change_pct":18.9,"margin_change_pts":-1.1},{"period":"2025-11","revenue":184478.28125,"cost":94889.19921875,"margin":48.6,"units":7248,"transactions":4488,"profit":89589.072265625,"revenue_change_pct":7.9,"units_change_pct":18.6,"margin_change_pts":-6.0},{"period":"2025-12","revenue":194241.7578125,"cost":91821.4453125,"margin":52.7,"units":7102,"transactions":4600,"profit":102420.302734375,"revenue_change_pct":5.3,"units_change_pct":-2.0,"margin_change_pts":4.2},{"period":"2026-01","revenue":186586.484375,"cost":86587.099609375,"margin":53.6,"units":7000,"transactions":4458,"profit":99999.375,"revenue_change_pct":-3.9,"units_change_pct":-1.4,"margin_change_pts":0.9}]}