{"brand":"PRESIDENTIAL","date_range":"2024-01-01 00:00:00 to 2026-01-31 00:00:00","period_label":"All Time","summary":{"total_units":160550,"total_revenue":5080088.75,"total_cost":2645745.625,"total_discounts":1261214.0625,"total_profit":2434342.5,"overall_margin":47.900001525878906,"fp_margin":57.900001525878906,"disc_margin":38.900001525878906,"pct_full_price":47.400001525878906,"avg_discount_rate":19.899999618530273,"fp_revenue":2409600.0,"disc_revenue":2670488.4375,"unique_customers":47220,"brand":"PRESIDENTIAL","date_range":"2024-01-01 00:00:00 to 2026-01-31 00:00:00","months_count":50,"avg_monthly_cost":105829.825,"cost_per_unit":32.95,"primary_category":"INFUSED PRE ROLL","primary_cat_margin":47.29999923706055,"category_rank":1,"category_total":25,"margin_vs_category":0.6000000238418579,"velocity_rank":2},"category_breakdown":[{"category_clean":"INFUSED PRE ROLL","units":121020,"revenue":3510765.625,"cost":1853686.71875,"profit":1657078.75,"discounts":928309.53125,"margin":47.20000076293945,"category_avg_margin":47.29999923706055,"vs_category":-0.1,"rank":1.0,"total_brands":25.0},{"category_clean":"INFUSED PACK","units":33420,"revenue":1343365.0,"cost":682933.75,"profit":660431.171875,"discounts":281925.01953125,"margin":49.20000076293945,"category_avg_margin":47.70000076293945,"vs_category":1.5,"rank":2.0,"total_brands":12.0},{"category_clean":"INFUSED FLOWER","units":6080,"revenue":224808.984375,"cost":108683.798828125,"profit":116125.17578125,"discounts":50948.525390625,"margin":51.70000076293945,"category_avg_margin":51.79999923706055,"vs_category":-0.1,"rank":1.0,"total_brands":8.0},{"category_clean":"CONCENTRATE","units":30,"revenue":1149.000015258789,"cost":441.54998779296875,"profit":707.4500274658203,"discounts":31.000001430511475,"margin":61.599998474121094,"category_avg_margin":45.900001525878906,"vs_category":15.7,"rank":23.0,"total_brands":27.0}],"trend":[{"period":"2024-01","revenue":206332.1484375,"cost":110588.75,"margin":46.4,"units":6502,"transactions":4526,"profit":95743.3984375,"revenue_change_pct":null,"units_change_pct":null,"margin_change_pts":null},{"period":"2024-02","revenue":247445.95703125,"cost":131367.177734375,"margin":46.9,"units":7460,"transactions":5366,"profit":116078.779296875,"revenue_change_pct":19.9,"units_change_pct":14.7,"margin_change_pts":0.5},{"period":"2024-03","revenue":273012.01171875,"cost":144236.69921875,"margin":47.2,"units":7914,"transactions":5636,"profit":128775.302734375,"revenue_change_pct":10.3,"units_change_pct":6.1,"margin_change_pts":0.3},{"period":"2024-04","revenue":229254.8828125,"cost":122833.75,"margin":46.4,"units":7008,"transactions":5120,"profit":106421.123046875,"revenue_change_pct":-16.0,"units_change_pct":-11.4,"margin_change_pts":-0.7},{"period":"2024-05","revenue":254789.53125,"cost":135100.0,"margin":47.0,"units":7608,"transactions":5402,"profit":119689.521484375,"revenue_change_pct":11.1,"units_change_pct":8.6,"margin_change_pts":0.6},{"period":"2024-06","revenue":231313.22265625,"cost":124235.0,"margin":46.3,"units":7048,"transactions":4996,"profit":107078.22265625,"revenue_change_pct":-9.2,"units_change_pct":-7.4,"margin_change_pts":-0.7},{"period":"2024-07","revenue":256180.2734375,"cost":133295.546875,"margin":48.0,"units":7818,"transactions":5594,"profit":122884.7265625,"revenue_change_pct":10.8,"units_change_pct":10.9,"margin_change_pts":1.7},{"period":"2024-08","revenue":241268.02734375,"cost":128596.875,"margin":46.7,"units":7462,"transactions":5222,"profit":112671.15234375,"revenue_change_pct":-5.8,"units_change_pct":-4.6,"margin_change_pts":-1.3},{"period":"2024-09","revenue":222336.85546875,"cost":119076.25,"margin":46.4,"units":6566,"transactions":4472,"profit":103260.595703125,"revenue_change_pct":-7.8,"units_change_pct":-12.0,"margin_change_pts":-0.3},{"period":"2024-10","revenue":268632.20703125,"cost":142338.75,"margin":47.0,"units":7866,"transactions":5334,"profit":126293.447265625,"revenue_change_pct":20.8,"units_change_pct":19.8,"margin_change_pts":0.6},{"period":"2024-11","revenue":219710.64453125,"cost":119336.25,"margin":45.7,"units":6546,"transactions":4502,"profit":100374.404296875,"revenue_change_pct":-18.2,"units_change_pct":-16.8,"margin_change_pts":-1.3},{"period":"2024-12","revenue":189415.4296875,"cost":98373.75,"margin":48.1,"units":5442,"transactions":3910,"profit":91041.669921875,"revenue_change_pct":-13.8,"units_change_pct":-16.9,"margin_change_pts":2.4},{"period":"2025-01","revenue":160579.697265625,"cost":83798.75,"margin":47.8,"units":4582,"transactions":3342,"profit":76780.9521484375,"revenue_change_pct":-15.2,"units_change_pct":-15.8,"margin_change_pts":-0.2},{"period":"2025-02","revenue":174350.859375,"cost":90781.25,"margin":47.9,"units":4918,"transactions":3504,"profit":83569.599609375,"revenue_change_pct":8.6,"units_change_pct":7.3,"margin_change_pts":0.1},{"period":"2025-03","revenue":177301.953125,"cost":96351.25,"margin":45.7,"units":5282,"transactions":3650,"profit":80950.6982421875,"revenue_change_pct":1.7,"units_change_pct":7.4,"margin_change_pts":-2.3},{"period":"2025-04","revenue":151774.521484375,"cost":99571.25,"margin":34.4,"units":5274,"transactions":3552,"profit":52203.2763671875,"revenue_change_pct":-14.4,"units_change_pct":-0.2,"margin_change_pts":-11.3},{"period":"2025-05","revenue":153862.998046875,"cost":84975.0,"margin":44.8,"units":4556,"transactions":3156,"profit":68887.998046875,"revenue_change_pct":1.4,"units_change_pct":-13.6,"margin_change_pts":10.4},{"period":"2025-06","revenue":151227.421875,"cost":82089.970703125,"margin":45.7,"units":4726,"transactions":3246,"profit":69137.451171875,"revenue_change_pct":-1.7,"units_change_pct":3.7,"margin_change_pts":0.9},{"period":"2025-07","revenue":192023.3203125,"cost":90470.771484375,"margin":52.9,"units":6554,"transactions":4282,"profit":101552.548828125,"revenue_change_pct":27.0,"units_change_pct":38.7,"margin_change_pts":7.2},{"period":"2025-08","revenue":188125.09765625,"cost":88582.59765625,"margin":52.9,"units":6814,"transactions":4150,"profit":99542.5,"revenue_change_pct":-2.0,"units_change_pct":4.0,"margin_change_pts":0.0},{"period":"2025-09","revenue":154901.62109375,"cost":68710.498046875,"margin":55.6,"units":5142,"transactions":3500,"profit":86191.123046875,"revenue_change_pct":-17.7,"units_change_pct":-24.5,"margin_change_pts":2.7},{"period":"2025-10","revenue":170943.30078125,"cost":77737.9736328125,"margin":54.5,"units":6112,"transactions":3970,"profit":93205.322265625,"revenue_change_pct":10.4,"units_change_pct":18.9,"margin_change_pts":-1.1},{"period":"2025-11","revenue":184478.28125,"cost":94889.19921875,"margin":48.6,"units":7248,"transactions":4488,"profit":89589.072265625,"revenue_change_pct":7.9,"units_change_pct":18.6,"margin_change_pts":-6.0},{"period":"2025-12","revenue":194241.7578125,"cost":91821.4453125,"margin":52.7,"units":7102,"transactions":4600,"profit":102420.302734375,"revenue_change_pct":5.3,"units_change_pct":-2.0,"margin_change_pts":4.2},{"period":"2026-01","revenue":186586.484375,"cost":86587.099609375,"margin":53.6,"units":7000,"transactions":4458,"profit":99999.375,"revenue_change_pct":-3.9,"units_change_pct":-1.4,"margin_change_pts":0.9}],"share_of_category":[{"category":"INFUSED PRE ROLL","brand_revenue":3510765.625,"category_revenue":10308101.25,"revenue_share_pct":34.099998474121094,"brand_units":121020,"category_units":488074,"units_share_pct":24.8},{"category":"INFUSED PACK","brand_revenue":1343365.0,"category_revenue":8259010.0,"revenue_share_pct":16.299999237060547,"brand_units":33420,"category_units":240090,"units_share_pct":13.9},{"category":"INFUSED FLOWER","brand_revenue":224808.984375,"category_revenue":515348.203125,"revenue_share_pct":43.599998474121094,"brand_units":6080,"category_units":15824,"units_share_pct":38.4},{"category":"CONCENTRATE","brand_revenue":1149.000015258789,"category_revenue":7866357.5,"revenue_share_pct":0.0,"brand_units":30,"category_units":316632,"units_share_pct":0.0}],"share_of_category_trend":{"INFUSED PRE ROLL":[{"period":"2024-01","brand_revenue":151560.380859375,"category_revenue":410907.8515625,"share_pct":36.900001525878906},{"period":"2024-02","brand_revenue":180944.08203125,"category_revenue":458711.484375,"share_pct":39.400001525878906},{"period":"2024-03","brand_revenue":176249.7265625,"category_revenue":427464.375,"share_pct":41.20000076293945},{"period":"2024-04","brand_revenue":149630.60546875,"category_revenue":428699.9609375,"share_pct":34.900001525878906},{"period":"2024-05","brand_revenue":184017.34375,"category_revenue":501098.3203125,"share_pct":36.70000076293945},{"period":"2024-06","brand_revenue":177225.60546875,"category_revenue":477320.78125,"share_pct":37.099998474121094},{"period":"2024-07","brand_revenue":187981.77734375,"category_revenue":479382.109375,"share_pct":39.20000076293945},{"period":"2024-08","brand_revenue":200129.6484375,"category_revenue":474359.1015625,"share_pct":42.20000076293945},{"period":"2024-09","brand_revenue":142842.59765625,"category_revenue":424280.1171875,"share_pct":33.70000076293945},{"period":"2024-10","brand_revenue":188251.03515625,"category_revenue":470840.6640625,"share_pct":40.0},{"period":"2024-11","brand_revenue":156753.203125,"category_revenue":424285.1171875,"share_pct":36.900001525878906},{"period":"2024-12","brand_revenue":146397.177734375,"category_revenue":432093.1640625,"share_pct":33.900001525878906},{"period":"2025-01","brand_revenue":110815.576171875,"category_revenue":358002.890625,"share_pct":31.0},{"period":"2025-02","brand_revenue":110202.8515625,"category_revenue":325080.17578125,"share_pct":33.900001525878906},{"period":"2025-03","brand_revenue":121585.322265625,"category_revenue":347380.078125,"share_pct":35.0},{"period":"2025-04","brand_revenue":86921.62109375,"category_revenue":401341.40625,"share_pct":21.700000762939453},{"period":"2025-05","brand_revenue":95383.22265625,"category_revenue":378076.09375,"share_pct":25.200000762939453},{"period":"2025-06","brand_revenue":98618.828125,"category_revenue":354019.6484375,"share_pct":27.899999618530273},{"period":"2025-07","brand_revenue":122187.578125,"category_revenue":416008.203125,"share_pct":29.399999618530273},{"period":"2025-08","brand_revenue":126522.578125,"category_revenue":425283.28125,"share_pct":29.799999237060547},{"period":"2025-09","brand_revenue":99624.8046875,"category_revenue":378313.75,"share_pct":26.299999237060547},{"period":"2025-10","brand_revenue":115675.322265625,"category_revenue":389168.3203125,"share_pct":29.700000762939453},{"period":"2025-11","brand_revenue":122183.02734375,"category_revenue":390541.3671875,"share_pct":31.299999237060547},{"period":"2025-12","brand_revenue":129611.25,"category_revenue":392812.34375,"share_pct":33.0},{"period":"2026-01","brand_revenue":129450.37109375,"category_revenue":342630.7421875,"share_pct":37.79999923706055}],"INFUSED PACK":[{"period":"2024-01","brand_revenue":48787.7734375,"category_revenue":204601.875,"share_pct":23.799999237060547},{"period":"2024-02","brand_revenue":51278.125,"category_revenue":221156.7578125,"share_pct":23.200000762939453},{"period":"2024-03","brand_revenue":79233.349609375,"category_revenue":257436.93359375,"share_pct":30.799999237060547},{"period":"2024-04","brand_revenue":61449.951171875,"category_revenue":301537.3046875,"share_pct":20.399999618530273},{"period":"2024-05","brand_revenue":59865.4736328125,"category_revenue":301873.0078125,"share_pct":19.799999237060547},{"period":"2024-06","brand_revenue":40822.7490234375,"category_revenue":300488.6328125,"share_pct":13.600000381469727},{"period":"2024-07","brand_revenue":55730.0,"category_revenue":303570.80078125,"share_pct":18.399999618530273},{"period":"2024-08","brand_revenue":30997.62451171875,"category_revenue":283995.625,"share_pct":10.899999618530273},{"period":"2024-09","brand_revenue":66057.7490234375,"category_revenue":331664.1796875,"share_pct":19.899999618530273},{"period":"2024-10","brand_revenue":65887.5,"category_revenue":311486.1328125,"share_pct":21.200000762939453},{"period":"2024-11","brand_revenue":47786.826171875,"category_revenue":306613.92578125,"share_pct":15.600000381469727},{"period":"2024-12","brand_revenue":33457.2509765625,"category_revenue":298008.41796875,"share_pct":11.199999809265137},{"period":"2025-01","brand_revenue":39609.6240234375,"category_revenue":269244.765625,"share_pct":14.699999809265137},{"period":"2025-02","brand_revenue":49718.3740234375,"category_revenue":309579.8046875,"share_pct":16.100000381469727},{"period":"2025-03","brand_revenue":38911.923828125,"category_revenue":312908.80859375,"share_pct":12.399999618530273},{"period":"2025-04","brand_revenue":51810.9521484375,"category_revenue":389974.3359375,"share_pct":13.300000190734863},{"period":"2025-05","brand_revenue":49919.19921875,"category_revenue":404824.9609375,"share_pct":12.300000190734863},{"period":"2025-06","brand_revenue":47382.59765625,"category_revenue":383193.4765625,"share_pct":12.399999618530273},{"period":"2025-07","brand_revenue":69502.7490234375,"category_revenue":437456.640625,"share_pct":15.899999618530273},{"period":"2025-08","brand_revenue":60695.7763671875,"category_revenue":391817.578125,"share_pct":15.5},{"period":"2025-09","brand_revenue":55129.5751953125,"category_revenue":367221.40625,"share_pct":15.0},{"period":"2025-10","brand_revenue":55267.9736328125,"category_revenue":423332.109375,"share_pct":13.100000381469727},{"period":"2025-11","brand_revenue":62295.2490234375,"category_revenue":395184.53125,"share_pct":15.800000190734863},{"period":"2025-12","brand_revenue":64630.498046875,"category_revenue":387500.234375,"share_pct":16.700000762939453},{"period":"2026-01","brand_revenue":57136.0986328125,"category_revenue":364337.6171875,"share_pct":15.699999809265137}],"INFUSED FLOWER":[{"period":"2024-01","brand_revenue":5984.000244140625,"category_revenue":6570.250244140625,"share_pct":91.0999984741211},{"period":"2024-02","brand_revenue":15223.75,"category_revenue":18343.62548828125,"share_pct":83.0},{"period":"2024-03","brand_revenue":17433.92578125,"category_revenue":31018.3251953125,"share_pct":56.20000076293945},{"period":"2024-04","brand_revenue":18174.324951171875,"category_revenue":31596.826171875,"share_pct":57.5},{"period":"2024-05","brand_revenue":10906.700439453125,"category_revenue":21558.80126953125,"share_pct":50.599998474121094},{"period":"2024-06","brand_revenue":13264.87548828125,"category_revenue":24545.30029296875,"share_pct":54.0},{"period":"2024-07","brand_revenue":12468.499755859375,"category_revenue":16913.00048828125,"share_pct":73.69999694824219},{"period":"2024-08","brand_revenue":10140.750122070312,"category_revenue":16608.499755859375,"share_pct":61.099998474121094},{"period":"2024-09","brand_revenue":13436.500244140625,"category_revenue":19893.62548828125,"share_pct":67.5},{"period":"2024-10","brand_revenue":14493.675537109375,"category_revenue":17213.175048828125,"share_pct":84.19999694824219},{"period":"2024-11","brand_revenue":15170.625,"category_revenue":15249.375,"share_pct":99.5},{"period":"2024-12","brand_revenue":9560.999755859375,"category_revenue":9560.999755859375,"share_pct":100.0},{"period":"2025-01","brand_revenue":10154.500122070312,"category_revenue":10154.500122070312,"share_pct":100.0},{"period":"2025-02","brand_revenue":14429.625244140625,"category_revenue":14429.625244140625,"share_pct":100.0},{"period":"2025-03","brand_revenue":16804.69970703125,"category_revenue":16804.69970703125,"share_pct":100.0},{"period":"2025-04","brand_revenue":13041.95068359375,"category_revenue":27190.70068359375,"share_pct":48.0},{"period":"2025-05","brand_revenue":8560.574951171875,"category_revenue":24856.12548828125,"share_pct":34.400001525878906},{"period":"2025-06","brand_revenue":5225.999755859375,"category_revenue":28754.82421875,"share_pct":18.200000762939453},{"period":"2025-07","brand_revenue":332.99999237060547,"category_revenue":26952.2998046875,"share_pct":1.2000000476837158},{"period":"2025-08","brand_revenue":0.0,"category_revenue":33438.67431640625,"share_pct":0.0},{"period":"2025-09","brand_revenue":0.0,"category_revenue":38734.65087890625,"share_pct":0.0},{"period":"2025-10","brand_revenue":0.0,"category_revenue":22947.39990234375,"share_pct":0.0},{"period":"2025-11","brand_revenue":0.0,"category_revenue":15945.4248046875,"share_pct":0.0},{"period":"2025-12","brand_revenue":0.0,"category_revenue":9305.8251953125,"share_pct":0.0},{"period":"2026-01","brand_revenue":0.0,"category_revenue":16761.624755859375,"share_pct":0.0}],"CONCENTRATE":[{"period":"2024-01","brand_revenue":0.0,"category_revenue":351129.609375,"share_pct":0.0},{"period":"2024-02","brand_revenue":0.0,"category_revenue":371224.4921875,"share_pct":0.0},{"period":"2024-03","brand_revenue":95.0,"category_revenue":375964.296875,"share_pct":0.0},{"period":"2024-04","brand_revenue":0.0,"category_revenue":352745.859375,"share_pct":0.0},{"period":"2024-05","brand_revenue":0.0,"category_revenue":346027.5,"share_pct":0.0},{"period":"2024-06","brand_revenue":0.0,"category_revenue":310723.3984375,"share_pct":0.0},{"period":"2024-07","brand_revenue":0.0,"category_revenue":336220.078125,"share_pct":0.0},{"period":"2024-08","brand_revenue":0.0,"category_revenue":324004.04296875,"share_pct":0.0},{"period":"2024-09","brand_revenue":0.0,"category_revenue":326834.1796875,"share_pct":0.0},{"period":"2024-10","brand_revenue":0.0,"category_revenue":324500.859375,"share_pct":0.0},{"period":"2024-11","brand_revenue":0.0,"category_revenue":351240.0390625,"share_pct":0.0},{"period":"2024-12","brand_revenue":0.0,"category_revenue":324145.4296875,"share_pct":0.0},{"period":"2025-01","brand_revenue":0.0,"category_revenue":325749.19921875,"share_pct":0.0},{"period":"2025-02","brand_revenue":0.0,"category_revenue":300499.0234375,"share_pct":0.0},{"period":"2025-03","brand_revenue":0.0,"category_revenue":298171.5234375,"share_pct":0.0},{"period":"2025-04","brand_revenue":0.0,"category_revenue":343355.625,"share_pct":0.0},{"period":"2025-05","brand_revenue":0.0,"category_revenue":288836.62109375,"share_pct":0.0},{"period":"2025-06","brand_revenue":0.0,"category_revenue":280928.33984375,"share_pct":0.0},{"period":"2025-07","brand_revenue":0.0,"category_revenue":283604.1796875,"share_pct":0.0},{"period":"2025-08","brand_revenue":906.7500305175781,"category_revenue":274773.76953125,"share_pct":0.30000001192092896},{"period":"2025-09","brand_revenue":147.25000381469727,"category_revenue":264599.19921875,"share_pct":0.10000000149011612},{"period":"2025-10","brand_revenue":0.0,"category_revenue":277515.46875,"share_pct":0.0},{"period":"2025-11","brand_revenue":0.0,"category_revenue":295773.3203125,"share_pct":0.0},{"period":"2025-12","brand_revenue":0.0,"category_revenue":267042.05078125,"share_pct":0.0},{"period":"2026-01","brand_revenue":0.0,"category_revenue":270749.70703125,"share_pct":0.0}]},"discount_depth":[{"tier":"0% (Full Price)","transactions":54802,"pct_of_transactions":40.7,"revenue":2409600.0,"avg_discount":0.0},{"tier":"1-10%","transactions":5618,"pct_of_transactions":4.2,"revenue":249567.8515625,"avg_discount":19.799999237060547},{"tier":"11-20%","transactions":5794,"pct_of_transactions":4.3,"revenue":218388.30078125,"avg_discount":36.400001525878906},{"tier":"21-30%","transactions":13694,"pct_of_transactions":10.2,"revenue":497703.515625,"avg_discount":55.0},{"tier":"31%+","transactions":14982,"pct_of_transactions":11.1,"revenue":492589.84375,"avg_discount":97.19999694824219}],"velocity":{"units_per_day":210.7,"revenue_per_day":6666.77490234375,"avg_units_per_txn":2.92,"days_of_data":762,"total_units":160550,"total_transactions":109978},"velocity_by_category":[{"category":"INFUSED PRE ROLL","brand_units_per_day":158.82,"category_avg_units_per_day":25.62,"velocity_index":619.9,"brand_rev_per_unit":23.21,"category_rev_per_unit":16.9,"brands_in_category":25},{"category":"INFUSED FLOWER","brand_units_per_day":7.98,"category_avg_units_per_day":2.6,"velocity_index":307.4,"brand_rev_per_unit":29.58,"category_rev_per_unit":26.05,"brands_in_category":8},{"category":"INFUSED PACK","brand_units_per_day":43.86,"category_avg_units_per_day":26.26,"velocity_index":167.0,"brand_rev_per_unit":32.16,"category_rev_per_unit":27.52,"brands_in_category":12},{"category":"CONCENTRATE","brand_units_per_day":0.04,"category_avg_units_per_day":15.38,"velocity_index":0.3,"brand_rev_per_unit":30.64,"category_rev_per_unit":19.88,"brands_in_category":27}],"deals":[{"deal_name":"Industry - 30% Off","times_used":20116,"units":27979.0,"revenue":800413.8214874268,"discounts":344129.95304465294,"cost":494364.4500160217,"profit":306049.3469399214,"pre_discount_revenue":1144543.75,"margin":38.2,"avg_discount":60.2},{"deal_name":"Industry 30% Off","times_used":7610,"units":13264.666666666666,"revenue":331697.86470760906,"discounts":143382.55976279578,"cost":182239.8078088074,"profit":149458.04922480136,"pre_discount_revenue":475080.4166666666,"margin":45.1,"avg_discount":60.4},{"deal_name":"Presidential - 25% Off","times_used":3262,"units":5004.0,"revenue":128261.30001306534,"discounts":43177.450000047684,"cost":63829.974722862244,"profit":64431.32527299225,"pre_discount_revenue":171438.75,"margin":50.2,"avg_discount":50.4},{"deal_name":"BOGO Presidential Singles","times_used":3230,"units":8707.0,"revenue":167359.61335659027,"discounts":165834.13642406464,"cost":144618.125,"profit":22741.48863852024,"pre_discount_revenue":333193.75,"margin":13.6,"avg_discount":99.6},{"deal_name":"4/20 2025 - Flower / Infused","times_used":1628,"units":2718.0,"revenue":60825.32499909401,"discounts":61052.175006866455,"cost":52511.25,"profit":8314.074998702854,"pre_discount_revenue":121877.5,"margin":13.7,"avg_discount":100.2},{"deal_name":"Veterans - 10% Off","times_used":1562,"units":2016.0,"revenue":73848.39983940125,"discounts":8256.599903702736,"cost":34643.74997615814,"profit":39204.649649858475,"pre_discount_revenue":82105.0,"margin":53.1,"avg_discount":20.2},{"deal_name":"Senior - 10% Off","times_used":1520,"units":2494.0,"revenue":92745.71214199066,"discounts":10574.287407398224,"cost":43228.37496519089,"profit":49517.33709216118,"pre_discount_revenue":103320.0,"margin":53.4,"avg_discount":20.4},{"deal_name":"Lit4Less - 1g IPR - 3 for $50","times_used":1314,"units":3529.0,"revenue":73314.47450637817,"discounts":15250.525035858154,"cost":30878.75,"profit":42435.724357664585,"pre_discount_revenue":88565.0,"margin":57.9,"avg_discount":34.4},{"deal_name":"Lit4Less - IPR Packs - 2 for $50","times_used":1072,"units":1847.0,"revenue":57644.487500190735,"discounts":13926.762499809265,"cost":26796.8248963356,"profit":30847.662603855133,"pre_discount_revenue":71571.25,"margin":53.5,"avg_discount":39.0},{"deal_name":"30% Off Special","times_used":1046,"units":1256.0,"revenue":35053.50072622299,"discounts":15116.500146389008,"cost":20835.44997692108,"profit":14218.049888014793,"pre_discount_revenue":50170.0,"margin":40.6,"avg_discount":60.2},{"deal_name":"50% Off - G2B","times_used":1046,"units":1972.0,"revenue":34371.724997758865,"discounts":34544.524998664856,"cost":25859.26241993904,"profit":8512.46262177825,"pre_discount_revenue":68916.25,"margin":24.8,"avg_discount":100.2},{"deal_name":"Jackpot - Locals 30% Off","times_used":832,"units":1012.0,"revenue":28510.000684261322,"discounts":12352.500109672546,"cost":16671.649975776672,"profit":11838.349925428629,"pre_discount_revenue":40862.5,"margin":41.5,"avg_discount":60.4},{"deal_name":"Senior / Veterans - 20% Off","times_used":788,"units":1340.0,"revenue":43447.24952220917,"discounts":10880.249880552292,"cost":22795.699985027313,"profit":20651.55016899109,"pre_discount_revenue":54327.5,"margin":47.5,"avg_discount":40.0},{"deal_name":"BOGO Presidential","times_used":680,"units":1868.0,"revenue":39043.362205028534,"discounts":39066.63778781891,"cost":33905.0,"profit":5138.362748026848,"pre_discount_revenue":78110.0,"margin":13.2,"avg_discount":100.0},{"deal_name":"Spark the Summer Sale","times_used":656,"units":1076.0,"revenue":27637.975058555603,"discounts":18544.52493906021,"cost":19985.0,"profit":7652.974986433983,"pre_discount_revenue":46182.5,"margin":27.7,"avg_discount":80.4},{"deal_name":"Employee 30% - NOT FRIDAYS","times_used":620,"units":695.0,"revenue":17226.725338101387,"discounts":7443.275059461594,"cost":9799.274985790253,"profit":7427.449957109056,"pre_discount_revenue":24670.0,"margin":43.1,"avg_discount":60.4},{"deal_name":"Presidential - 30% Off","times_used":524,"units":890.0,"revenue":23910.550422668457,"discounts":10321.950104236603,"cost":13502.899959087372,"profit":10407.649924755096,"pre_discount_revenue":34232.5,"margin":43.5,"avg_discount":60.4},{"deal_name":"GW - BOGO Presidential","times_used":420,"units":1251.0,"revenue":25719.92489695549,"discounts":25456.325097084045,"cost":22108.125,"profit":3611.8001675605774,"pre_discount_revenue":51176.25,"margin":14.0,"avg_discount":99.4},{"deal_name":"LVAC - 25% Off","times_used":410,"units":558.0,"revenue":16210.0,"discounts":5420.0,"cost":8993.774988651276,"profit":7216.225011348724,"pre_discount_revenue":21630.0,"margin":44.5,"avg_discount":50.2},{"deal_name":"4/20 50% Off!!!!","times_used":406,"units":704.0,"revenue":14316.25,"discounts":14316.25,"cost":12306.25,"profit":2010.0,"pre_discount_revenue":28632.5,"margin":14.0,"avg_discount":100.0},{"deal_name":"Employee - 40% OFF","times_used":294,"units":359.0,"revenue":7786.500038653612,"discounts":5254.749956130981,"cost":5206.62499666214,"profit":2579.874990284443,"pre_discount_revenue":13041.25,"margin":33.1,"avg_discount":80.6},{"deal_name":"Presidential BOGO - Get IPR $0.01","times_used":224,"units":589.0,"revenue":7894.650001525879,"discounts":6870.349926948547,"cost":5153.75,"profit":2740.900077819824,"pre_discount_revenue":14765.0,"margin":34.7,"avg_discount":93.0},{"deal_name":"BOGO Presidential - 1g IPR","times_used":146,"units":344.0,"revenue":4397.125039100647,"discounts":4292.874956130981,"cost":3010.0,"profit":1387.1250438690186,"pre_discount_revenue":8690.0,"margin":31.5,"avg_discount":98.8},{"deal_name":"40% Off Special","times_used":146,"units":242.0,"revenue":3946.500062942505,"discounts":2630.999937057495,"cost":2220.5499982833862,"profit":1725.9499645233154,"pre_discount_revenue":6577.5,"margin":43.7,"avg_discount":80.0},{"deal_name":"Store Credit - $15","times_used":98,"units":105.66666666666667,"revenue":2075.970835288366,"discounts":1455.6958230336509,"cost":1313.9083274205527,"profit":762.0624962449074,"pre_discount_revenue":3531.666666666667,"margin":36.7,"avg_discount":82.4},{"deal_name":"Presidential BOGO - Get IPR Free","times_used":72,"units":168.0,"revenue":2253.474998474121,"discounts":1951.524977684021,"cost":1470.0,"profit":783.4750175476074,"pre_discount_revenue":4205.0,"margin":34.8,"avg_discount":92.8},{"deal_name":"Store Credit - $25","times_used":66,"units":79.66666666666667,"revenue":1669.8833384116492,"discounts":1276.7833318312962,"cost":1114.5708270867665,"profit":555.3124972200021,"pre_discount_revenue":2946.666666666667,"margin":33.3,"avg_discount":86.6},{"deal_name":"Store Credit - $50","times_used":38,"units":46.0,"revenue":729.0499995648861,"discounts":977.1999967098236,"cost":636.1374962329865,"profit":92.91250213980675,"pre_discount_revenue":1706.25,"margin":12.7,"avg_discount":114.6},{"deal_name":"Sammy Davis Early Bird - 15% Off","times_used":24,"units":26.0,"revenue":858.5000038146973,"discounts":151.50000095367432,"cost":384.1749978065491,"profit":474.32499408721924,"pre_discount_revenue":1010.0,"margin":55.3,"avg_discount":30.0},{"deal_name":"Main St Happy Hour - 25% Off","times_used":22,"units":26.0,"revenue":653.0124998092651,"discounts":273.23750019073486,"cost":345.9124982357025,"profit":307.1000015735626,"pre_discount_revenue":926.25,"margin":47.0,"avg_discount":59.0},{"deal_name":"Medical - 10%","times_used":12,"units":14.0,"revenue":546.0000038146973,"discounts":86.49999976158142,"cost":268.94999980926514,"profit":277.05000281333923,"pre_discount_revenue":632.5,"margin":50.7,"avg_discount":27.4},{"deal_name":"Veterans Day - 30% Off For Veterans!","times_used":8,"units":12.0,"revenue":430.5000066757202,"discounts":184.49999570846558,"cost":265.0,"profit":165.50000429153442,"pre_discount_revenue":615.0,"margin":38.4,"avg_discount":60.0},{"deal_name":"Store Credit - $100","times_used":6,"units":16.0,"revenue":174.14999961853027,"discounts":308.3500003814697,"cost":174.3499994277954,"profit":-0.19999980926513783,"pre_discount_revenue":482.5,"margin":-0.1,"avg_discount":127.8},{"deal_name":"First Friday May - Presidential","times_used":6,"units":12.0,"revenue":262.5749969482422,"discounts":262.4250030517578,"cost":227.5,"profit":35.07500171661377,"pre_discount_revenue":525.0,"margin":13.4,"avg_discount":100.0},{"deal_name":"25% Off Special","times_used":4,"units":6.0,"revenue":202.5,"discounts":67.5,"cost":108.75,"profit":93.75,"pre_discount_revenue":270.0,"margin":46.3,"avg_discount":50.0},{"deal_name":"Reno - Early Bird - Senior / Veterans - 20%","times_used":4,"units":16.0,"revenue":363.99999618530273,"discounts":90.99999904632568,"cost":162.89999961853027,"profit":201.10000133514404,"pre_discount_revenue":455.0,"margin":55.2,"avg_discount":40.0},{"deal_name":"Presidential / Karma / ROVE / Dogwalkers - 1g IPR 3 for $50","times_used":4,"units":4.0,"revenue":83.29999923706055,"discounts":16.699999570846558,"cost":35.0,"profit":48.29999923706055,"pre_discount_revenue":100.0,"margin":58.0,"avg_discount":33.4},{"deal_name":"Neighborhood / ShareDowntown - 15%","times_used":4,"units":6.0,"revenue":193.37500095367432,"discounts":34.12500023841858,"cost":86.12499952316284,"profit":107.24999904632568,"pre_discount_revenue":227.5,"margin":55.5,"avg_discount":30.0},{"deal_name":"35% Off Special","times_used":4,"units":6.0,"revenue":85.0,"discounts":65.0,"cost":52.5,"profit":32.5,"pre_discount_revenue":150.0,"margin":38.2,"avg_discount":86.6},{"deal_name":"Reno - Early Bird - Senior & Veteran - 25%","times_used":2,"units":2.0,"revenue":37.5,"discounts":12.5,"cost":17.5,"profit":20.0,"pre_discount_revenue":50.0,"margin":53.3,"avg_discount":50.0},{"deal_name":"Store Credit - $75","times_used":2,"units":4.0,"revenue":125.0,"discounts":75.0,"cost":79.34999942779541,"profit":45.65000057220459,"pre_discount_revenue":200.0,"margin":36.5,"avg_discount":75.0},{"deal_name":"25-30% Off","times_used":2,"units":2.0,"revenue":67.5,"discounts":22.5,"cost":36.25,"profit":31.25,"pre_discount_revenue":90.0,"margin":46.3,"avg_discount":50.0},{"deal_name":"Voucher - 35% Off One Item","times_used":2,"units":2.0,"revenue":50.374999046325684,"discounts":27.125000953674316,"cost":33.75,"profit":16.62500023841858,"pre_discount_revenue":77.5,"margin":33.0,"avg_discount":70.0}],"top_products":[{"product":"SKYWALKER MOON ROCK BLUNT - PRESIDENTIAL","units":27822,"revenue":848653.046875,"cost":460621.0546875,"profit":388031.953125,"transactions":22412,"margin":45.70000076293945},{"product":"WAUI MOON ROCK BLUNT - PRESIDENTIAL","units":15544,"revenue":479194.609375,"cost":257946.6015625,"profit":221248.0078125,"transactions":12216,"margin":46.20000076293945},{"product":"SKYWALKER MOON ROCK MINI BLUNTS - PRESIDENTIAL","units":8118,"revenue":356267.578125,"cost":182106.97265625,"profit":174160.60546875,"transactions":7428,"margin":48.900001525878906},{"product":"PEACH MANGO MOON ROCK BLUNT - PRESIDENTIAL","units":10650,"revenue":331576.171875,"cost":177222.75390625,"profit":154353.427734375,"transactions":8992,"margin":46.599998474121094},{"product":"GARLIC COOKIES MOON ROCK BLUNT - PRESIDENTIAL","units":7936,"revenue":241390.37109375,"cost":132667.197265625,"profit":108723.173828125,"transactions":6488,"margin":45.0},{"product":"WATERMELON MOON ROCK BLUNT - PRESIDENTIAL","units":7236,"revenue":227108.14453125,"cost":121722.900390625,"profit":105385.25390625,"transactions":6070,"margin":46.400001525878906},{"product":"WATERMELON MOON ROCK MINI BLUNTS - PRESIDENTIAL","units":5012,"revenue":223161.25,"cost":113476.328125,"profit":109684.921875,"transactions":4712,"margin":49.20000076293945},{"product":"WAUI MOON ROCK MINI BLUNTS - PRESIDENTIAL","units":4706,"revenue":205868.92578125,"cost":103520.224609375,"profit":102348.701171875,"transactions":4304,"margin":49.70000076293945},{"product":"GHOST TRAIN HAZE MOON ROCK BLUNT - PRESIDENTIAL","units":6124,"revenue":186750.99609375,"cost":102032.099609375,"profit":84718.896484375,"transactions":4976,"margin":45.400001525878906},{"product":"CLASSIC MOON ROCK BLUNT - PRESIDENTIAL","units":5818,"revenue":177068.9453125,"cost":96004.345703125,"profit":81064.599609375,"transactions":4840,"margin":45.79999923706055},{"product":"GRAPE MOON ROCK MINI BLUNTS - PRESIDENTIAL","units":3114,"revenue":135641.171875,"cost":68881.5478515625,"profit":66759.6240234375,"transactions":2864,"margin":49.20000076293945},{"product":"PINEAPPLE MOON ROCK BLUNT - PRESIDENTIAL","units":4314,"revenue":131965.80078125,"cost":69880.3515625,"profit":62085.44921875,"transactions":3800,"margin":47.0},{"product":"STRAWBERRY MOON ROCK BLUNT - PRESIDENTIAL","units":3972,"revenue":124148.173828125,"cost":66009.3994140625,"profit":58138.7744140625,"transactions":3410,"margin":46.79999923706055},{"product":"BLUE RASPBERRY MOON ROCK BLUNT - PRESIDENTIAL","units":4248,"revenue":123411.6796875,"cost":67931.4013671875,"profit":55480.2734375,"transactions":3664,"margin":45.0},{"product":"GARLIC COOKIES MOON ROCK PRE ROLL - PRESIDENTIAL","units":5560,"revenue":111958.65234375,"cost":52145.0,"profit":59813.65234375,"transactions":4078,"margin":53.400001525878906},{"product":"GRAPE MOON ROCK BLUNT - PRESIDENTIAL","units":2876,"revenue":89935.205078125,"cost":46305.2978515625,"profit":43629.8974609375,"transactions":2560,"margin":48.5},{"product":"GHOST TRAIN HAZE MOON ROCK PRE ROLL - PRESIDENTIAL","units":3928,"revenue":77772.2021484375,"cost":34370.0,"profit":43402.2021484375,"transactions":3062,"margin":55.79999923706055},{"product":"STRAWBERRY MOON ROCK MINI BLUNTS - PRESIDENTIAL","units":1668,"revenue":71162.1728515625,"cost":37020.80078125,"profit":34141.37451171875,"transactions":1556,"margin":48.0},{"product":"PINK COOKIES MOON ROCK PRE ROLL - PRESIDENTIAL","units":3618,"revenue":69237.3486328125,"cost":31657.5,"profit":37579.85107421875,"transactions":2896,"margin":54.29999923706055},{"product":"CLASSIC MOON ROCK MINI PRE ROLL PACK - PRESIDENTIAL","units":1898,"revenue":58724.19921875,"cost":27521.55029296875,"profit":31202.64892578125,"transactions":1598,"margin":53.099998474121094},{"product":"CHERRY GELATO MOON ROCK MINI PRE ROLL PACK - PRESIDENTIAL","units":1762,"revenue":53593.623046875,"cost":25504.94873046875,"profit":28088.67431640625,"transactions":1516,"margin":52.400001525878906},{"product":"CLASSIC MOON ROCK - PRESIDENTIAL","units":1430,"revenue":51313.9013671875,"cost":25616.875,"profit":25697.02392578125,"transactions":1090,"margin":50.099998474121094},{"product":"PEACH MANGO MOON ROCK MINI BLUNTS - PRESIDENTIAL","units":1240,"revenue":51149.501953125,"cost":26682.77587890625,"profit":24466.72607421875,"transactions":1176,"margin":47.79999923706055},{"product":"SKYWALKER MOON ROCK - PRESIDENTIAL","units":1262,"revenue":47015.048828125,"cost":22296.25,"profit":24718.80126953125,"transactions":1106,"margin":52.599998474121094},{"product":"GRAPE MOON ROCK MINI PRE ROLL PACK - PRESIDENTIAL","units":1436,"revenue":46297.6513671875,"cost":24232.5,"profit":22065.14892578125,"transactions":1320,"margin":47.70000076293945}],"products_by_store":{"Elevation Springs":[{"product":"SKYWALKER MOON ROCK BLUNT - PRESIDENTIAL","units":9148,"revenue":272769.1015625,"cost":151626.904296875,"profit":121142.197265625,"transactions":7240,"margin":44.400001525878906},{"product":"WAUI MOON ROCK BLUNT - PRESIDENTIAL","units":5876,"revenue":180155.234375,"cost":97616.69921875,"profit":82538.525390625,"transactions":4474,"margin":45.79999923706055},{"product":"SKYWALKER MOON ROCK MINI BLUNTS - PRESIDENTIAL","units":2348,"revenue":102173.271484375,"cost":52581.42578125,"profit":49591.8505859375,"transactions":2162,"margin":48.5},{"product":"PEACH MANGO MOON ROCK BLUNT - PRESIDENTIAL","units":3232,"revenue":99055.849609375,"cost":53978.3984375,"profit":45077.451171875,"transactions":2634,"margin":45.5},{"product":"WATERMELON MOON ROCK BLUNT - PRESIDENTIAL","units":2580,"revenue":82618.75,"cost":43158.30078125,"profit":39460.44921875,"transactions":2268,"margin":47.79999923706055},{"product":"GARLIC COOKIES MOON ROCK BLUNT - PRESIDENTIAL","units":2242,"revenue":65651.0498046875,"cost":37344.150390625,"profit":28306.8994140625,"transactions":1742,"margin":43.099998474121094},{"product":"GHOST TRAIN HAZE MOON ROCK BLUNT - PRESIDENTIAL","units":2106,"revenue":63482.802734375,"cost":35058.75,"profit":28424.05029296875,"transactions":1678,"margin":44.79999923706055},{"product":"WATERMELON MOON ROCK MINI BLUNTS - PRESIDENTIAL","units":1386,"revenue":60780.3515625,"cost":31157.05078125,"profit":29623.30078125,"transactions":1308,"margin":48.70000076293945},{"product":"CLASSIC MOON ROCK BLUNT - PRESIDENTIAL","units":1940,"revenue":59497.724609375,"cost":31964.69970703125,"profit":27533.02490234375,"transactions":1610,"margin":46.29999923706055},{"product":"WAUI MOON ROCK MINI BLUNTS - PRESIDENTIAL","units":1302,"revenue":56401.474609375,"cost":28708.27392578125,"profit":27693.20068359375,"transactions":1180,"margin":49.099998474121094},{"product":"STRAWBERRY MOON ROCK BLUNT - PRESIDENTIAL","units":1540,"revenue":48016.201171875,"cost":25272.2998046875,"profit":22743.89892578125,"transactions":1298,"margin":47.400001525878906},{"product":"PINEAPPLE MOON ROCK BLUNT - PRESIDENTIAL","units":1514,"revenue":44946.650390625,"cost":24939.150390625,"profit":20007.5,"transactions":1302,"margin":44.5},{"product":"GRAPE MOON ROCK BLUNT - PRESIDENTIAL","units":1246,"revenue":39223.42529296875,"cost":20277.449951171875,"profit":18945.975341796875,"transactions":1094,"margin":48.29999923706055},{"product":"GRAPE MOON ROCK MINI BLUNTS - PRESIDENTIAL","units":850,"revenue":36017.900390625,"cost":18564.7998046875,"profit":17453.099365234375,"transactions":778,"margin":48.5},{"product":"GARLIC COOKIES MOON ROCK PRE ROLL - PRESIDENTIAL","units":1620,"revenue":33481.19873046875,"cost":15206.25,"profit":18274.949951171875,"transactions":1180,"margin":54.599998474121094}],"Elevation Mesa":[{"product":"SKYWALKER MOON ROCK BLUNT - PRESIDENTIAL","units":5164,"revenue":157055.380859375,"cost":85496.103515625,"profit":71559.2724609375,"transactions":4402,"margin":45.599998474121094},{"product":"WAUI MOON ROCK BLUNT - PRESIDENTIAL","units":3082,"revenue":93640.4296875,"cost":51063.1494140625,"profit":42577.275390625,"transactions":2466,"margin":45.5},{"product":"SKYWALKER MOON ROCK MINI BLUNTS - PRESIDENTIAL","units":1550,"revenue":65554.775390625,"cost":35041.59912109375,"profit":30513.17626953125,"transactions":1432,"margin":46.5},{"product":"PEACH MANGO MOON ROCK BLUNT - PRESIDENTIAL","units":2076,"revenue":63294.3017578125,"cost":34605.30029296875,"profit":28688.9990234375,"transactions":1762,"margin":45.29999923706055},{"product":"GARLIC COOKIES MOON ROCK BLUNT - PRESIDENTIAL","units":1622,"revenue":50115.673828125,"cost":27371.25,"profit":22744.423828125,"transactions":1406,"margin":45.400001525878906},{"product":"WATERMELON MOON ROCK BLUNT - PRESIDENTIAL","units":1296,"revenue":38565.90087890625,"cost":21750.0,"profit":16815.899658203125,"transactions":854,"margin":43.599998474121094},{"product":"GHOST TRAIN HAZE MOON ROCK BLUNT - PRESIDENTIAL","units":1160,"revenue":35543.62548828125,"cost":19344.599609375,"profit":16199.024658203125,"transactions":990,"margin":45.599998474121094},{"product":"WATERMELON MOON ROCK MINI BLUNTS - PRESIDENTIAL","units":842,"revenue":35495.576171875,"cost":19162.225341796875,"profit":16333.349609375,"transactions":812,"margin":46.0},{"product":"WAUI MOON ROCK MINI BLUNTS - PRESIDENTIAL","units":856,"revenue":35185.50048828125,"cost":19262.425537109375,"profit":15923.074951171875,"transactions":788,"margin":45.29999923706055},{"product":"BLUE RASPBERRY MOON ROCK BLUNT - PRESIDENTIAL","units":1188,"revenue":34543.40087890625,"cost":19082.7001953125,"profit":15460.699462890625,"transactions":1060,"margin":44.79999923706055},{"product":"CLASSIC MOON ROCK BLUNT - PRESIDENTIAL","units":1006,"revenue":31470.34912109375,"cost":16606.650390625,"profit":14863.699951171875,"transactions":884,"margin":47.20000076293945},{"product":"PINEAPPLE MOON ROCK BLUNT - PRESIDENTIAL","units":868,"revenue":26715.54931640625,"cost":14013.900146484375,"profit":12701.650390625,"transactions":776,"margin":47.5},{"product":"GRAPE MOON ROCK MINI BLUNTS - PRESIDENTIAL","units":622,"revenue":25897.22412109375,"cost":13759.124755859375,"profit":12138.1005859375,"transactions":548,"margin":46.900001525878906},{"product":"STRAWBERRY MOON ROCK MINI BLUNTS - PRESIDENTIAL","units":360,"revenue":14989.375,"cost":8127.750244140625,"profit":6861.624755859375,"transactions":346,"margin":45.79999923706055},{"product":"STRAWBERRY MOON ROCK BLUNT - PRESIDENTIAL","units":484,"revenue":14728.875732421875,"cost":7850.7000732421875,"profit":6878.175048828125,"transactions":450,"margin":46.70000076293945}],"Elevation Oasis":[{"product":"SKYWALKER MOON ROCK BLUNT - PRESIDENTIAL","units":2240,"revenue":70586.650390625,"cost":37387.19970703125,"profit":33199.45068359375,"transactions":1710,"margin":47.0},{"product":"SKYWALKER MOON ROCK MINI BLUNTS - PRESIDENTIAL","units":930,"revenue":43663.0517578125,"cost":20447.5244140625,"profit":23215.52490234375,"transactions":836,"margin":53.20000076293945},{"product":"WATERMELON MOON ROCK MINI BLUNTS - PRESIDENTIAL","units":656,"revenue":29163.125,"cost":14637.425537109375,"profit":14525.699462890625,"transactions":610,"margin":49.79999923706055},{"product":"WAUI MOON ROCK MINI BLUNTS - PRESIDENTIAL","units":576,"revenue":26307.35107421875,"cost":12498.125,"profit":13809.224853515625,"transactions":524,"margin":52.5},{"product":"WAUI MOON ROCK BLUNT - PRESIDENTIAL","units":728,"revenue":24321.97509765625,"cost":12069.000244140625,"profit":12252.974853515625,"transactions":598,"margin":50.400001525878906},{"product":"PEACH MANGO MOON ROCK BLUNT - PRESIDENTIAL","units":680,"revenue":22327.32421875,"cost":11393.399658203125,"profit":10933.924560546875,"transactions":602,"margin":49.0},{"product":"CLASSIC MOON ROCK - PRESIDENTIAL","units":508,"revenue":19819.07470703125,"cost":9207.5,"profit":10611.57470703125,"transactions":382,"margin":53.5},{"product":"WATERMELON MOON ROCK BLUNT - PRESIDENTIAL","units":566,"revenue":18590.400390625,"cost":9508.049926757812,"profit":9082.349853515625,"transactions":508,"margin":48.900001525878906},{"product":"GARLIC COOKIES MOON ROCK BLUNT - PRESIDENTIAL","units":562,"revenue":17194.324951171875,"cost":9483.75,"profit":7710.574951171875,"transactions":450,"margin":44.79999923706055},{"product":"WAUI MOON ROCK - PRESIDENTIAL","units":368,"revenue":15536.99951171875,"cost":6582.5,"profit":8954.500122070312,"transactions":308,"margin":57.599998474121094},{"product":"BLUE RASPBERRY MOON ROCK BLUNT - PRESIDENTIAL","units":430,"revenue":13173.5498046875,"cost":6896.25,"profit":6277.2998046875,"transactions":384,"margin":47.70000076293945},{"product":"CLASSIC MOON ROCK BLUNT - PRESIDENTIAL","units":432,"revenue":12429.69970703125,"cost":7126.7999267578125,"profit":5302.8997802734375,"transactions":340,"margin":42.70000076293945},{"product":"PINEAPPLE MOON ROCK BLUNT - PRESIDENTIAL","units":360,"revenue":11964.45068359375,"cost":5801.400146484375,"profit":6163.0499267578125,"transactions":344,"margin":51.5},{"product":"GHOST TRAIN HAZE MOON ROCK BLUNT - PRESIDENTIAL","units":370,"revenue":11839.925537109375,"cost":6243.75,"profit":5596.1749267578125,"transactions":278,"margin":47.29999923706055},{"product":"SKYWALKER MOON ROCK - PRESIDENTIAL","units":266,"revenue":11116.99951171875,"cost":4243.75,"profit":6873.2501220703125,"transactions":236,"margin":61.79999923706055}],"Elevation Downtown":[{"product":"WAUI MOON ROCK MINI BLUNTS - PRESIDENTIAL","units":168,"revenue":6878.4747314453125,"cost":3470.775146484375,"profit":3407.6998901367188,"transactions":148,"margin":49.5},{"product":"WATERMELON MOON ROCK BLUNT - PRESIDENTIAL","units":258,"revenue":6717.3248291015625,"cost":4272.149963378906,"profit":2445.175018310547,"transactions":218,"margin":36.400001525878906},{"product":"GHOST TRAIN HAZE MOON ROCK PRE ROLL - PRESIDENTIAL","units":274,"revenue":5246.55029296875,"cost":2397.5,"profit":2849.0499877929688,"transactions":234,"margin":54.29999923706055},{"product":"BLUE RASPBERRY MOON ROCK BLUNT - PRESIDENTIAL","units":142,"revenue":4254.750061035156,"cost":2175.449981689453,"profit":2079.2999267578125,"transactions":140,"margin":48.900001525878906},{"product":"SKYWALKER MOON ROCK BLUNT - PRESIDENTIAL","units":134,"revenue":3961.6500854492188,"cost":2078.8499450683594,"profit":1882.7999877929688,"transactions":106,"margin":47.5},{"product":"XJ 13 MOON ROCK PRE ROLL - PRESIDENTIAL","units":194,"revenue":3944.6499633789062,"cost":1697.5,"profit":2247.1499633789062,"transactions":182,"margin":57.0},{"product":"GARLIC COOKIES MOON ROCK PRE ROLL - PRESIDENTIAL","units":164,"revenue":3293.9999389648438,"cost":1435.0,"profit":1858.9999389648438,"transactions":144,"margin":56.400001525878906},{"product":"CLASSIC MOON ROCK MINI PRE ROLL PACK - PRESIDENTIAL","units":108,"revenue":3268.5000610351562,"cost":1611.300048828125,"profit":1657.2000122070312,"transactions":96,"margin":50.70000076293945},{"product":"WAUI MOON ROCK BLUNT - PRESIDENTIAL","units":110,"revenue":3223.9999389648438,"cost":1712.2500610351562,"profit":1511.7500305175781,"transactions":106,"margin":46.900001525878906},{"product":"CHERRY GELATO MOON ROCK MINI PRE ROLL PACK - PRESIDENTIAL","units":100,"revenue":3002.2500610351562,"cost":1447.5,"profit":1554.7500610351562,"transactions":88,"margin":51.79999923706055},{"product":"GARLIC COOKIES MOON ROCK BLUNT - PRESIDENTIAL","units":94,"revenue":2991.5249633789062,"cost":1418.2499694824219,"profit":1573.2749938964844,"transactions":74,"margin":52.599998474121094},{"product":"STRAWBERRY MOON ROCK BLUNT - PRESIDENTIAL","units":100,"revenue":2983.75,"cost":1567.5,"profit":1416.25,"transactions":98,"margin":47.5},{"product":"GHOST TRAIN HAZE MOON ROCK BLUNT - PRESIDENTIAL","units":76,"revenue":2495.5250549316406,"cost":1162.5,"profit":1333.0250549316406,"transactions":72,"margin":53.400001525878906},{"product":"PINK COOKIES MOON ROCK PRE ROLL - PRESIDENTIAL","units":120,"revenue":2428.975067138672,"cost":1050.0,"profit":1378.9750671386719,"transactions":116,"margin":56.79999923706055},{"product":"STRAWBERRY MOON ROCK MINI PRE ROLL PACK - PRESIDENTIAL","units":70,"revenue":2273.249969482422,"cost":1037.249984741211,"profit":1235.999984741211,"transactions":60,"margin":54.400001525878906}],"Elevation Midtown":[{"product":"SKYWALKER MOON ROCK BLUNT - PRESIDENTIAL","units":1900,"revenue":61915.9765625,"cost":31299.29931640625,"profit":30616.6748046875,"transactions":1494,"margin":49.400001525878906},{"product":"PEACH MANGO MOON ROCK BLUNT - PRESIDENTIAL","units":1272,"revenue":42381.77734375,"cost":21105.0,"profit":21276.77490234375,"transactions":1124,"margin":50.20000076293945},{"product":"SKYWALKER MOON ROCK MINI BLUNTS - PRESIDENTIAL","units":880,"revenue":40006.52587890625,"cost":19705.6494140625,"profit":20300.875244140625,"transactions":788,"margin":50.70000076293945},{"product":"WATERMELON MOON ROCK BLUNT - PRESIDENTIAL","units":926,"revenue":29885.94970703125,"cost":16292.850341796875,"profit":13593.1005859375,"transactions":772,"margin":45.5},{"product":"WAUI MOON ROCK BLUNT - PRESIDENTIAL","units":894,"revenue":29147.7001953125,"cost":14755.050048828125,"profit":14392.650146484375,"transactions":774,"margin":49.400001525878906},{"product":"GRAPE MOON ROCK MINI BLUNTS - PRESIDENTIAL","units":474,"revenue":21960.0244140625,"cost":10487.850341796875,"profit":11472.17529296875,"transactions":458,"margin":52.20000076293945},{"product":"WAUI MOON ROCK MINI BLUNTS - PRESIDENTIAL","units":476,"revenue":20895.0,"cost":10350.0,"profit":10545.0,"transactions":430,"margin":50.5},{"product":"GARLIC COOKIES MOON ROCK BLUNT - PRESIDENTIAL","units":616,"revenue":20641.025390625,"cost":10155.0,"profit":10486.025390625,"transactions":542,"margin":50.79999923706055},{"product":"WATERMELON MOON ROCK MINI BLUNTS - PRESIDENTIAL","units":394,"revenue":18495.574951171875,"cost":8960.025024414062,"profit":9535.549926757812,"transactions":360,"margin":51.599998474121094},{"product":"GHOST TRAIN HAZE MOON ROCK BLUNT - PRESIDENTIAL","units":548,"revenue":16662.349853515625,"cost":9127.5,"profit":7534.849853515625,"transactions":448,"margin":45.20000076293945},{"product":"BLUE RASPBERRY MOON ROCK BLUNT - PRESIDENTIAL","units":528,"revenue":16330.224609375,"cost":8353.200073242188,"profit":7977.025146484375,"transactions":472,"margin":48.79999923706055},{"product":"GARLIC COOKIES MOON ROCK PRE ROLL - PRESIDENTIAL","units":748,"revenue":16094.7998046875,"cost":7006.25,"profit":9088.5498046875,"transactions":568,"margin":56.5},{"product":"WATERMELON MOON ROCK - PRESIDENTIAL","units":264,"revenue":9700.399780273438,"cost":4700.474853515625,"profit":4999.9249267578125,"transactions":166,"margin":51.5},{"product":"GHOST TRAIN HAZE MOON ROCK PRE ROLL - PRESIDENTIAL","units":452,"revenue":9229.149780273438,"cost":3955.0,"profit":5274.1497802734375,"transactions":374,"margin":57.099998474121094},{"product":"SKYWALKER MOON ROCK - PRESIDENTIAL","units":236,"revenue":8780.250244140625,"cost":4277.5,"profit":4502.749938964844,"transactions":168,"margin":51.29999923706055}],"Elevation Boulevard":[{"product":"SKYWALKER MOON ROCK BLUNT - PRESIDENTIAL","units":4284,"revenue":127714.53125,"cost":70934.1015625,"profit":56780.4248046875,"transactions":3396,"margin":44.5},{"product":"WAUI MOON ROCK BLUNT - PRESIDENTIAL","units":2606,"revenue":76922.7001953125,"cost":43208.251953125,"profit":33714.45068359375,"transactions":1976,"margin":43.79999923706055},{"product":"PEACH MANGO MOON ROCK BLUNT - PRESIDENTIAL","units":1570,"revenue":47906.2744140625,"cost":26076.14990234375,"profit":21830.12451171875,"transactions":1376,"margin":45.599998474121094},{"product":"GARLIC COOKIES MOON ROCK BLUNT - PRESIDENTIAL","units":1276,"revenue":37794.150390625,"cost":21417.2998046875,"profit":16376.849365234375,"transactions":1000,"margin":43.29999923706055},{"product":"CLASSIC MOON ROCK BLUNT - PRESIDENTIAL","units":1084,"revenue":31989.375,"cost":17802.900390625,"profit":14186.474609375,"transactions":880,"margin":44.29999923706055},{"product":"SKYWALKER MOON ROCK MINI BLUNTS - PRESIDENTIAL","units":736,"revenue":31161.52587890625,"cost":16592.62451171875,"profit":14568.900146484375,"transactions":692,"margin":46.79999923706055},{"product":"GHOST TRAIN HAZE MOON ROCK BLUNT - PRESIDENTIAL","units":878,"revenue":26111.92626953125,"cost":14696.25,"profit":11415.675048828125,"transactions":700,"margin":43.70000076293945},{"product":"WATERMELON MOON ROCK MINI BLUNTS - PRESIDENTIAL","units":568,"revenue":24613.47412109375,"cost":12944.324951171875,"profit":11669.150390625,"transactions":546,"margin":47.400001525878906},{"product":"WATERMELON MOON ROCK BLUNT - PRESIDENTIAL","units":774,"revenue":23535.4248046875,"cost":12850.050048828125,"profit":10685.374755859375,"transactions":684,"margin":45.400001525878906},{"product":"GARLIC COOKIES MOON ROCK PRE ROLL - PRESIDENTIAL","units":986,"revenue":19557.19970703125,"cost":9531.25,"profit":10025.94970703125,"transactions":674,"margin":51.29999923706055},{"product":"STRAWBERRY MOON ROCK BLUNT - PRESIDENTIAL","units":578,"revenue":17973.00048828125,"cost":9393.75,"profit":8579.249877929688,"transactions":448,"margin":47.70000076293945},{"product":"WAUI MOON ROCK MINI BLUNTS - PRESIDENTIAL","units":448,"revenue":17890.775146484375,"cost":9834.000244140625,"profit":8056.77490234375,"transactions":418,"margin":45.0},{"product":"PINEAPPLE MOON ROCK BLUNT - PRESIDENTIAL","units":608,"revenue":17849.400634765625,"cost":9775.2001953125,"profit":8074.1998291015625,"transactions":528,"margin":45.20000076293945},{"product":"GRAPE MOON ROCK BLUNT - PRESIDENTIAL","units":394,"revenue":11831.97509765625,"cost":6216.7498779296875,"profit":5615.2252197265625,"transactions":348,"margin":47.5},{"product":"BLUE RASPBERRY MOON ROCK BLUNT - PRESIDENTIAL","units":386,"revenue":11012.974853515625,"cost":6019.3499755859375,"profit":4993.6248779296875,"transactions":336,"margin":45.29999923706055}],"Elevation Parkway":[{"product":"SKYWALKER MOON ROCK BLUNT - PRESIDENTIAL","units":4952,"revenue":154649.7265625,"cost":81798.5986328125,"profit":72851.123046875,"transactions":4064,"margin":47.099998474121094},{"product":"WAUI MOON ROCK BLUNT - PRESIDENTIAL","units":2248,"revenue":71782.5732421875,"cost":37522.19970703125,"profit":34260.3759765625,"transactions":1822,"margin":47.70000076293945},{"product":"SKYWALKER MOON ROCK MINI BLUNTS - PRESIDENTIAL","units":1614,"revenue":71453.4228515625,"cost":36547.900390625,"profit":34905.52490234375,"transactions":1464,"margin":48.900001525878906},{"product":"PEACH MANGO MOON ROCK BLUNT - PRESIDENTIAL","units":1780,"revenue":55378.3984375,"cost":29485.50048828125,"profit":25892.900390625,"transactions":1454,"margin":46.79999923706055},{"product":"WATERMELON MOON ROCK MINI BLUNTS - PRESIDENTIAL","units":1144,"revenue":53633.1494140625,"cost":26178.85009765625,"profit":27454.29931640625,"transactions":1056,"margin":51.20000076293945},{"product":"GARLIC COOKIES MOON ROCK BLUNT - PRESIDENTIAL","units":1524,"revenue":47002.626953125,"cost":25477.5,"profit":21525.12451171875,"transactions":1274,"margin":45.79999923706055},{"product":"WAUI MOON ROCK MINI BLUNTS - PRESIDENTIAL","units":880,"revenue":42310.3515625,"cost":19396.624755859375,"profit":22913.7255859375,"transactions":816,"margin":54.20000076293945},{"product":"GRAPE MOON ROCK MINI BLUNTS - PRESIDENTIAL","units":756,"revenue":35126.8994140625,"cost":17055.12451171875,"profit":18071.77490234375,"transactions":698,"margin":51.400001525878906},{"product":"CLASSIC MOON ROCK BLUNT - PRESIDENTIAL","units":1056,"revenue":32578.9501953125,"cost":17709.599609375,"profit":14869.3505859375,"transactions":880,"margin":45.599998474121094},{"product":"GHOST TRAIN HAZE MOON ROCK BLUNT - PRESIDENTIAL","units":986,"revenue":30614.85107421875,"cost":16398.75,"profit":14216.099853515625,"transactions":810,"margin":46.400001525878906},{"product":"WATERMELON MOON ROCK BLUNT - PRESIDENTIAL","units":836,"revenue":27194.3994140625,"cost":13891.500244140625,"profit":13302.900390625,"transactions":766,"margin":48.900001525878906},{"product":"STRAWBERRY MOON ROCK BLUNT - PRESIDENTIAL","units":782,"revenue":25257.451171875,"cost":12975.450439453125,"profit":12281.99951171875,"transactions":684,"margin":48.599998474121094},{"product":"PINEAPPLE MOON ROCK BLUNT - PRESIDENTIAL","units":678,"revenue":20927.94921875,"cost":10970.849609375,"profit":9957.100219726562,"transactions":586,"margin":47.599998474121094},{"product":"GARLIC COOKIES MOON ROCK PRE ROLL - PRESIDENTIAL","units":956,"revenue":18694.5751953125,"cost":9272.5,"profit":9422.0751953125,"transactions":666,"margin":50.400001525878906},{"product":"STRAWBERRY MOON ROCK MINI BLUNTS - PRESIDENTIAL","units":382,"revenue":17296.0498046875,"cost":8689.099731445312,"profit":8606.950073242188,"transactions":352,"margin":49.79999923706055}]},"store_summary":[{"store_clean":"Elevation Springs","units":49618,"revenue":1543072.8125,"cost":817421.5625,"profit":725651.171875,"discounts":406779.7265625,"margin":47.0,"discount_rate":20.899999618530273},{"store_clean":"Elevation Mesa","units":29396,"revenue":917803.203125,"cost":489408.203125,"profit":428395.0390625,"discounts":249716.77734375,"margin":46.70000076293945,"discount_rate":21.399999618530273},{"store_clean":"Elevation Parkway","units":27526,"revenue":909014.140625,"cost":459655.78125,"profit":449358.3203125,"discounts":192610.87890625,"margin":49.400001525878906,"discount_rate":17.5},{"store_clean":"Elevation Boulevard","units":21464,"revenue":645731.25,"cost":351188.125,"profit":294543.10546875,"discounts":192136.26953125,"margin":45.599998474121094,"discount_rate":22.899999618530273},{"store_clean":"Elevation Midtown","units":15440,"revenue":508443.7890625,"cost":252574.27734375,"profit":255869.53125,"discounts":100663.701171875,"margin":50.29999923706055,"discount_rate":16.5},{"store_clean":"Elevation Oasis","units":14412,"revenue":482837.890625,"cost":238951.42578125,"profit":243886.484375,"discounts":97834.599609375,"margin":50.5,"discount_rate":16.799999237060547},{"store_clean":"Elevation Downtown","units":2694,"revenue":73185.400390625,"cost":36546.474609375,"profit":36638.92578125,"discounts":21472.099609375,"margin":50.099998474121094,"discount_rate":22.700000762939453}],"recommendations":[{"severity":"info","title":"VOLUME LEVERAGE","detail":"$2,032,036 revenue provides negotiating leverage.","action":"Use volume as leverage in next vendor meeting."}],"comparison":null}