{"brand":"GOOD TIDE","date_range":"2024-01-01 00:00:00 to 2026-01-31 00:00:00","period_label":"All Time","summary":{"total_units":70568,"total_revenue":1763145.0,"total_cost":858809.53125,"total_discounts":395266.5625,"total_profit":904335.46875,"overall_margin":51.29999923706055,"fp_margin":60.0,"disc_margin":43.70000076293945,"pct_full_price":46.599998474121094,"avg_discount_rate":18.299999237060547,"fp_revenue":821728.75,"disc_revenue":941416.25,"unique_customers":29416,"brand":"GOOD TIDE","date_range":"2024-01-01 00:00:00 to 2026-01-31 00:00:00","months_count":48,"avg_monthly_cost":35783.725,"cost_per_unit":24.35,"primary_category":"EDIBLE","primary_cat_margin":50.0,"category_rank":7,"category_total":32,"margin_vs_category":1.2999999523162842,"velocity_rank":9},"category_breakdown":[{"category_clean":"EDIBLE","units":70568,"revenue":1763145.0,"cost":858809.53125,"profit":904335.46875,"discounts":395266.5625,"margin":51.29999923706055,"category_avg_margin":50.0,"vs_category":1.3,"rank":7.0,"total_brands":32.0}],"trend":[{"period":"2024-02","revenue":2262.5,"cost":1023.75,"margin":54.8,"units":78,"transactions":62,"profit":1238.75,"revenue_change_pct":null,"units_change_pct":null,"margin_change_pts":null},{"period":"2024-03","revenue":49714.951171875,"cost":26328.75,"margin":47.0,"units":2006,"transactions":1260,"profit":23386.201171875,"revenue_change_pct":2097.3,"units_change_pct":2471.8,"margin_change_pts":-7.7},{"period":"2024-04","revenue":42379.90234375,"cost":21682.5,"margin":48.8,"units":1652,"transactions":1052,"profit":20697.39990234375,"revenue_change_pct":-14.8,"units_change_pct":-17.6,"margin_change_pts":1.8},{"period":"2024-05","revenue":27279.6240234375,"cost":13335.0,"margin":51.1,"units":1016,"transactions":698,"profit":13944.625244140625,"revenue_change_pct":-35.6,"units_change_pct":-38.5,"margin_change_pts":2.3},{"period":"2024-06","revenue":29675.6494140625,"cost":15356.25,"margin":48.3,"units":1170,"transactions":730,"profit":14319.3994140625,"revenue_change_pct":8.8,"units_change_pct":15.2,"margin_change_pts":-2.9},{"period":"2024-07","revenue":30239.375,"cost":15382.5,"margin":49.1,"units":1172,"transactions":790,"profit":14856.875,"revenue_change_pct":1.9,"units_change_pct":0.2,"margin_change_pts":0.9},{"period":"2024-08","revenue":44123.0517578125,"cost":22470.0,"margin":49.1,"units":1712,"transactions":1092,"profit":21653.04931640625,"revenue_change_pct":45.9,"units_change_pct":46.1,"margin_change_pts":-0.1},{"period":"2024-09","revenue":41808.876953125,"cost":22603.75,"margin":45.9,"units":1722,"transactions":1042,"profit":19205.12451171875,"revenue_change_pct":-5.2,"units_change_pct":0.6,"margin_change_pts":-3.1},{"period":"2024-10","revenue":53390.9765625,"cost":28395.0,"margin":46.8,"units":2160,"transactions":1202,"profit":24995.97412109375,"revenue_change_pct":27.7,"units_change_pct":25.4,"margin_change_pts":0.9},{"period":"2024-11","revenue":40815.3759765625,"cost":22868.75,"margin":44.0,"units":1914,"transactions":1158,"profit":17946.624755859375,"revenue_change_pct":-23.6,"units_change_pct":-11.4,"margin_change_pts":-2.8},{"period":"2024-12","revenue":44405.3515625,"cost":21045.0,"margin":52.6,"units":1774,"transactions":1080,"profit":23360.34912109375,"revenue_change_pct":8.8,"units_change_pct":-7.3,"margin_change_pts":8.6},{"period":"2025-01","revenue":41082.0751953125,"cost":20686.25,"margin":49.6,"units":1742,"transactions":1116,"profit":20395.8251953125,"revenue_change_pct":-7.5,"units_change_pct":-1.8,"margin_change_pts":-3.0},{"period":"2025-02","revenue":45121.201171875,"cost":22122.5,"margin":51.0,"units":1732,"transactions":1116,"profit":22998.69873046875,"revenue_change_pct":9.8,"units_change_pct":-0.6,"margin_change_pts":1.3},{"period":"2025-03","revenue":91259.853515625,"cost":47262.5,"margin":48.2,"units":3660,"transactions":2042,"profit":43997.3486328125,"revenue_change_pct":102.3,"units_change_pct":111.3,"margin_change_pts":-2.8},{"period":"2025-04","revenue":113394.6484375,"cost":65737.626953125,"margin":42.0,"units":5208,"transactions":3066,"profit":47657.0263671875,"revenue_change_pct":24.3,"units_change_pct":42.3,"margin_change_pts":-6.2},{"period":"2025-05","revenue":113225.2734375,"cost":58610.498046875,"margin":48.2,"units":4482,"transactions":2564,"profit":54614.775390625,"revenue_change_pct":-0.1,"units_change_pct":-13.9,"margin_change_pts":6.2},{"period":"2025-06","revenue":104296.25,"cost":51222.001953125,"margin":50.9,"units":4018,"transactions":2296,"profit":53074.248046875,"revenue_change_pct":-7.9,"units_change_pct":-10.4,"margin_change_pts":2.7},{"period":"2025-07","revenue":106712.05078125,"cost":50171.8505859375,"margin":53.0,"units":4324,"transactions":2516,"profit":56540.2001953125,"revenue_change_pct":2.3,"units_change_pct":7.6,"margin_change_pts":2.1},{"period":"2025-08","revenue":118024.98046875,"cost":55682.7734375,"margin":52.8,"units":4812,"transactions":2702,"profit":62342.197265625,"revenue_change_pct":10.6,"units_change_pct":11.3,"margin_change_pts":-0.2},{"period":"2025-09","revenue":108253.828125,"cost":47249.1259765625,"margin":56.4,"units":4146,"transactions":2210,"profit":61004.697265625,"revenue_change_pct":-8.3,"units_change_pct":-13.8,"margin_change_pts":3.5},{"period":"2025-10","revenue":124444.296875,"cost":53925.4736328125,"margin":56.7,"units":4738,"transactions":2564,"profit":70518.8232421875,"revenue_change_pct":15.0,"units_change_pct":14.3,"margin_change_pts":0.3},{"period":"2025-11","revenue":126060.205078125,"cost":60261.201171875,"margin":52.2,"units":5212,"transactions":2590,"profit":65798.9990234375,"revenue_change_pct":1.3,"units_change_pct":10.0,"margin_change_pts":-4.5},{"period":"2025-12","revenue":129298.603515625,"cost":55739.9755859375,"margin":56.9,"units":4890,"transactions":2526,"profit":73558.623046875,"revenue_change_pct":2.6,"units_change_pct":-6.2,"margin_change_pts":4.7},{"period":"2026-01","revenue":135876.07421875,"cost":59646.474609375,"margin":56.1,"units":5228,"transactions":2766,"profit":76229.599609375,"revenue_change_pct":5.1,"units_change_pct":6.9,"margin_change_pts":-0.8}],"share_of_category":[{"category":"EDIBLE","brand_revenue":1763145.0,"category_revenue":29378492.5,"revenue_share_pct":6.0,"brand_units":70568,"category_units":1706530,"units_share_pct":4.1}],"share_of_category_trend":{"EDIBLE":[{"period":"2024-01","brand_revenue":0.0,"category_revenue":1115754.921875,"share_pct":0.0},{"period":"2024-02","brand_revenue":2262.5,"category_revenue":1235210.0,"share_pct":0.20000000298023224},{"period":"2024-03","brand_revenue":49714.951171875,"category_revenue":1273343.671875,"share_pct":3.9000000953674316},{"period":"2024-04","brand_revenue":42379.90234375,"category_revenue":1298159.0625,"share_pct":3.299999952316284},{"period":"2024-05","brand_revenue":27279.6240234375,"category_revenue":1215880.78125,"share_pct":2.200000047683716},{"period":"2024-06","brand_revenue":29675.6494140625,"category_revenue":1181362.421875,"share_pct":2.5},{"period":"2024-07","brand_revenue":30239.375,"category_revenue":1128302.8125,"share_pct":2.700000047683716},{"period":"2024-08","brand_revenue":44123.0517578125,"category_revenue":1167724.921875,"share_pct":3.799999952316284},{"period":"2024-09","brand_revenue":41808.876953125,"category_revenue":1114619.53125,"share_pct":3.799999952316284},{"period":"2024-10","brand_revenue":53390.9765625,"category_revenue":1205149.0625,"share_pct":4.400000095367432},{"period":"2024-11","brand_revenue":40815.3759765625,"category_revenue":1236132.421875,"share_pct":3.299999952316284},{"period":"2024-12","brand_revenue":44405.3515625,"category_revenue":1207318.046875,"share_pct":3.700000047683716},{"period":"2025-01","brand_revenue":41082.0751953125,"category_revenue":1176202.578125,"share_pct":3.5},{"period":"2025-02","brand_revenue":45121.201171875,"category_revenue":1097683.359375,"share_pct":4.099999904632568},{"period":"2025-03","brand_revenue":91259.853515625,"category_revenue":1228067.265625,"share_pct":7.400000095367432},{"period":"2025-04","brand_revenue":113394.6484375,"category_revenue":1290106.171875,"share_pct":8.800000190734863},{"period":"2025-05","brand_revenue":113225.2734375,"category_revenue":1191670.3125,"share_pct":9.5},{"period":"2025-06","brand_revenue":104296.25,"category_revenue":1110702.109375,"share_pct":9.399999618530273},{"period":"2025-07","brand_revenue":106712.05078125,"category_revenue":1096938.125,"share_pct":9.699999809265137},{"period":"2025-08","brand_revenue":118024.98046875,"category_revenue":1145920.859375,"share_pct":10.300000190734863},{"period":"2025-09","brand_revenue":108253.828125,"category_revenue":1070074.53125,"share_pct":10.100000381469727},{"period":"2025-10","brand_revenue":124444.296875,"category_revenue":1168865.78125,"share_pct":10.600000381469727},{"period":"2025-11","brand_revenue":126060.205078125,"category_revenue":1192334.453125,"share_pct":10.600000381469727},{"period":"2025-12","brand_revenue":129298.603515625,"category_revenue":1138094.375,"share_pct":11.399999618530273},{"period":"2026-01","brand_revenue":135876.07421875,"category_revenue":1092874.21875,"share_pct":12.399999618530273}]},"discount_depth":[{"tier":"0% (Full Price)","transactions":23002,"pct_of_transactions":42.9,"revenue":821728.75,"avg_discount":0.0},{"tier":"1-10%","transactions":3500,"pct_of_transactions":6.5,"revenue":139336.73828125,"avg_discount":20.0},{"tier":"11-20%","transactions":1236,"pct_of_transactions":2.3,"revenue":43434.2236328125,"avg_discount":37.79999923706055},{"tier":"21-30%","transactions":7794,"pct_of_transactions":14.5,"revenue":265419.4140625,"avg_discount":49.599998474121094},{"tier":"31%+","transactions":7160,"pct_of_transactions":13.4,"revenue":201310.078125,"avg_discount":87.0}],"velocity":{"units_per_day":99.96,"revenue_per_day":2497.375030517578,"avg_units_per_txn":3.5,"days_of_data":706,"total_units":70568,"total_transactions":40240},"velocity_by_category":[{"category":"EDIBLE","brand_units_per_day":92.6,"category_avg_units_per_day":69.98,"velocity_index":132.3,"brand_rev_per_unit":19.99,"category_rev_per_unit":13.77,"brands_in_category":32}],"deals":[{"deal_name":"Good Tide 2 for $35","times_used":2726,"units":6398.0,"revenue":139976.7000055313,"discounts":55497.05000042915,"cost":82511.85006380081,"profit":57464.85011011362,"pre_discount_revenue":195473.75,"margin":41.1,"avg_discount":56.8},{"deal_name":"Industry 30% Off","times_used":2620,"units":4676.333333333333,"revenue":99835.31921645007,"discounts":43430.51738182704,"cost":54703.11188459396,"profit":45132.20399130213,"pre_discount_revenue":143265.83333333334,"margin":45.2,"avg_discount":60.6},{"deal_name":"Good Tide - 3 for $55","times_used":1930,"units":6894.0,"revenue":157567.51757065454,"discounts":54289.98392542203,"cost":78992.3120212555,"profit":78575.20395804197,"pre_discount_revenue":211857.5,"margin":49.9,"avg_discount":51.2},{"deal_name":"Industry - 30% Off","times_used":1660,"units":2418.0,"revenue":51355.000710487366,"discounts":22120.00022292137,"cost":30822.925021648407,"profit":20532.074823379517,"pre_discount_revenue":73475.0,"margin":40.0,"avg_discount":60.2},{"deal_name":"Senior - 10% Off","times_used":1350,"units":2698.0,"revenue":74054.3001639843,"discounts":8486.94987475872,"cost":32466.262224912643,"profit":41588.037229552865,"pre_discount_revenue":82541.25,"margin":56.2,"avg_discount":20.6},{"deal_name":"Good Tide 30% Off","times_used":1326,"units":2502.0,"revenue":53338.62629175186,"discounts":23081.67530834675,"cost":28916.799433231354,"profit":24421.8248404935,"pre_discount_revenue":76420.2999997139,"margin":45.8,"avg_discount":60.4},{"deal_name":"4/20 2025 - Edibles","times_used":1072,"units":2014.0,"revenue":30249.474997520447,"discounts":30473.025002479553,"cost":24852.05016374588,"profit":5397.4249793589115,"pre_discount_revenue":60722.5,"margin":17.8,"avg_discount":100.4},{"deal_name":"Good Tide BOGO","times_used":676,"units":1972.0,"revenue":30798.32516670227,"discounts":29681.67474746704,"cost":25310.0,"profit":5488.325247764587,"pre_discount_revenue":60480.0,"margin":17.8,"avg_discount":98.2},{"deal_name":"40% Off - G2B","times_used":490,"units":962.3333333333334,"revenue":17783.062810897827,"discounts":11891.520555814106,"cost":10970.599892139435,"profit":6812.462456226349,"pre_discount_revenue":29674.583333333336,"margin":38.3,"avg_discount":80.2},{"deal_name":"Senior / Veterans - 20% Off","times_used":440,"units":701.0,"revenue":17220.662149190903,"discounts":4471.837410926819,"cost":8469.224942922592,"profit":8751.437487006187,"pre_discount_revenue":21692.5,"margin":50.8,"avg_discount":41.2},{"deal_name":"Veterans - 10% Off","times_used":426,"units":640.0,"revenue":17519.937611818314,"discounts":1978.812460899353,"cost":7703.212447166443,"profit":9816.724902391434,"pre_discount_revenue":19498.75,"margin":56.0,"avg_discount":20.2},{"deal_name":"GW - 50% Off Edibles","times_used":366,"units":588.0,"revenue":8446.749999523163,"discounts":8458.250000476837,"cost":6982.5,"profit":1464.2499999701977,"pre_discount_revenue":16905.0,"margin":17.3,"avg_discount":100.0},{"deal_name":"Good Tide 3 for $50","times_used":314,"units":1066.0,"revenue":22269.374828338623,"discounts":10673.12518119812,"cost":12179.599969387054,"profit":10089.775063991547,"pre_discount_revenue":32942.5,"margin":45.3,"avg_discount":64.8},{"deal_name":"Jackpot - Locals 30% Off","times_used":288,"units":556.0,"revenue":11830.000224113464,"discounts":5070.000065565109,"cost":6703.624958992004,"profit":5126.3749742507935,"pre_discount_revenue":16900.0,"margin":43.3,"avg_discount":60.0},{"deal_name":"30% Off Special","times_used":224,"units":258.0,"revenue":5756.475143432617,"discounts":2431.0250341892242,"cost":3283.9999866485596,"profit":2472.4749779701233,"pre_discount_revenue":8187.5,"margin":43.0,"avg_discount":59.4},{"deal_name":"Good Tide B2G1","times_used":218,"units":716.0,"revenue":13590.387196540833,"discounts":7917.112429141998,"cost":8995.149998664856,"profit":4595.237545371056,"pre_discount_revenue":21507.5,"margin":33.8,"avg_discount":73.6},{"deal_name":"4/20 50% Off!!!!","times_used":166,"units":298.0,"revenue":4656.25,"discounts":4656.25,"cost":3911.25,"profit":745.0,"pre_discount_revenue":9312.5,"margin":16.0,"avg_discount":100.0},{"deal_name":"Good Tide 3 for $40","times_used":142,"units":522.0,"revenue":8569.325139522552,"discounts":7743.174843788147,"cost":6856.25,"profit":1713.0749556422234,"pre_discount_revenue":16312.5,"margin":20.0,"avg_discount":95.0},{"deal_name":"Store Credit - $25","times_used":82,"units":120.33333333333333,"revenue":2318.383321364721,"discounts":1348.6999915043511,"cost":1371.6624800364175,"profit":946.7208486050367,"pre_discount_revenue":3667.083333333333,"margin":40.8,"avg_discount":73.6},{"deal_name":"Good Tide 2 for $40","times_used":80,"units":186.0,"revenue":4645.500001907349,"discounts":1129.4999980926514,"cost":2156.4499735832214,"profit":2489.0500235557556,"pre_discount_revenue":5775.0,"margin":53.6,"avg_discount":39.2},{"deal_name":"LVAC - 25% Off","times_used":80,"units":98.0,"revenue":2212.5,"discounts":737.5,"cost":1170.5249881744385,"profit":1041.9750118255615,"pre_discount_revenue":2950.0,"margin":47.1,"avg_discount":50.0},{"deal_name":"Employee 30% - NOT FRIDAYS","times_used":62,"units":73.0,"revenue":1529.0000438690186,"discounts":707.2500097751617,"cost":909.049996137619,"profit":619.9499928951263,"pre_discount_revenue":2236.25,"margin":40.5,"avg_discount":63.2},{"deal_name":"Employee - 40% OFF","times_used":58,"units":64.0,"revenue":1198.5750246047974,"discounts":813.9249753952026,"cost":792.3499941825867,"profit":406.2249970436096,"pre_discount_revenue":2012.5,"margin":33.9,"avg_discount":80.8},{"deal_name":"Store Credit - $15","times_used":56,"units":73.0,"revenue":1479.6666737397513,"discounts":799.0833314259846,"cost":832.1624926726024,"profit":647.5041742622852,"pre_discount_revenue":2278.75,"margin":43.8,"avg_discount":70.2},{"deal_name":"WYLD / Good Tide Buy 2 Get 1","times_used":56,"units":242.0,"revenue":4919.524884223938,"discounts":2642.9749965667725,"cost":3176.25,"profit":1743.2750082015991,"pre_discount_revenue":7562.5,"margin":35.4,"avg_discount":69.8},{"deal_name":"40% Off Special","times_used":38,"units":52.0,"revenue":897.0000123977661,"discounts":597.9999876022339,"cost":592.7999925613403,"profit":304.1999888420105,"pre_discount_revenue":1495.0,"margin":33.9,"avg_discount":80.0},{"deal_name":"Main St Happy Hour - 25% Off","times_used":28,"units":36.0,"revenue":826.875,"discounts":275.625,"cost":410.3749942779541,"profit":416.5000057220459,"pre_discount_revenue":1102.5,"margin":50.4,"avg_discount":50.0},{"deal_name":"Store Credit - $50","times_used":22,"units":62.333333333333336,"revenue":1231.0833408435185,"discounts":647.2500014305115,"cost":710.3749946753185,"profit":520.7083361844221,"pre_discount_revenue":1878.3333333333335,"margin":42.3,"avg_discount":69.0},{"deal_name":"Good Tide Gummy All Orders Over $65 Subtotal","times_used":18,"units":38.0,"revenue":604.5874953269958,"discounts":582.9124999046326,"cost":498.75,"profit":105.83750284742564,"pre_discount_revenue":1187.5,"margin":17.5,"avg_discount":98.2},{"deal_name":"WYLD Buy 2 Get 1","times_used":12,"units":40.0,"revenue":812.6749753952026,"discounts":437.32499599456787,"cost":525.0,"profit":287.67500400543213,"pre_discount_revenue":1250.0,"margin":35.4,"avg_discount":70.0},{"deal_name":"Sammy Davis Early Bird - 15% Off","times_used":8,"units":12.0,"revenue":325.12500286102295,"discounts":57.375001311302185,"cost":136.79999828338623,"profit":188.32499504089355,"pre_discount_revenue":382.5,"margin":57.9,"avg_discount":30.0},{"deal_name":"Store Credit - $75","times_used":6,"units":14.666666666666666,"revenue":225.1083278656006,"discounts":232.8083388010661,"cost":167.2000002861023,"profit":57.90833491832018,"pre_discount_revenue":457.91666666666663,"margin":25.7,"avg_discount":101.6},{"deal_name":"Reno - Early Bird - Senior / Veterans - 20%","times_used":4,"units":10.0,"revenue":241.99999332427979,"discounts":60.499998331069946,"cost":113.99999856948853,"profit":127.99999952316284,"pre_discount_revenue":302.5,"margin":52.9,"avg_discount":40.0},{"deal_name":"Senior Sunday - RENO ONLY - 20% Off","times_used":4,"units":12.0,"revenue":299.99999046325684,"discounts":74.99999761581421,"cost":138.69999885559082,"profit":161.30000114440918,"pre_discount_revenue":375.0,"margin":53.8,"avg_discount":40.0},{"deal_name":"Store Credit - $100","times_used":2,"units":1.0,"revenue":11.387499570846558,"discounts":21.112499237060547,"cost":11.399999856948853,"profit":-0.012499999720603228,"pre_discount_revenue":32.5,"margin":-0.1,"avg_discount":130.0},{"deal_name":"Medical - 10%","times_used":2,"units":2.0,"revenue":51.75000190734863,"discounts":5.7499998807907104,"cost":23.75,"profit":27.999999523162842,"pre_discount_revenue":57.5,"margin":54.1,"avg_discount":20.0}],"top_products":[{"product":"PINEAPPLE GUMMIES - GOOD TIDE","units":17752,"revenue":433045.6640625,"cost":212812.2265625,"profit":220233.41796875,"transactions":13608,"margin":50.900001525878906},{"product":"MANGO GUMMIES - GOOD TIDE","units":13912,"revenue":331825.703125,"cost":167670.1171875,"profit":164155.56640625,"transactions":10324,"margin":49.5},{"product":"GUAVA GUMMIES - GOOD TIDE","units":12828,"revenue":312407.1484375,"cost":155407.177734375,"profit":156999.970703125,"transactions":10154,"margin":50.29999923706055},{"product":"1:1:1 THC/CBD/CBN PASSION FRUIT GUMMIES - GOOD TIDE","units":11666,"revenue":306581.6015625,"cost":143563.623046875,"profit":163017.96875,"transactions":7958,"margin":53.20000076293945},{"product":"1:1:1 THC/CBD/CBG KIWI STRAWBERRY GUMMIES - GOOD TIDE","units":8148,"revenue":214976.34765625,"cost":101155.576171875,"profit":113820.771484375,"transactions":6558,"margin":52.900001525878906},{"product":"1:1:1 THC/CBD/CBC GRAPEFRUIT GUMMIES - GOOD TIDE","units":6262,"revenue":164308.49609375,"cost":78200.7763671875,"profit":86107.724609375,"transactions":4976,"margin":52.400001525878906}],"products_by_store":{"Elevation Springs":[{"product":"PINEAPPLE GUMMIES - GOOD TIDE","units":4632,"revenue":108770.0,"cost":54895.5517578125,"profit":53874.4482421875,"transactions":3404,"margin":49.5},{"product":"1:1:1 THC/CBD/CBN PASSION FRUIT GUMMIES - GOOD TIDE","units":3986,"revenue":104892.5,"cost":48283.3984375,"profit":56609.0966796875,"transactions":2758,"margin":54.0},{"product":"MANGO GUMMIES - GOOD TIDE","units":3422,"revenue":79880.7763671875,"cost":41010.673828125,"profit":38870.10009765625,"transactions":2648,"margin":48.70000076293945},{"product":"GUAVA GUMMIES - GOOD TIDE","units":3174,"revenue":73901.4990234375,"cost":38352.64892578125,"profit":35548.85009765625,"transactions":2514,"margin":48.099998474121094},{"product":"1:1:1 THC/CBD/CBG KIWI STRAWBERRY GUMMIES - GOOD TIDE","units":2228,"revenue":58937.1484375,"cost":27672.0751953125,"profit":31265.0732421875,"transactions":1860,"margin":53.0},{"product":"1:1:1 THC/CBD/CBC GRAPEFRUIT GUMMIES - GOOD TIDE","units":2128,"revenue":55329.423828125,"cost":26028.75,"profit":29300.673828125,"transactions":1648,"margin":53.0}],"Elevation Mesa":[{"product":"PINEAPPLE GUMMIES - GOOD TIDE","units":2056,"revenue":47265.3759765625,"cost":24881.8505859375,"profit":22383.525390625,"transactions":1606,"margin":47.400001525878906},{"product":"MANGO GUMMIES - GOOD TIDE","units":1686,"revenue":37881.474609375,"cost":20309.649658203125,"profit":17571.824951171875,"transactions":1222,"margin":46.400001525878906},{"product":"GUAVA GUMMIES - GOOD TIDE","units":1550,"revenue":35090.05126953125,"cost":18775.32470703125,"profit":16314.725341796875,"transactions":1210,"margin":46.5},{"product":"1:1:1 THC/CBD/CBN PASSION FRUIT GUMMIES - GOOD TIDE","units":1300,"revenue":32735.8251953125,"cost":16533.099365234375,"profit":16202.724609375,"transactions":954,"margin":49.5},{"product":"1:1:1 THC/CBD/CBG KIWI STRAWBERRY GUMMIES - GOOD TIDE","units":1112,"revenue":27335.94970703125,"cost":14032.5244140625,"profit":13303.42529296875,"transactions":912,"margin":48.70000076293945},{"product":"1:1:1 THC/CBD/CBC GRAPEFRUIT GUMMIES - GOOD TIDE","units":708,"revenue":18232.17529296875,"cost":9188.925170898438,"profit":9043.250122070312,"transactions":606,"margin":49.599998474121094}],"Elevation Oasis":[{"product":"PINEAPPLE GUMMIES - GOOD TIDE","units":3104,"revenue":76131.4501953125,"cost":36973.5009765625,"profit":39157.94921875,"transactions":2090,"margin":51.400001525878906},{"product":"MANGO GUMMIES - GOOD TIDE","units":2932,"revenue":71761.07421875,"cost":34808.125,"profit":36952.94921875,"transactions":1964,"margin":51.5},{"product":"1:1:1 THC/CBD/CBN PASSION FRUIT GUMMIES - GOOD TIDE","units":2596,"revenue":67787.1728515625,"cost":31751.474609375,"profit":36035.70068359375,"transactions":1500,"margin":53.20000076293945},{"product":"GUAVA GUMMIES - GOOD TIDE","units":2652,"revenue":65117.2265625,"cost":31546.474609375,"profit":33570.74951171875,"transactions":1834,"margin":51.599998474121094},{"product":"1:1:1 THC/CBD/CBG KIWI STRAWBERRY GUMMIES - GOOD TIDE","units":1892,"revenue":50547.2509765625,"cost":23239.09912109375,"profit":27308.1494140625,"transactions":1318,"margin":54.0},{"product":"1:1:1 THC/CBD/CBC GRAPEFRUIT GUMMIES - GOOD TIDE","units":1344,"revenue":35937.7490234375,"cost":16659.375,"profit":19278.375244140625,"transactions":930,"margin":53.599998474121094}],"Elevation Downtown":[{"product":"1:1:1 THC/CBD/CBN PASSION FRUIT GUMMIES - GOOD TIDE","units":802,"revenue":21501.07421875,"cost":10241.35009765625,"profit":11259.725341796875,"transactions":624,"margin":52.400001525878906},{"product":"1:1:1 THC/CBD/CBG KIWI STRAWBERRY GUMMIES - GOOD TIDE","units":758,"revenue":20070.250244140625,"cost":9620.125122070312,"profit":10450.12451171875,"transactions":668,"margin":52.099998474121094},{"product":"1:1:1 THC/CBD/CBC GRAPEFRUIT GUMMIES - GOOD TIDE","units":632,"revenue":16594.69970703125,"cost":8058.900146484375,"profit":8535.799560546875,"transactions":558,"margin":51.400001525878906},{"product":"PINEAPPLE GUMMIES - GOOD TIDE","units":596,"revenue":14322.125244140625,"cost":6872.550048828125,"profit":7449.5751953125,"transactions":550,"margin":52.0},{"product":"GUAVA GUMMIES - GOOD TIDE","units":394,"revenue":9280.350341796875,"cost":4516.77490234375,"profit":4763.575134277344,"transactions":368,"margin":51.29999923706055},{"product":"MANGO GUMMIES - GOOD TIDE","units":416,"revenue":9206.174926757812,"cost":4784.649963378906,"profit":4421.524963378906,"transactions":344,"margin":48.0}],"Elevation Midtown":[{"product":"PINEAPPLE GUMMIES - GOOD TIDE","units":2506,"revenue":61936.0009765625,"cost":30282.80029296875,"profit":31653.20068359375,"transactions":1986,"margin":51.099998474121094},{"product":"MANGO GUMMIES - GOOD TIDE","units":1924,"revenue":46884.90234375,"cost":23405.70068359375,"profit":23479.19921875,"transactions":1384,"margin":50.099998474121094},{"product":"1:1:1 THC/CBD/CBN PASSION FRUIT GUMMIES - GOOD TIDE","units":1534,"revenue":40965.6982421875,"cost":18937.37548828125,"profit":22028.3251953125,"transactions":1086,"margin":53.79999923706055},{"product":"GUAVA GUMMIES - GOOD TIDE","units":1582,"revenue":39453.04931640625,"cost":19270.2001953125,"profit":20182.850341796875,"transactions":1302,"margin":51.20000076293945},{"product":"1:1:1 THC/CBD/CBG KIWI STRAWBERRY GUMMIES - GOOD TIDE","units":1018,"revenue":27342.94921875,"cost":12391.849365234375,"profit":14951.099853515625,"transactions":846,"margin":54.70000076293945},{"product":"1:1:1 THC/CBD/CBC GRAPEFRUIT GUMMIES - GOOD TIDE","units":706,"revenue":18734.775390625,"cost":8692.249755859375,"profit":10042.525024414062,"transactions":612,"margin":53.599998474121094}],"Elevation Boulevard":[{"product":"PINEAPPLE GUMMIES - GOOD TIDE","units":1130,"revenue":25967.15087890625,"cost":13757.5,"profit":12209.649658203125,"transactions":894,"margin":47.0},{"product":"MANGO GUMMIES - GOOD TIDE","units":1062,"revenue":23405.2490234375,"cost":12922.249755859375,"profit":10483.00048828125,"transactions":824,"margin":44.79999923706055},{"product":"GUAVA GUMMIES - GOOD TIDE","units":804,"revenue":18138.399658203125,"cost":9941.6748046875,"profit":8196.724853515625,"transactions":644,"margin":45.20000076293945},{"product":"1:1:1 THC/CBD/CBN PASSION FRUIT GUMMIES - GOOD TIDE","units":490,"revenue":12109.07470703125,"cost":5897.7752685546875,"profit":6211.300048828125,"transactions":354,"margin":51.29999923706055},{"product":"1:1:1 THC/CBD/CBG KIWI STRAWBERRY GUMMIES - GOOD TIDE","units":436,"revenue":10804.849853515625,"cost":5413.3502197265625,"profit":5391.4996337890625,"transactions":366,"margin":49.900001525878906},{"product":"1:1:1 THC/CBD/CBC GRAPEFRUIT GUMMIES - GOOD TIDE","units":280,"revenue":6696.6748046875,"cost":3520.4998779296875,"profit":3176.1749267578125,"transactions":244,"margin":47.400001525878906}],"Elevation Parkway":[{"product":"PINEAPPLE GUMMIES - GOOD TIDE","units":3728,"revenue":98653.5546875,"cost":45148.4765625,"profit":53505.0732421875,"transactions":3078,"margin":54.20000076293945},{"product":"GUAVA GUMMIES - GOOD TIDE","units":2672,"revenue":71426.5771484375,"cost":33004.07470703125,"profit":38422.5,"transactions":2282,"margin":53.79999923706055},{"product":"MANGO GUMMIES - GOOD TIDE","units":2470,"revenue":62806.0498046875,"cost":30429.07470703125,"profit":32376.97509765625,"transactions":1938,"margin":51.599998474121094},{"product":"1:1:1 THC/CBD/CBN PASSION FRUIT GUMMIES - GOOD TIDE","units":958,"revenue":26590.2490234375,"cost":11919.150390625,"profit":14671.099853515625,"transactions":682,"margin":55.20000076293945},{"product":"1:1:1 THC/CBD/CBG KIWI STRAWBERRY GUMMIES - GOOD TIDE","units":704,"revenue":19937.950439453125,"cost":8786.549682617188,"profit":11151.400146484375,"transactions":588,"margin":55.900001525878906},{"product":"1:1:1 THC/CBD/CBC GRAPEFRUIT GUMMIES - GOOD TIDE","units":464,"revenue":12783.00048828125,"cost":6052.0751953125,"profit":6730.9246826171875,"transactions":378,"margin":52.70000076293945}]},"store_summary":[{"store_clean":"Elevation Springs","units":19570,"revenue":481711.3671875,"cost":236243.10546875,"profit":245468.2421875,"discounts":118903.65234375,"margin":51.0,"discount_rate":19.799999237060547},{"store_clean":"Elevation Oasis","units":14520,"revenue":367281.9140625,"cost":174978.046875,"profit":192303.8671875,"discounts":76753.076171875,"margin":52.400001525878906,"discount_rate":17.299999237060547},{"store_clean":"Elevation Parkway","units":10996,"revenue":292197.3828125,"cost":135339.404296875,"profit":156857.978515625,"discounts":40710.12451171875,"margin":53.70000076293945,"discount_rate":12.199999809265137},{"store_clean":"Elevation Midtown","units":9270,"revenue":235317.3828125,"cost":112980.17578125,"profit":122337.197265625,"discounts":48722.626953125,"margin":52.0,"discount_rate":17.200000762939453},{"store_clean":"Elevation Mesa","units":8412,"revenue":198540.859375,"cost":103721.376953125,"profit":94819.47265625,"discounts":58390.6494140625,"margin":47.79999923706055,"discount_rate":22.700000762939453},{"store_clean":"Elevation Boulevard","units":4202,"revenue":97121.396484375,"cost":51453.0517578125,"profit":45668.349609375,"discounts":31098.60107421875,"margin":47.0,"discount_rate":24.299999237060547},{"store_clean":"Elevation Downtown","units":3598,"revenue":90974.677734375,"cost":44094.3505859375,"profit":46880.322265625,"discounts":20687.82470703125,"margin":51.5,"discount_rate":18.5}],"recommendations":[{"severity":"info","title":"VOLUME LEVERAGE","detail":"$705,258 revenue provides negotiating leverage.","action":"Use volume as leverage in next vendor meeting."}],"comparison":null}