{"brand":"TRAILSTIX","date_range":"2024-01-01 00:00:00 to 2026-01-31 00:00:00","period_label":"All Time","summary":{"total_units":3182,"total_revenue":96780.21875,"total_cost":48150.0,"total_discounts":14169.779296875,"total_profit":48630.21875,"overall_margin":50.20000076293945,"fp_margin":56.79999923706055,"disc_margin":40.900001525878906,"pct_full_price":58.79999923706055,"avg_discount_rate":12.800000190734863,"fp_revenue":56910.0,"disc_revenue":39870.21875,"brand":"TRAILSTIX","date_range":"2024-01-01 00:00:00 to 2026-01-31 00:00:00","primary_category":"PRE ROLL PACK","store_coverage":"6/7","stores_present":["Thrive Cactus","Thrive Cheyenne","Thrive Jackpot","Thrive Reno","Thrive Sahara","Thrive Sammy"],"stores_missing":["Thrive Main Street"],"velocity_rank":8,"velocity_total":14},"distribution":[{"store":"Thrive Cactus","carries_brand":true,"sku_count":13,"revenue":18883.75,"units":640,"store_total_revenue":20455500.0,"brand_share_pct":0.10000000149011612},{"store":"Thrive Cheyenne","carries_brand":true,"sku_count":10,"revenue":15055.1796875,"units":526,"store_total_revenue":19012896.0,"brand_share_pct":0.10000000149011612},{"store":"Thrive Jackpot","carries_brand":true,"sku_count":7,"revenue":16826.25,"units":522,"store_total_revenue":22420058.0,"brand_share_pct":0.10000000149011612},{"store":"Thrive Main Street","carries_brand":false,"sku_count":0,"revenue":0,"units":0,"store_total_revenue":778094.875,"brand_share_pct":0},{"store":"Thrive Reno","carries_brand":true,"sku_count":8,"revenue":14303.25,"units":447,"store_total_revenue":12340074.0,"brand_share_pct":0.10000000149011612},{"store":"Thrive Sahara","carries_brand":true,"sku_count":10,"revenue":15265.740234375,"units":535,"store_total_revenue":11503146.0,"brand_share_pct":0.10000000149011612},{"store":"Thrive Sammy","carries_brand":true,"sku_count":9,"revenue":16446.05078125,"units":512,"store_total_revenue":8794803.0,"brand_share_pct":0.20000000298023224}],"share_of_category":[{"category":"PRE ROLL PACK","brand_revenue":96780.21875,"category_revenue":1561545.5,"revenue_share_pct":6.199999809265137,"brand_units":3182,"category_units":61857,"units_share_pct":5.1}],"share_of_category_trend":{"PRE ROLL PACK":[{"period":"2024-01","brand_revenue":10771.25,"category_revenue":67708.7578125,"share_pct":15.899999618530273},{"period":"2024-02","brand_revenue":14684.490234375,"category_revenue":69679.75,"share_pct":21.100000381469727},{"period":"2024-03","brand_revenue":15811.25,"category_revenue":74833.203125,"share_pct":21.100000381469727},{"period":"2024-04","brand_revenue":16950.75,"category_revenue":71847.046875,"share_pct":23.600000381469727},{"period":"2024-05","brand_revenue":18006.23046875,"category_revenue":79550.28125,"share_pct":22.600000381469727},{"period":"2024-06","brand_revenue":14755.5,"category_revenue":72872.5703125,"share_pct":20.200000762939453},{"period":"2024-07","brand_revenue":3348.0,"category_revenue":75901.7734375,"share_pct":4.400000095367432},{"period":"2024-08","brand_revenue":1277.5,"category_revenue":65386.609375,"share_pct":2.0},{"period":"2024-09","brand_revenue":930.25,"category_revenue":58062.87890625,"share_pct":1.600000023841858},{"period":"2024-10","brand_revenue":245.0,"category_revenue":57561.12890625,"share_pct":0.4000000059604645},{"period":"2024-11","brand_revenue":0.0,"category_revenue":67620.546875,"share_pct":0.0},{"period":"2024-12","brand_revenue":0.0,"category_revenue":74695.5703125,"share_pct":0.0},{"period":"2025-01","brand_revenue":0.0,"category_revenue":89155.4296875,"share_pct":0.0},{"period":"2025-02","brand_revenue":0.0,"category_revenue":74485.2265625,"share_pct":0.0},{"period":"2025-03","brand_revenue":0.0,"category_revenue":78166.2265625,"share_pct":0.0},{"period":"2025-04","brand_revenue":0.0,"category_revenue":75473.296875,"share_pct":0.0},{"period":"2025-05","brand_revenue":0.0,"category_revenue":92602.1171875,"share_pct":0.0},{"period":"2025-06","brand_revenue":0.0,"category_revenue":67932.109375,"share_pct":0.0},{"period":"2025-07","brand_revenue":0.0,"category_revenue":52138.33984375,"share_pct":0.0},{"period":"2025-08","brand_revenue":0.0,"category_revenue":43518.83984375,"share_pct":0.0},{"period":"2025-09","brand_revenue":0.0,"category_revenue":39875.87109375,"share_pct":0.0},{"period":"2025-10","brand_revenue":0.0,"category_revenue":26856.740234375,"share_pct":0.0},{"period":"2025-11","brand_revenue":0.0,"category_revenue":32067.119140625,"share_pct":0.0},{"period":"2025-12","brand_revenue":0.0,"category_revenue":28727.349609375,"share_pct":0.0},{"period":"2026-01","brand_revenue":0.0,"category_revenue":24826.73046875,"share_pct":0.0}]},"velocity_by_category":[{"category":"PRE ROLL PACK","brand_units_per_day":4.18,"category_avg_units_per_day":5.8,"velocity_index":72.0,"brand_rev_per_unit":30.41,"category_rev_per_unit":25.24,"brands_in_category":14}],"store_gaps":[{"store":"Thrive Main Street","category":"PRE ROLL PACK","category_revenue_at_store":29913.44921875,"opportunity":"Brand not carried"}],"product_mix":{"top":[{"product":"DONNY BURGER 7 PK PRE ROLL - TRAILSTIX","units":357,"revenue":11419.0,"cost":5355.0,"profit":6064.0,"stores":5,"transactions":312,"margin":53.099998474121094},{"product":"MOTOR HEAD 1 7 PK PRE ROLL - TRAILSTIX","units":363,"revenue":10857.580078125,"cost":5445.0,"profit":5412.580078125,"stores":6,"transactions":312,"margin":49.900001525878906},{"product":"WEDDING CAKE 7 PK PRE ROLL - TRAILSTIX","units":345,"revenue":10452.41015625,"cost":5175.0,"profit":5277.41015625,"stores":5,"transactions":319,"margin":50.5},{"product":"MR NASTY 7 PK PRE ROLL - TRAILSTIX","units":296,"revenue":8601.25,"cost":4860.0,"profit":3741.25,"stores":6,"transactions":267,"margin":43.5},{"product":"FIRST CLASS FUNK #2 7 PK PRE ROLL - TRAILSTIX","units":250,"revenue":7463.0,"cost":3750.0,"profit":3713.0,"stores":5,"transactions":215,"margin":49.79999923706055},{"product":"LARRY LOVESTEIN 7 PK PRE ROLL - TRAILSTIX","units":225,"revenue":7026.25,"cost":3375.0,"profit":3651.25,"stores":3,"transactions":211,"margin":52.0},{"product":"DOLE WHIP 7 PK PRE ROLL - TRAILSTIX","units":226,"revenue":6793.25,"cost":3390.0,"profit":3403.25,"stores":3,"transactions":198,"margin":50.099998474121094},{"product":"PAPAYA 7 PK PRE ROLL - TRAILSTIX","units":225,"revenue":6755.75,"cost":3375.0,"profit":3380.75,"stores":3,"transactions":199,"margin":50.0},{"product":"ICED RNTZ #17 7 PK PRE ROLL - TRAILSTIX","units":200,"revenue":5940.0,"cost":3000.0,"profit":2940.0,"stores":3,"transactions":176,"margin":49.5},{"product":"LGMO 7PK PREROLL - TRAILSTIX","units":156,"revenue":4851.7998046875,"cost":2340.0,"profit":2511.800048828125,"stores":4,"transactions":135,"margin":51.79999923706055},{"product":"BLACKWATER 7 PK PRE ROLL - TRAILSTIX","units":150,"revenue":4562.25,"cost":2250.0,"profit":2312.25,"stores":3,"transactions":122,"margin":50.70000076293945},{"product":"MELON RUNTZ 7 PK PRE ROLL - TRAILSTIX","units":100,"revenue":3051.679931640625,"cost":1500.0,"profit":1551.6800537109375,"stores":2,"transactions":93,"margin":50.79999923706055},{"product":"BOSTON TEA PARTY #22 7 PK PRE ROLL - TRAILSTIX","units":94,"revenue":2870.0,"cost":1410.0,"profit":1460.0,"stores":3,"transactions":85,"margin":50.900001525878906},{"product":"ICED RUNTZ #17 7 PK PRE ROLL - TRAILSTIX","units":50,"revenue":1620.5,"cost":750.0,"profit":870.5,"stores":1,"transactions":44,"margin":53.70000076293945},{"product":"GEORGIA VELVET 7 PK PRE ROLL - TRAILSTIX","units":50,"revenue":1587.25,"cost":750.0,"profit":837.25,"stores":1,"transactions":38,"margin":52.70000076293945},{"product":"MELON RUNTZ #3 7 PK PRE ROLL - TRAILSTIX","units":49,"revenue":1528.5,"cost":735.0,"profit":793.5,"stores":1,"transactions":40,"margin":51.900001525878906},{"product":"LGMO 7 PK PREROLL - TRAILSTIX","units":44,"revenue":1329.75,"cost":660.0,"profit":669.75,"stores":2,"transactions":42,"margin":50.400001525878906},{"product":"WAP 7 PK PRE ROLL - TRAILSTIX","units":2,"revenue":70.0,"cost":30.0,"profit":40.0,"stores":1,"transactions":2,"margin":57.099998474121094}],"bottom":[],"expansion":[{"product":"DONNY BURGER 7 PK PRE ROLL - TRAILSTIX","current_stores":5,"total_stores":6,"missing_stores":["Thrive Cheyenne"],"revenue":11419.0},{"product":"WEDDING CAKE 7 PK PRE ROLL - TRAILSTIX","current_stores":5,"total_stores":6,"missing_stores":["Thrive Sammy"],"revenue":10452.41015625},{"product":"FIRST CLASS FUNK #2 7 PK PRE ROLL - TRAILSTIX","current_stores":5,"total_stores":6,"missing_stores":["Thrive Jackpot"],"revenue":7463.0},{"product":"LARRY LOVESTEIN 7 PK PRE ROLL - TRAILSTIX","current_stores":3,"total_stores":6,"missing_stores":["Thrive Cactus","Thrive Cheyenne","Thrive Sammy"],"revenue":7026.25},{"product":"DOLE WHIP 7 PK PRE ROLL - TRAILSTIX","current_stores":3,"total_stores":6,"missing_stores":["Thrive Jackpot","Thrive Reno","Thrive Sahara"],"revenue":6793.25},{"product":"PAPAYA 7 PK PRE ROLL - TRAILSTIX","current_stores":3,"total_stores":6,"missing_stores":["Thrive Jackpot","Thrive Reno","Thrive Sahara"],"revenue":6755.75},{"product":"ICED RNTZ #17 7 PK PRE ROLL - TRAILSTIX","current_stores":3,"total_stores":6,"missing_stores":["Thrive Cheyenne","Thrive Jackpot","Thrive Sammy"],"revenue":5940.0},{"product":"LGMO 7PK PREROLL - TRAILSTIX","current_stores":4,"total_stores":6,"missing_stores":["Thrive Jackpot","Thrive Reno"],"revenue":4851.7998046875},{"product":"BLACKWATER 7 PK PRE ROLL - TRAILSTIX","current_stores":3,"total_stores":6,"missing_stores":["Thrive Reno","Thrive Sahara","Thrive Sammy"],"revenue":4562.25},{"product":"MELON RUNTZ 7 PK PRE ROLL - TRAILSTIX","current_stores":2,"total_stores":6,"missing_stores":["Thrive Cactus","Thrive Jackpot","Thrive Sahara","Thrive Sammy"],"revenue":3051.679931640625}]},"pricing_consistency":[{"product":"MOTOR HEAD 1 7 PK PRE ROLL - TRAILSTIX","min_price":23.309131567028984,"max_price":32.55,"avg_price":29.963473348495455,"std_dev":3.6201463917421304,"store_count":6,"price_range":9.240868432971013,"range_pct":30.8},{"product":"MR NASTY 7 PK PRE ROLL - TRAILSTIX","min_price":23.95,"max_price":32.447916666666664,"avg_price":29.08500992063492,"std_dev":3.0582030316680164,"store_count":6,"price_range":8.497916666666665,"range_pct":29.2},{"product":"WEDDING CAKE 7 PK PRE ROLL - TRAILSTIX","min_price":25.9,"max_price":32.857142857142854,"avg_price":29.80206451478684,"std_dev":2.877718190450585,"store_count":5,"price_range":6.9571428571428555,"range_pct":23.3},{"product":"LGMO 7PK PREROLL - TRAILSTIX","min_price":26.9,"max_price":32.9560009765625,"avg_price":30.23030459196671,"std_dev":2.618830328597028,"store_count":4,"price_range":6.056000976562501,"range_pct":20.0},{"product":"FIRST CLASS FUNK #2 7 PK PRE ROLL - TRAILSTIX","min_price":28.21,"max_price":32.69,"avg_price":29.851999999999997,"std_dev":1.7671785421965702,"store_count":5,"price_range":4.479999999999997,"range_pct":15.0},{"product":"PAPAYA 7 PK PRE ROLL - TRAILSTIX","min_price":28.0,"max_price":32.43181818181818,"avg_price":29.588383838383837,"std_dev":2.4681201200193232,"store_count":3,"price_range":4.43181818181818,"range_pct":15.0},{"product":"BLACKWATER 7 PK PRE ROLL - TRAILSTIX","min_price":27.965,"max_price":32.34,"avg_price":30.415000000000003,"std_dev":2.2342504335906495,"store_count":3,"price_range":4.3750000000000036,"range_pct":14.4},{"product":"ICED RNTZ #17 7 PK PRE ROLL - TRAILSTIX","min_price":28.26,"max_price":32.48,"avg_price":30.179999999999996,"std_dev":2.1355093069335918,"store_count":3,"price_range":4.219999999999995,"range_pct":14.0},{"product":"LGMO 7 PK PREROLL - TRAILSTIX","min_price":27.125,"max_price":30.53125,"avg_price":28.828125,"std_dev":2.4085824734166774,"store_count":2,"price_range":3.40625,"range_pct":11.8},{"product":"DOLE WHIP 7 PK PRE ROLL - TRAILSTIX","min_price":28.6,"max_price":31.84,"avg_price":29.716928104575164,"std_dev":1.8394684003534856,"store_count":3,"price_range":3.2399999999999984,"range_pct":10.9},{"product":"BOSTON TEA PARTY #22 7 PK PRE ROLL - TRAILSTIX","min_price":29.26,"max_price":32.55,"avg_price":30.399901960784316,"std_dev":1.8631685612575632,"store_count":3,"price_range":3.2899999999999956,"range_pct":10.8},{"product":"LARRY LOVESTEIN 7 PK PRE ROLL - TRAILSTIX","min_price":29.283333333333335,"max_price":32.392857142857146,"avg_price":31.26087537325161,"std_dev":1.718578979432541,"store_count":3,"price_range":3.109523809523811,"range_pct":9.9},{"product":"DONNY BURGER 7 PK PRE ROLL - TRAILSTIX","min_price":30.774509803921568,"max_price":33.215,"avg_price":31.919732149463563,"std_dev":0.9880013106059822,"store_count":5,"price_range":2.4404901960784358,"range_pct":7.6},{"product":"MELON RUNTZ 7 PK PRE ROLL - TRAILSTIX","min_price":29.5335986328125,"max_price":31.5,"avg_price":30.51679931640625,"std_dev":1.3904557412727803,"store_count":2,"price_range":1.9664013671875011,"range_pct":6.4}],"promotional_effectiveness":{"lift":{"fp_units_per_day":7.15,"disc_units_per_day":7.8,"lift_pct":9.1,"fp_avg_revenue_per_unit":34.91,"disc_avg_revenue_per_unit":25.69},"by_deal":[{"deal_name":"Industry - 30% Off","uses":468,"revenue":13785.25,"discounts":5907.25,"units":569.5,"cost":8782.5,"margin":36.3,"discount_depth":30.0},{"deal_name":"Senior - 10% Off","uses":78,"revenue":5418.0,"discounts":602.0,"units":172.0,"cost":2580.0,"margin":52.4,"discount_depth":10.0},{"deal_name":"TrailStix 7pks 2 for $50","uses":62,"revenue":3157.25,"discounts":1270.25,"units":126.5,"cost":1897.5,"margin":39.9,"discount_depth":28.7},{"deal_name":"Senior / Veterans - 20% Off","uses":50,"revenue":1562.1800003051758,"discounts":397.8199996948242,"units":56.0,"cost":840.0,"margin":46.2,"discount_depth":20.3},{"deal_name":"4/20 40% Off!!!!","uses":38,"revenue":1071.0,"discounts":714.0,"units":51.0,"cost":765.0,"margin":28.6,"discount_depth":40.0},{"deal_name":"TrailsStix - 30% Off!!","uses":37,"revenue":1029.0,"discounts":441.0,"units":42.0,"cost":630.0,"margin":38.8,"discount_depth":30.0},{"deal_name":"Veterans - 10% Off","uses":23,"revenue":819.0,"discounts":91.0,"units":26.0,"cost":390.0,"margin":52.4,"discount_depth":10.0},{"deal_name":"Jackpot - Locals 30% Off","uses":15,"revenue":416.5,"discounts":178.5,"units":17.0,"cost":255.0,"margin":38.8,"discount_depth":30.0},{"deal_name":"30% Off Special","uses":9,"revenue":269.5,"discounts":115.5,"units":11.0,"cost":165.0,"margin":38.8,"discount_depth":30.0},{"deal_name":"TrailStix/ KYND 7pks 2 for $50","uses":7,"revenue":225.0,"discounts":90.0,"units":9.0,"cost":135.0,"margin":40.0,"discount_depth":28.6}]},"growth_opportunities":[{"type":"distribution","title":"Expand to Thrive Main Street","detail":"Store has $29,913 in PRE ROLL PACK \u2014 categories where TRAILSTIX competes.","priority":"high"},{"type":"sku_expansion","title":"Add 'BLACKWATER 7 PK PRE ROLL - TRAILSTIX' to 3 more store(s)","detail":"Carried in 3 stores. Missing from: Thrive Reno, Thrive Sahara, Thrive Sammy","priority":"medium"},{"type":"sku_expansion","title":"Add 'BOSTON TEA PARTY #22 7 PK PRE ROLL - TRAILSTIX' to 3 more store(s)","detail":"Carried in 3 stores. Missing from: Thrive Cheyenne, Thrive Jackpot, Thrive Reno","priority":"medium"},{"type":"sku_expansion","title":"Add 'DOLE WHIP 7 PK PRE ROLL - TRAILSTIX' to 3 more store(s)","detail":"Carried in 3 stores. Missing from: Thrive Jackpot, Thrive Reno, Thrive Sahara","priority":"medium"},{"type":"sku_expansion","title":"Add 'DONNY BURGER 7 PK PRE ROLL - TRAILSTIX' to 1 more store(s)","detail":"Carried in 5 stores. Missing from: Thrive Cheyenne","priority":"medium"},{"type":"sku_expansion","title":"Add 'FIRST CLASS FUNK #2 7 PK PRE ROLL - TRAILSTIX' to 1 more store(s)","detail":"Carried in 5 stores. Missing from: Thrive Jackpot","priority":"medium"},{"type":"velocity","title":"Improve velocity in PRE ROLL PACK","detail":"Velocity index 72 (below category average). 4.2 units/day vs 5.8 avg.","priority":"medium"}],"trend":[{"period":"2024-01","revenue":10771.25,"cost":5415.0,"margin":49.7,"units":361,"transactions":295,"profit":5356.25,"revenue_change_pct":null,"units_change_pct":null,"margin_change_pts":null},{"period":"2024-02","revenue":14684.490234375,"cost":7215.0,"margin":50.9,"units":481,"transactions":419,"profit":7469.490234375,"revenue_change_pct":36.3,"units_change_pct":33.2,"margin_change_pts":1.1},{"period":"2024-03","revenue":15811.25,"cost":8325.0,"margin":47.3,"units":527,"transactions":435,"profit":7486.25,"revenue_change_pct":7.7,"units_change_pct":9.6,"margin_change_pts":-3.5},{"period":"2024-04","revenue":16950.75,"cost":8340.0,"margin":50.8,"units":556,"transactions":471,"profit":8610.75,"revenue_change_pct":7.2,"units_change_pct":5.5,"margin_change_pts":3.5},{"period":"2024-05","revenue":18006.23046875,"cost":8610.0,"margin":52.2,"units":574,"transactions":462,"profit":9396.23046875,"revenue_change_pct":6.2,"units_change_pct":3.2,"margin_change_pts":1.4},{"period":"2024-06","revenue":14755.5,"cost":7320.0,"margin":50.4,"units":488,"transactions":381,"profit":7435.5,"revenue_change_pct":-18.1,"units_change_pct":-15.0,"margin_change_pts":-1.8},{"period":"2024-07","revenue":3348.0,"cost":1740.0,"margin":48.0,"units":116,"transactions":86,"profit":1608.0,"revenue_change_pct":-77.3,"units_change_pct":-76.2,"margin_change_pts":-2.4},{"period":"2024-08","revenue":1277.5,"cost":615.0,"margin":51.9,"units":41,"transactions":37,"profit":662.5,"revenue_change_pct":-61.8,"units_change_pct":-64.7,"margin_change_pts":3.8},{"period":"2024-09","revenue":930.25,"cost":465.0,"margin":50.0,"units":31,"transactions":28,"profit":465.25,"revenue_change_pct":-27.2,"units_change_pct":-24.4,"margin_change_pts":-1.8},{"period":"2024-10","revenue":245.0,"cost":105.0,"margin":57.1,"units":7,"transactions":7,"profit":140.0,"revenue_change_pct":-73.7,"units_change_pct":-77.4,"margin_change_pts":7.1}]}