{"brand":"TRAILSTIX","date_range":"2024-01-01 00:00:00 to 2026-01-31 00:00:00","period_label":"All Time","summary":{"total_units":6364,"total_revenue":241950.546875,"total_cost":120375.0,"total_discounts":35424.4482421875,"total_profit":121575.546875,"overall_margin":50.20000076293945,"fp_margin":56.79999923706055,"disc_margin":40.900001525878906,"pct_full_price":58.79999923706055,"avg_discount_rate":12.800000190734863,"fp_revenue":142275.0,"disc_revenue":99675.546875,"unique_customers":3548,"brand":"TRAILSTIX","date_range":"2024-01-01 00:00:00 to 2026-01-31 00:00:00","months_count":20,"avg_monthly_cost":12037.5,"cost_per_unit":37.825,"primary_category":"PRE ROLL PACK","primary_cat_margin":54.5,"category_rank":7,"category_total":14,"margin_vs_category":-4.300000190734863,"velocity_rank":8},"category_breakdown":[{"category_clean":"PRE ROLL PACK","units":6364,"revenue":241950.546875,"cost":120375.0,"profit":121575.546875,"discounts":35424.45068359375,"margin":50.20000076293945,"category_avg_margin":54.5,"vs_category":-4.3,"rank":7.0,"total_brands":14.0}],"trend":[{"period":"2024-01","revenue":26928.125,"cost":13537.5,"margin":49.7,"units":722,"transactions":590,"profit":13390.625,"revenue_change_pct":null,"units_change_pct":null,"margin_change_pts":null},{"period":"2024-02","revenue":36711.2255859375,"cost":18037.5,"margin":50.9,"units":962,"transactions":838,"profit":18673.7255859375,"revenue_change_pct":36.3,"units_change_pct":33.2,"margin_change_pts":1.1},{"period":"2024-03","revenue":39528.125,"cost":20812.5,"margin":47.3,"units":1054,"transactions":870,"profit":18715.625,"revenue_change_pct":7.7,"units_change_pct":9.6,"margin_change_pts":-3.5},{"period":"2024-04","revenue":42376.875,"cost":20850.0,"margin":50.8,"units":1112,"transactions":942,"profit":21526.875,"revenue_change_pct":7.2,"units_change_pct":5.5,"margin_change_pts":3.5},{"period":"2024-05","revenue":45015.576171875,"cost":21525.0,"margin":52.2,"units":1148,"transactions":924,"profit":23490.576171875,"revenue_change_pct":6.2,"units_change_pct":3.2,"margin_change_pts":1.4},{"period":"2024-06","revenue":36888.75,"cost":18300.0,"margin":50.4,"units":976,"transactions":762,"profit":18588.75,"revenue_change_pct":-18.1,"units_change_pct":-15.0,"margin_change_pts":-1.8},{"period":"2024-07","revenue":8370.0,"cost":4350.0,"margin":48.0,"units":232,"transactions":172,"profit":4020.0,"revenue_change_pct":-77.3,"units_change_pct":-76.2,"margin_change_pts":-2.4},{"period":"2024-08","revenue":3193.75,"cost":1537.5,"margin":51.9,"units":82,"transactions":74,"profit":1656.25,"revenue_change_pct":-61.8,"units_change_pct":-64.7,"margin_change_pts":3.8},{"period":"2024-09","revenue":2325.625,"cost":1162.5,"margin":50.0,"units":62,"transactions":56,"profit":1163.125,"revenue_change_pct":-27.2,"units_change_pct":-24.4,"margin_change_pts":-1.8},{"period":"2024-10","revenue":612.5,"cost":262.5,"margin":57.1,"units":14,"transactions":14,"profit":350.0,"revenue_change_pct":-73.7,"units_change_pct":-77.4,"margin_change_pts":7.1}],"share_of_category":[{"category":"PRE ROLL PACK","brand_revenue":241950.546875,"category_revenue":3903863.75,"revenue_share_pct":6.199999809265137,"brand_units":6364,"category_units":123714,"units_share_pct":5.1}],"share_of_category_trend":{"PRE ROLL PACK":[{"period":"2024-01","brand_revenue":26928.125,"category_revenue":169271.89453125,"share_pct":15.899999618530273},{"period":"2024-02","brand_revenue":36711.2255859375,"category_revenue":174199.375,"share_pct":21.100000381469727},{"period":"2024-03","brand_revenue":39528.125,"category_revenue":187083.0078125,"share_pct":21.100000381469727},{"period":"2024-04","brand_revenue":42376.875,"category_revenue":179617.6171875,"share_pct":23.600000381469727},{"period":"2024-05","brand_revenue":45015.576171875,"category_revenue":198875.703125,"share_pct":22.600000381469727},{"period":"2024-06","brand_revenue":36888.75,"category_revenue":182181.42578125,"share_pct":20.200000762939453},{"period":"2024-07","brand_revenue":8370.0,"category_revenue":189754.43359375,"share_pct":4.400000095367432},{"period":"2024-08","brand_revenue":3193.75,"category_revenue":163466.5234375,"share_pct":2.0},{"period":"2024-09","brand_revenue":2325.625,"category_revenue":145157.197265625,"share_pct":1.600000023841858},{"period":"2024-10","brand_revenue":612.5,"category_revenue":143902.822265625,"share_pct":0.4000000059604645},{"period":"2024-11","brand_revenue":0.0,"category_revenue":169051.3671875,"share_pct":0.0},{"period":"2024-12","brand_revenue":0.0,"category_revenue":186738.92578125,"share_pct":0.0},{"period":"2025-01","brand_revenue":0.0,"category_revenue":222888.57421875,"share_pct":0.0},{"period":"2025-02","brand_revenue":0.0,"category_revenue":186213.06640625,"share_pct":0.0},{"period":"2025-03","brand_revenue":0.0,"category_revenue":195415.56640625,"share_pct":0.0},{"period":"2025-04","brand_revenue":0.0,"category_revenue":188683.2421875,"share_pct":0.0},{"period":"2025-05","brand_revenue":0.0,"category_revenue":231505.29296875,"share_pct":0.0},{"period":"2025-06","brand_revenue":0.0,"category_revenue":169830.2734375,"share_pct":0.0},{"period":"2025-07","brand_revenue":0.0,"category_revenue":130345.849609375,"share_pct":0.0},{"period":"2025-08","brand_revenue":0.0,"category_revenue":108797.099609375,"share_pct":0.0},{"period":"2025-09","brand_revenue":0.0,"category_revenue":99689.677734375,"share_pct":0.0},{"period":"2025-10","brand_revenue":0.0,"category_revenue":67141.8505859375,"share_pct":0.0},{"period":"2025-11","brand_revenue":0.0,"category_revenue":80167.7978515625,"share_pct":0.0},{"period":"2025-12","brand_revenue":0.0,"category_revenue":71818.3740234375,"share_pct":0.0},{"period":"2026-01","brand_revenue":0.0,"category_revenue":62066.826171875,"share_pct":0.0}]},"discount_depth":[{"tier":"0% (Full Price)","transactions":3046,"pct_of_transactions":54.2,"revenue":142275.0,"avg_discount":0.0},{"tier":"1-10%","transactions":412,"pct_of_transactions":7.3,"revenue":24196.37451171875,"avg_discount":19.799999237060547},{"tier":"11-20%","transactions":182,"pct_of_transactions":3.2,"revenue":6947.5,"avg_discount":39.599998474121094},{"tier":"21-30%","transactions":280,"pct_of_transactions":5.0,"revenue":11927.5,"avg_discount":54.79999923706055},{"tier":"31%+","transactions":166,"pct_of_transactions":3.0,"revenue":4112.925109863281,"avg_discount":101.19999694824219}],"velocity":{"units_per_day":22.9,"revenue_per_day":870.3250122070312,"avg_units_per_txn":2.42,"days_of_data":278,"total_units":6364,"total_transactions":5242},"velocity_by_category":[{"category":"PRE ROLL PACK","brand_units_per_day":8.36,"category_avg_units_per_day":11.6,"velocity_index":72.0,"brand_rev_per_unit":30.41,"category_rev_per_unit":25.24,"brands_in_category":14}],"deals":[{"deal_name":"Industry - 30% Off","times_used":936,"units":1139.0,"revenue":34463.125,"discounts":14768.125,"cost":21956.25,"profit":12506.875,"pre_discount_revenue":49231.25,"margin":36.3,"avg_discount":60.0},{"deal_name":"Senior - 10% Off","times_used":156,"units":344.0,"revenue":13545.0,"discounts":1505.0,"cost":6450.0,"profit":7095.0,"pre_discount_revenue":15050.0,"margin":52.4,"avg_discount":20.0},{"deal_name":"TrailStix 7pks 2 for $50","times_used":124,"units":253.0,"revenue":7893.125,"discounts":3175.625,"cost":4743.75,"profit":3149.375,"pre_discount_revenue":11068.75,"margin":39.9,"avg_discount":57.4},{"deal_name":"Senior / Veterans - 20% Off","times_used":100,"units":112.0,"revenue":3905.4500007629395,"discounts":994.5499992370605,"cost":2100.0,"profit":1805.4499995708466,"pre_discount_revenue":4900.0,"margin":46.2,"avg_discount":40.6},{"deal_name":"4/20 40% Off!!!!","times_used":76,"units":102.0,"revenue":2677.5,"discounts":1785.0,"cost":1912.5,"profit":765.0,"pre_discount_revenue":4462.5,"margin":28.6,"avg_discount":80.0},{"deal_name":"TrailsStix - 30% Off!!","times_used":74,"units":84.0,"revenue":2572.5,"discounts":1102.5,"cost":1575.0,"profit":997.5,"pre_discount_revenue":3675.0,"margin":38.8,"avg_discount":60.0},{"deal_name":"Veterans - 10% Off","times_used":46,"units":52.0,"revenue":2047.5,"discounts":227.5,"cost":975.0,"profit":1072.5,"pre_discount_revenue":2275.0,"margin":52.4,"avg_discount":20.0},{"deal_name":"Jackpot - Locals 30% Off","times_used":30,"units":34.0,"revenue":1041.25,"discounts":446.25,"cost":637.5,"profit":403.75,"pre_discount_revenue":1487.5,"margin":38.8,"avg_discount":60.0},{"deal_name":"30% Off Special","times_used":18,"units":22.0,"revenue":673.75,"discounts":288.75,"cost":412.5,"profit":261.25,"pre_discount_revenue":962.5,"margin":38.8,"avg_discount":60.0},{"deal_name":"TrailStix/ KYND 7pks 2 for $50","times_used":14,"units":18.0,"revenue":562.5,"discounts":225.0,"cost":337.5,"profit":225.0,"pre_discount_revenue":787.5,"margin":40.0,"avg_discount":57.2}],"top_products":[{"product":"DONNY BURGER 7 PK PRE ROLL - TRAILSTIX","units":714,"revenue":28547.5,"cost":13387.5,"profit":15160.0,"transactions":624,"margin":53.099998474121094},{"product":"MOTOR HEAD 1 7 PK PRE ROLL - TRAILSTIX","units":726,"revenue":27143.9501953125,"cost":13612.5,"profit":13531.4501953125,"transactions":624,"margin":49.900001525878906},{"product":"WEDDING CAKE 7 PK PRE ROLL - TRAILSTIX","units":690,"revenue":26131.025390625,"cost":12937.5,"profit":13193.525390625,"transactions":638,"margin":50.5},{"product":"MR NASTY 7 PK PRE ROLL - TRAILSTIX","units":592,"revenue":21503.125,"cost":12150.0,"profit":9353.125,"transactions":534,"margin":43.5},{"product":"FIRST CLASS FUNK #2 7 PK PRE ROLL - TRAILSTIX","units":500,"revenue":18657.5,"cost":9375.0,"profit":9282.5,"transactions":430,"margin":49.79999923706055},{"product":"LARRY LOVESTEIN 7 PK PRE ROLL - TRAILSTIX","units":450,"revenue":17565.625,"cost":8437.5,"profit":9128.125,"transactions":422,"margin":52.0},{"product":"DOLE WHIP 7 PK PRE ROLL - TRAILSTIX","units":452,"revenue":16983.125,"cost":8475.0,"profit":8508.125,"transactions":396,"margin":50.099998474121094},{"product":"PAPAYA 7 PK PRE ROLL - TRAILSTIX","units":450,"revenue":16889.375,"cost":8437.5,"profit":8451.875,"transactions":398,"margin":50.0},{"product":"ICED RNTZ #17 7 PK PRE ROLL - TRAILSTIX","units":400,"revenue":14850.0,"cost":7500.0,"profit":7350.0,"transactions":352,"margin":49.5},{"product":"LGMO 7PK PREROLL - TRAILSTIX","units":312,"revenue":12129.49951171875,"cost":5850.0,"profit":6279.5001220703125,"transactions":270,"margin":51.79999923706055},{"product":"BLACKWATER 7 PK PRE ROLL - TRAILSTIX","units":300,"revenue":11405.625,"cost":5625.0,"profit":5780.625,"transactions":244,"margin":50.70000076293945},{"product":"MELON RUNTZ 7 PK PRE ROLL - TRAILSTIX","units":200,"revenue":7629.1998291015625,"cost":3750.0,"profit":3879.2001342773438,"transactions":186,"margin":50.79999923706055},{"product":"BOSTON TEA PARTY #22 7 PK PRE ROLL - TRAILSTIX","units":188,"revenue":7175.0,"cost":3525.0,"profit":3650.0,"transactions":170,"margin":50.900001525878906},{"product":"ICED RUNTZ #17 7 PK PRE ROLL - TRAILSTIX","units":100,"revenue":4051.25,"cost":1875.0,"profit":2176.25,"transactions":88,"margin":53.70000076293945},{"product":"GEORGIA VELVET 7 PK PRE ROLL - TRAILSTIX","units":100,"revenue":3968.125,"cost":1875.0,"profit":2093.125,"transactions":76,"margin":52.70000076293945},{"product":"MELON RUNTZ #3 7 PK PRE ROLL - TRAILSTIX","units":98,"revenue":3821.25,"cost":1837.5,"profit":1983.75,"transactions":80,"margin":51.900001525878906},{"product":"LGMO 7 PK PREROLL - TRAILSTIX","units":88,"revenue":3324.375,"cost":1650.0,"profit":1674.375,"transactions":84,"margin":50.400001525878906},{"product":"WAP 7 PK PRE ROLL - TRAILSTIX","units":4,"revenue":175.0,"cost":75.0,"profit":100.0,"transactions":4,"margin":57.099998474121094}],"products_by_store":{"Elevation Springs":[{"product":"DOLE WHIP 7 PK PRE ROLL - TRAILSTIX","units":150,"revenue":5362.5,"cost":2812.5,"profit":2550.0,"transactions":124,"margin":47.599998474121094},{"product":"PAPAYA 7 PK PRE ROLL - TRAILSTIX","units":150,"revenue":5250.0,"cost":2812.5,"profit":2437.5,"transactions":128,"margin":46.400001525878906},{"product":"GEORGIA VELVET 7 PK PRE ROLL - TRAILSTIX","units":100,"revenue":3968.125,"cost":1875.0,"profit":2093.125,"transactions":76,"margin":52.70000076293945},{"product":"LGMO 7PK PREROLL - TRAILSTIX","units":100,"revenue":3937.5,"cost":1875.0,"profit":2062.5,"transactions":72,"margin":52.400001525878906},{"product":"DONNY BURGER 7 PK PRE ROLL - TRAILSTIX","units":102,"revenue":3923.75,"cost":1912.5,"profit":2011.25,"transactions":90,"margin":51.29999923706055},{"product":"BLACKWATER 7 PK PRE ROLL - TRAILSTIX","units":100,"revenue":3867.5,"cost":1875.0,"profit":1992.5,"transactions":72,"margin":51.5},{"product":"MELON RUNTZ #3 7 PK PRE ROLL - TRAILSTIX","units":98,"revenue":3821.25,"cost":1837.5,"profit":1983.75,"transactions":80,"margin":51.900001525878906},{"product":"FIRST CLASS FUNK #2 7 PK PRE ROLL - TRAILSTIX","units":100,"revenue":3780.0,"cost":1875.0,"profit":1905.0,"transactions":84,"margin":50.400001525878906},{"product":"MOTOR HEAD 1 7 PK PRE ROLL - TRAILSTIX","units":100,"revenue":3780.0,"cost":1875.0,"profit":1905.0,"transactions":76,"margin":50.400001525878906},{"product":"ICED RNTZ #17 7 PK PRE ROLL - TRAILSTIX","units":100,"revenue":3725.0,"cost":1875.0,"profit":1850.0,"transactions":88,"margin":49.70000076293945},{"product":"MR NASTY 7 PK PRE ROLL - TRAILSTIX","units":100,"revenue":2993.75,"cost":2575.0,"profit":418.75,"transactions":82,"margin":14.0},{"product":"BOSTON TEA PARTY #22 7 PK PRE ROLL - TRAILSTIX","units":50,"revenue":1828.75,"cost":937.5,"profit":891.25,"transactions":44,"margin":48.70000076293945},{"product":"WEDDING CAKE 7 PK PRE ROLL - TRAILSTIX","units":30,"revenue":971.25,"cost":562.5,"profit":408.75,"transactions":30,"margin":42.099998474121094}],"Elevation Mesa":[{"product":"WEDDING CAKE 7 PK PRE ROLL - TRAILSTIX","units":248,"revenue":8864.375,"cost":4650.0,"profit":4214.375,"transactions":224,"margin":47.5},{"product":"MELON RUNTZ 7 PK PRE ROLL - TRAILSTIX","units":100,"revenue":3691.7001342773438,"cost":1875.0,"profit":1816.6999816894531,"transactions":90,"margin":49.20000076293945},{"product":"DOLE WHIP 7 PK PRE ROLL - TRAILSTIX","units":102,"revenue":3660.625,"cost":1912.5,"profit":1748.125,"transactions":84,"margin":47.79999923706055},{"product":"MOTOR HEAD 1 7 PK PRE ROLL - TRAILSTIX","units":102,"revenue":3657.5,"cost":1912.5,"profit":1745.0,"transactions":86,"margin":47.70000076293945},{"product":"PAPAYA 7 PK PRE ROLL - TRAILSTIX","units":102,"revenue":3612.5,"cost":1912.5,"profit":1700.0,"transactions":90,"margin":47.099998474121094},{"product":"FIRST CLASS FUNK #2 7 PK PRE ROLL - TRAILSTIX","units":100,"revenue":3526.25,"cost":1875.0,"profit":1651.25,"transactions":78,"margin":46.79999923706055},{"product":"BLACKWATER 7 PK PRE ROLL - TRAILSTIX","units":100,"revenue":3495.625,"cost":1875.0,"profit":1620.625,"transactions":84,"margin":46.400001525878906},{"product":"MR NASTY 7 PK PRE ROLL - TRAILSTIX","units":98,"revenue":3403.75,"cost":1837.5,"profit":1566.25,"transactions":96,"margin":46.0},{"product":"LGMO 7 PK PREROLL - TRAILSTIX","units":80,"revenue":3053.125,"cost":1500.0,"profit":1553.125,"transactions":78,"margin":50.900001525878906},{"product":"LGMO 7PK PREROLL - TRAILSTIX","units":20,"revenue":672.5,"cost":375.0,"profit":297.5,"transactions":20,"margin":44.20000076293945}],"Elevation Oasis":[{"product":"DONNY BURGER 7 PK PRE ROLL - TRAILSTIX","units":212,"revenue":8417.5,"cost":3975.0,"profit":4442.5,"transactions":178,"margin":52.79999923706055},{"product":"LARRY LOVESTEIN 7 PK PRE ROLL - TRAILSTIX","units":202,"revenue":8106.875,"cost":3787.5,"profit":4319.375,"transactions":192,"margin":53.29999923706055},{"product":"WEDDING CAKE 7 PK PRE ROLL - TRAILSTIX","units":200,"revenue":8102.5,"cost":3750.0,"profit":4352.5,"transactions":186,"margin":53.70000076293945},{"product":"MOTOR HEAD 1 7 PK PRE ROLL - TRAILSTIX","units":134,"revenue":5451.25,"cost":2512.5,"profit":2938.75,"transactions":130,"margin":53.900001525878906},{"product":"ICED RUNTZ #17 7 PK PRE ROLL - TRAILSTIX","units":100,"revenue":4051.25,"cost":1875.0,"profit":2176.25,"transactions":88,"margin":53.70000076293945},{"product":"BLACKWATER 7 PK PRE ROLL - TRAILSTIX","units":100,"revenue":4042.5,"cost":1875.0,"profit":2167.5,"transactions":88,"margin":53.599998474121094},{"product":"MR NASTY 7 PK PRE ROLL - TRAILSTIX","units":96,"revenue":3893.75,"cost":1800.0,"profit":2093.75,"transactions":94,"margin":53.79999923706055}],"Elevation Midtown":[{"product":"DONNY BURGER 7 PK PRE ROLL - TRAILSTIX","units":200,"revenue":8147.5,"cost":3750.0,"profit":4397.5,"transactions":174,"margin":54.0},{"product":"MOTOR HEAD 1 7 PK PRE ROLL - TRAILSTIX","units":100,"revenue":4068.75,"cost":1875.0,"profit":2193.75,"transactions":92,"margin":53.900001525878906},{"product":"ICED RNTZ #17 7 PK PRE ROLL - TRAILSTIX","units":100,"revenue":4060.0,"cost":1875.0,"profit":2185.0,"transactions":96,"margin":53.79999923706055},{"product":"WEDDING CAKE 7 PK PRE ROLL - TRAILSTIX","units":98,"revenue":4025.0,"cost":1837.5,"profit":2187.5,"transactions":92,"margin":54.29999923706055},{"product":"LARRY LOVESTEIN 7 PK PRE ROLL - TRAILSTIX","units":98,"revenue":3968.125,"cost":1837.5,"profit":2130.625,"transactions":90,"margin":53.70000076293945},{"product":"MELON RUNTZ 7 PK PRE ROLL - TRAILSTIX","units":100,"revenue":3937.5,"cost":1875.0,"profit":2062.5,"transactions":96,"margin":52.400001525878906},{"product":"MR NASTY 7 PK PRE ROLL - TRAILSTIX","units":98,"revenue":3867.5,"cost":1837.5,"profit":2030.0,"transactions":86,"margin":52.5},{"product":"FIRST CLASS FUNK #2 7 PK PRE ROLL - TRAILSTIX","units":100,"revenue":3683.75,"cost":1875.0,"profit":1808.75,"transactions":84,"margin":49.099998474121094}],"Elevation Boulevard":[{"product":"ICED RNTZ #17 7 PK PRE ROLL - TRAILSTIX","units":200,"revenue":7065.0,"cost":3750.0,"profit":3315.0,"transactions":168,"margin":46.900001525878906},{"product":"LARRY LOVESTEIN 7 PK PRE ROLL - TRAILSTIX","units":150,"revenue":5490.625,"cost":2812.5,"profit":2678.125,"transactions":140,"margin":48.79999923706055},{"product":"WEDDING CAKE 7 PK PRE ROLL - TRAILSTIX","units":114,"revenue":4167.900085449219,"cost":2137.5,"profit":2030.3999328613281,"transactions":106,"margin":48.70000076293945},{"product":"MOTOR HEAD 1 7 PK PRE ROLL - TRAILSTIX","units":138,"revenue":4020.8248901367188,"cost":2587.5,"profit":1433.3250427246094,"transactions":98,"margin":35.599998474121094},{"product":"DONNY BURGER 7 PK PRE ROLL - TRAILSTIX","units":100,"revenue":3906.875,"cost":1875.0,"profit":2031.875,"transactions":98,"margin":52.0},{"product":"MR NASTY 7 PK PRE ROLL - TRAILSTIX","units":100,"revenue":3762.5,"cost":1875.0,"profit":1887.5,"transactions":94,"margin":50.20000076293945},{"product":"FIRST CLASS FUNK #2 7 PK PRE ROLL - TRAILSTIX","units":100,"revenue":3581.25,"cost":1875.0,"profit":1706.25,"transactions":88,"margin":47.599998474121094},{"product":"LGMO 7PK PREROLL - TRAILSTIX","units":92,"revenue":3400.0,"cost":1725.0,"profit":1675.0,"transactions":82,"margin":49.29999923706055},{"product":"BOSTON TEA PARTY #22 7 PK PRE ROLL - TRAILSTIX","units":68,"revenue":2498.125,"cost":1275.0,"profit":1223.125,"transactions":62,"margin":49.0},{"product":"LGMO 7 PK PREROLL - TRAILSTIX","units":8,"revenue":271.25,"cost":150.0,"profit":121.25,"transactions":6,"margin":44.70000076293945}],"Elevation Parkway":[{"product":"PAPAYA 7 PK PRE ROLL - TRAILSTIX","units":198,"revenue":8026.875,"cost":3712.5,"profit":4314.375,"transactions":180,"margin":53.70000076293945},{"product":"DOLE WHIP 7 PK PRE ROLL - TRAILSTIX","units":200,"revenue":7960.0,"cost":3750.0,"profit":4210.0,"transactions":188,"margin":52.900001525878906},{"product":"MOTOR HEAD 1 7 PK PRE ROLL - TRAILSTIX","units":152,"revenue":6165.625,"cost":2850.0,"profit":3315.625,"transactions":142,"margin":53.79999923706055},{"product":"DONNY BURGER 7 PK PRE ROLL - TRAILSTIX","units":100,"revenue":4151.875,"cost":1875.0,"profit":2276.875,"transactions":84,"margin":54.79999923706055},{"product":"LGMO 7PK PREROLL - TRAILSTIX","units":100,"revenue":4119.5001220703125,"cost":1875.0,"profit":2244.499969482422,"transactions":96,"margin":54.5},{"product":"FIRST CLASS FUNK #2 7 PK PRE ROLL - TRAILSTIX","units":100,"revenue":4086.25,"cost":1875.0,"profit":2211.25,"transactions":96,"margin":54.099998474121094},{"product":"MR NASTY 7 PK PRE ROLL - TRAILSTIX","units":100,"revenue":3581.875,"cost":2225.0,"profit":1356.875,"transactions":82,"margin":37.900001525878906},{"product":"BOSTON TEA PARTY #22 7 PK PRE ROLL - TRAILSTIX","units":70,"revenue":2848.125,"cost":1312.5,"profit":1535.625,"transactions":64,"margin":53.900001525878906},{"product":"WAP 7 PK PRE ROLL - TRAILSTIX","units":4,"revenue":175.0,"cost":75.0,"profit":100.0,"transactions":4,"margin":57.099998474121094}]},"store_summary":[{"store_clean":"Elevation Springs","units":1280,"revenue":47209.375,"cost":24700.0,"profit":22509.375,"discounts":8090.625,"margin":47.70000076293945,"discount_rate":14.600000381469727},{"store_clean":"Elevation Oasis","units":1044,"revenue":42065.625,"cost":19575.0,"profit":22490.625,"discounts":3609.375,"margin":53.5,"discount_rate":7.900000095367432},{"store_clean":"Elevation Parkway","units":1024,"revenue":41115.126953125,"cost":19550.0,"profit":21565.12451171875,"discounts":3334.8748779296875,"margin":52.5,"discount_rate":7.5},{"store_clean":"Elevation Boulevard","units":1070,"revenue":38164.3505859375,"cost":20062.5,"profit":18101.8505859375,"discounts":8648.150024414062,"margin":47.400001525878906,"discount_rate":18.5},{"store_clean":"Elevation Mesa","units":1052,"revenue":37637.94921875,"cost":19725.0,"profit":17912.950439453125,"discounts":8387.050170898438,"margin":47.599998474121094,"discount_rate":18.200000762939453},{"store_clean":"Elevation Midtown","units":894,"revenue":35758.125,"cost":16762.5,"profit":18995.625,"discounts":3354.375,"margin":53.099998474121094,"discount_rate":8.600000381469727}],"recommendations":[{"severity":"info","title":"VOLUME LEVERAGE","detail":"$96,780 revenue provides negotiating leverage.","action":"Use volume as leverage in next vendor meeting."}],"comparison":null}