{"brand":"HUNI BADGER","date_range":"2024-01-01 00:00:00 to 2026-01-31 00:00:00","period_label":"All Time","summary":{"total_units":1036,"total_revenue":57824.2529296875,"total_cost":28255.17578125,"total_discounts":16528.24951171875,"total_profit":29569.07470703125,"overall_margin":51.099998474121094,"fp_margin":65.4000015258789,"disc_margin":39.900001525878906,"pct_full_price":44.099998474121094,"avg_discount_rate":22.200000762939453,"fp_revenue":25505.0,"disc_revenue":32319.25048828125,"brand":"HUNI BADGER","date_range":"2024-01-01 00:00:00 to 2026-01-31 00:00:00","primary_category":"ACCESSORY","store_coverage":"7/7","stores_present":["Elevation Springs","Elevation Mesa","Elevation Oasis","Elevation Downtown","Elevation Midtown","Elevation Boulevard","Elevation Parkway"],"stores_missing":[],"velocity_rank":11,"velocity_total":136},"distribution":[{"store":"Elevation Springs","carries_brand":true,"sku_count":44,"revenue":15693.9990234375,"units":250,"store_total_revenue":51138750.0,"brand_share_pct":0.0},{"store":"Elevation Mesa","carries_brand":true,"sku_count":28,"revenue":9741.0498046875,"units":206,"store_total_revenue":47532240.0,"brand_share_pct":0.0},{"store":"Elevation Oasis","carries_brand":true,"sku_count":28,"revenue":8135.0250244140625,"units":132,"store_total_revenue":56050145.0,"brand_share_pct":0.0},{"store":"Elevation Downtown","carries_brand":true,"sku_count":2,"revenue":635.625,"units":14,"store_total_revenue":1945237.1875,"brand_share_pct":0.0},{"store":"Elevation Midtown","carries_brand":true,"sku_count":18,"revenue":8640.250244140625,"units":158,"store_total_revenue":30850185.0,"brand_share_pct":0.0},{"store":"Elevation Boulevard","carries_brand":true,"sku_count":26,"revenue":7892.550048828125,"units":148,"store_total_revenue":28757865.0,"brand_share_pct":0.0},{"store":"Elevation Parkway","carries_brand":true,"sku_count":20,"revenue":7085.7501220703125,"units":128,"store_total_revenue":21987007.5,"brand_share_pct":0.0}],"share_of_category":[{"category":"ACCESSORY","brand_revenue":55899.2529296875,"category_revenue":4128754.0625,"revenue_share_pct":1.399999976158142,"brand_units":1026,"category_units":2130096,"units_share_pct":0.0},{"category":0.0,"brand_revenue":0.0,"category_revenue":0.0,"revenue_share_pct":0.0,"brand_units":0,"category_units":0,"units_share_pct":0.0}],"share_of_category_trend":{"ACCESSORY":[{"period":"2024-01","brand_revenue":3511.7498779296875,"category_revenue":153543.9453125,"share_pct":2.299999952316284},{"period":"2024-02","brand_revenue":2780.2499389648438,"category_revenue":152399.47265625,"share_pct":1.7999999523162842},{"period":"2024-03","brand_revenue":3635.0,"category_revenue":154678.876953125,"share_pct":2.4000000953674316},{"period":"2024-04","brand_revenue":3780.0,"category_revenue":163353.65234375,"share_pct":2.299999952316284},{"period":"2024-05","brand_revenue":3621.925048828125,"category_revenue":179676.4453125,"share_pct":2.0},{"period":"2024-06","brand_revenue":1508.75,"category_revenue":185008.828125,"share_pct":0.800000011920929},{"period":"2024-07","brand_revenue":1010.0,"category_revenue":186675.46875,"share_pct":0.5},{"period":"2024-08","brand_revenue":1657.5,"category_revenue":180226.328125,"share_pct":0.8999999761581421},{"period":"2024-09","brand_revenue":1738.75,"category_revenue":162386.298828125,"share_pct":1.100000023841858},{"period":"2024-10","brand_revenue":1043.75,"category_revenue":166088.73046875,"share_pct":0.6000000238418579},{"period":"2024-11","brand_revenue":1511.25,"category_revenue":171706.09375,"share_pct":0.8999999761581421},{"period":"2024-12","brand_revenue":1742.5,"category_revenue":176502.03125,"share_pct":1.0},{"period":"2025-01","brand_revenue":1981.25,"category_revenue":167261.34765625,"share_pct":1.2000000476837158},{"period":"2025-02","brand_revenue":272.5,"category_revenue":155260.927734375,"share_pct":0.20000000298023224},{"period":"2025-03","brand_revenue":2688.75,"category_revenue":176420.390625,"share_pct":1.5},{"period":"2025-04","brand_revenue":646.25,"category_revenue":182694.82421875,"share_pct":0.4000000059604645},{"period":"2025-05","brand_revenue":1016.25,"category_revenue":179904.4921875,"share_pct":0.6000000238418579},{"period":"2025-06","brand_revenue":1794.6249389648438,"category_revenue":161148.75,"share_pct":1.100000023841858},{"period":"2025-07","brand_revenue":4465.625,"category_revenue":165549.8046875,"share_pct":2.700000047683716},{"period":"2025-08","brand_revenue":1746.0499572753906,"category_revenue":171752.05078125,"share_pct":1.0},{"period":"2025-09","brand_revenue":3527.7499389648438,"category_revenue":168198.9453125,"share_pct":2.0999999046325684},{"period":"2025-10","brand_revenue":3173.9999389648438,"category_revenue":171844.55078125,"share_pct":1.7999999523162842},{"period":"2025-11","brand_revenue":2728.9999389648438,"category_revenue":172839.74609375,"share_pct":1.600000023841858},{"period":"2025-12","brand_revenue":1726.2750244140625,"category_revenue":141954.873046875,"share_pct":1.2000000476837158},{"period":"2026-01","brand_revenue":2589.5001220703125,"category_revenue":81677.1484375,"share_pct":3.200000047683716}]},"velocity_by_category":[{"category":"ACCESSORY","brand_units_per_day":1.34,"category_avg_units_per_day":20.56,"velocity_index":6.6,"brand_rev_per_unit":43.59,"category_rev_per_unit":1.55,"brands_in_category":136},{"category":0.0,"brand_units_per_day":0.0,"category_avg_units_per_day":0,"velocity_index":0,"brand_rev_per_unit":0.0,"category_rev_per_unit":0.0,"brands_in_category":0}],"store_gaps":[],"product_mix":{"top":[{"product":"420 MINI HUNI BADGER","units":356,"revenue":15289.3505859375,"cost":5356.4251708984375,"profit":9932.925415039062,"stores":6,"transactions":348,"margin":65.0},{"product":"MINI HUNI BADGER","units":132,"revenue":6039.4000244140625,"cost":2675.0,"profit":3364.4000244140625,"stores":4,"transactions":132,"margin":55.70000076293945},{"product":"HUNI BADGER PRO DEVICE","units":20,"revenue":4550.0,"cost":2800.0,"profit":1750.0,"stores":5,"transactions":20,"margin":38.5},{"product":"HUNI BADGER DEVICE","units":24,"revenue":4373.999938964844,"cost":2250.0,"profit":2123.9999389648438,"stores":4,"transactions":24,"margin":48.599998474121094},{"product":"Huni Badger Device - Black","units":24,"revenue":4316.625061035156,"cost":2350.0,"profit":1966.6250610351562,"stores":5,"transactions":24,"margin":45.599998474121094},{"product":"High Temp Huni Tip","units":122,"revenue":2925.0,"cost":1235.0,"profit":1690.0,"stores":5,"transactions":116,"margin":57.79999923706055},{"product":"Huni Badger Device - Nitro Green","units":14,"revenue":2445.0,"cost":1512.5,"profit":932.5,"stores":4,"transactions":14,"margin":38.099998474121094},{"product":"$45 MINI HUNI BADGER - MINI BADGER","units":42,"revenue":1968.75,"cost":918.75,"profit":1050.0,"stores":1,"transactions":42,"margin":53.29999923706055},{"product":"Huni Badger Device - Carnation Pink","units":10,"revenue":1925.0,"cost":1187.5,"profit":737.5,"stores":3,"transactions":10,"margin":38.29999923706055},{"product":"HIGH TEMP TIP - HUNI BADGER","units":78,"revenue":1878.125,"cost":885.0,"profit":993.125,"stores":5,"transactions":70,"margin":52.900001525878906},{"product":"Huni Badger Device - Limited Edition(Yellow)","units":10,"revenue":1750.0,"cost":937.5,"profit":812.5,"stores":3,"transactions":10,"margin":46.400001525878906},{"product":"Huni Badger Device - Crimson Red","units":8,"revenue":1750.0,"cost":950.0,"profit":800.0,"stores":2,"transactions":8,"margin":45.70000076293945},{"product":"Low Temp Huni Tip","units":64,"revenue":1615.0,"cost":690.0,"profit":925.0,"stores":5,"transactions":60,"margin":57.29999923706055},{"product":"Huni Badger Device - Candy Purple","units":8,"revenue":1153.2499694824219,"cost":800.0,"profit":353.25000762939453,"stores":2,"transactions":8,"margin":30.600000381469727},{"product":"Huni Badger Device - Teal Blue","units":6,"revenue":1062.5,"cost":712.5,"profit":350.0,"stores":3,"transactions":6,"margin":32.900001525878906},{"product":"HUNI BADGER PRO DEVICE - FORTUNATE YOUTH BLUE","units":4,"revenue":1041.25,"cost":650.0,"profit":391.25,"stores":1,"transactions":4,"margin":37.599998474121094},{"product":"CELL KING 18650 BATTERY 2PK","units":28,"revenue":817.5,"cost":455.0,"profit":362.5,"stores":6,"transactions":26,"margin":44.29999923706055},{"product":"Huni Badger X2 Charger","units":24,"revenue":450.0,"cost":210.0,"profit":240.0,"stores":4,"transactions":24,"margin":53.29999923706055},{"product":"MINI BULLET BUBBLER - HUNI BADGER","units":10,"revenue":442.5,"cost":375.0,"profit":67.5,"stores":2,"transactions":10,"margin":15.300000190734863},{"product":"MINI HUNI BADGER - HUNI BADGER","units":10,"revenue":400.0,"cost":231.25,"profit":168.75,"stores":1,"transactions":10,"margin":42.20000076293945}],"bottom":[{"product":"MINI BULLET BUBBLER - HUNI BADGER","units":10,"revenue":442.5,"cost":375.0,"profit":67.5,"stores":2,"transactions":10,"margin":15.300000190734863},{"product":"MINI HUNI BADGER - HUNI BADGER","units":10,"revenue":400.0,"cost":231.25,"profit":168.75,"stores":1,"transactions":10,"margin":42.20000076293945},{"product":"BULLET BUBBLER - HUNI BADGER","units":6,"revenue":352.5,"cost":281.25,"profit":71.25,"stores":2,"transactions":6,"margin":20.200000762939453},{"product":"Huni Badger Device - BROWN","units":2,"revenue":350.0,"cost":237.5,"profit":112.5,"stores":1,"transactions":2,"margin":32.099998474121094},{"product":"HUNI BADGER BULLET BUBBLER","units":4,"revenue":270.0,"cost":187.5,"profit":82.5,"stores":2,"transactions":4,"margin":30.600000381469727},{"product":"Huni Badger Cleaning Kit","units":8,"revenue":220.24999618530273,"cost":110.0,"profit":110.24999618530273,"stores":2,"transactions":8,"margin":50.099998474121094},{"product":"Huni Badger Low Temp Tip","units":8,"revenue":175.0,"cost":80.0,"profit":95.0,"stores":2,"transactions":8,"margin":54.29999923706055},{"product":"LOW TEMP TIP - HUNI BADGER","units":8,"revenue":139.50000762939453,"cost":80.0,"profit":59.49999809265137,"stores":1,"transactions":8,"margin":42.70000076293945},{"product":"HUNI BADGER D2 BATTERY CHARGER & POWER BANK","units":4,"revenue":106.25,"cost":80.0,"profit":26.25,"stores":1,"transactions":4,"margin":24.700000762939453},{"product":"HUNI BADGER MOUTHPIECE","units":2,"revenue":17.5,"cost":17.5,"profit":0.0,"stores":1,"transactions":2,"margin":0.0}],"expansion":[{"product":"420 MINI HUNI BADGER","current_stores":6,"total_stores":7,"missing_stores":["Elevation Oasis"],"revenue":15289.3505859375},{"product":"MINI HUNI BADGER","current_stores":4,"total_stores":7,"missing_stores":["Elevation Downtown","Elevation Midtown","Elevation Boulevard"],"revenue":6039.4000244140625},{"product":"HUNI BADGER PRO DEVICE","current_stores":5,"total_stores":7,"missing_stores":["Elevation Downtown","Elevation Midtown"],"revenue":4550.0},{"product":"HUNI BADGER DEVICE","current_stores":4,"total_stores":7,"missing_stores":["Elevation Downtown","Elevation Midtown","Elevation Boulevard"],"revenue":4373.999938964844},{"product":"Huni Badger Device - Black","current_stores":5,"total_stores":7,"missing_stores":["Elevation Springs","Elevation Downtown"],"revenue":4316.625061035156},{"product":"High Temp Huni Tip","current_stores":5,"total_stores":7,"missing_stores":["Elevation Downtown","Elevation Parkway"],"revenue":2925.0},{"product":"Huni Badger Device - Nitro Green","current_stores":4,"total_stores":7,"missing_stores":["Elevation Oasis","Elevation Downtown","Elevation Boulevard"],"revenue":2445.0},{"product":"Huni Badger Device - Carnation Pink","current_stores":3,"total_stores":7,"missing_stores":["Elevation Mesa","Elevation Downtown","Elevation Midtown","Elevation Parkway"],"revenue":1925.0},{"product":"HIGH TEMP TIP - HUNI BADGER","current_stores":5,"total_stores":7,"missing_stores":["Elevation Downtown","Elevation Parkway"],"revenue":1878.125},{"product":"Huni Badger Device - Limited Edition(Yellow)","current_stores":3,"total_stores":7,"missing_stores":["Elevation Mesa","Elevation Oasis","Elevation Downtown","Elevation Midtown"],"revenue":1750.0}]},"pricing_consistency":[{"product":"MINI BULLET BUBBLER - HUNI BADGER","min_price":73.125,"max_price":150.0,"avg_price":111.5625,"std_dev":21.743533521486338,"store_count":4,"price_range":76.875,"range_pct":68.9},{"product":"Huni Badger Cleaning Kit","min_price":31.25,"max_price":62.99999872843425,"avg_price":47.12499936421713,"std_dev":8.980255761416046,"store_count":4,"price_range":31.74999872843425,"range_pct":67.4},{"product":"Huni Badger Device - Teal Blue","min_price":250.0,"max_price":462.5,"avg_price":354.16666666666663,"std_dev":42.52450274057691,"store_count":6,"price_range":212.5,"range_pct":60.0},{"product":"Huni Badger Device - Black","min_price":293.5833231608073,"max_price":467.5,"avg_price":361.1291631062826,"std_dev":26.265750632974328,"store_count":10,"price_range":173.9166768391927,"range_pct":48.2},{"product":"Huni Badger Device - Nitro Green","min_price":250.0,"max_price":400.0,"avg_price":345.56249618530273,"std_dev":26.556401611144395,"store_count":8,"price_range":150.0,"range_pct":43.4},{"product":"HIGH TEMP TIP - HUNI BADGER","min_price":42.1875,"max_price":62.5,"avg_price":51.49107142857143,"std_dev":2.9015961476541894,"store_count":10,"price_range":20.3125,"range_pct":39.4},{"product":"Huni Badger X2 Charger","min_price":28.333333333333336,"max_price":42.5,"avg_price":36.458333333333336,"std_dev":2.5,"store_count":8,"price_range":14.166666666666664,"range_pct":38.9},{"product":"High Temp Huni Tip","min_price":41.66666666666667,"max_price":59.82142857142857,"avg_price":48.05050366300365,"std_dev":2.9249656742627117,"store_count":10,"price_range":18.154761904761898,"range_pct":37.8},{"product":"CELL KING 18650 BATTERY 2PK","min_price":52.5,"max_price":75.0,"avg_price":60.3125,"std_dev":3.3005681329128778,"store_count":12,"price_range":22.5,"range_pct":37.3},{"product":"HUNI BADGER PRO DEVICE","min_price":353.75,"max_price":520.625,"avg_price":447.875,"std_dev":26.359059163786558,"store_count":10,"price_range":166.875,"range_pct":37.3},{"product":"HUNI BADGER BULLET BUBBLER","min_price":112.5,"max_price":157.5,"avg_price":135.0,"std_dev":12.727922061357855,"store_count":4,"price_range":45.0,"range_pct":33.3},{"product":"420 MINI HUNI BADGER","min_price":76.68235629212623,"max_price":102.87280701754385,"avg_price":87.42467640169879,"std_dev":4.856402097134542,"store_count":12,"price_range":26.190450725417627,"range_pct":30.0},{"product":"Low Temp Huni Tip","min_price":39.583333333333336,"max_price":53.95833333333333,"avg_price":48.967261904761905,"std_dev":2.239905549515046,"store_count":10,"price_range":14.374999999999996,"range_pct":29.4},{"product":"BULLET BUBBLER - HUNI BADGER","min_price":106.25,"max_price":140.0,"avg_price":123.125,"std_dev":9.545941546018392,"store_count":4,"price_range":33.75,"range_pct":27.4},{"product":"MINI HUNI BADGER","min_price":79.61538461538461,"max_price":103.18875122070312,"avg_price":91.05806520902193,"std_dev":3.9847705313602413,"store_count":8,"price_range":23.573366605318515,"range_pct":25.9},{"product":"Huni Badger Device - Candy Purple","min_price":236.25,"max_price":305.6666564941406,"avg_price":270.9583282470703,"std_dev":19.63399541372161,"store_count":4,"price_range":69.41665649414062,"range_pct":25.6},{"product":"HUNI BADGER DEVICE","min_price":312.5,"max_price":400.0,"avg_price":359.25000190734863,"std_dev":17.66144511282442,"store_count":8,"price_range":87.5,"range_pct":24.4},{"product":"Huni Badger Device - Carnation Pink","min_price":350.0,"max_price":425.0,"avg_price":383.33333333333337,"std_dev":15.27525231651947,"store_count":6,"price_range":75.0,"range_pct":19.6},{"product":"Huni Badger Device - Crimson Red","min_price":400.0,"max_price":450.0,"avg_price":425.0,"std_dev":14.142135623730951,"store_count":4,"price_range":50.0,"range_pct":11.8},{"product":"Huni Badger Device - Limited Edition(Yellow)","min_price":350.0,"max_price":350.0,"avg_price":350.0,"std_dev":0.0,"store_count":6,"price_range":0.0,"range_pct":0.0},{"product":"Huni Badger Low Temp Tip","min_price":43.75,"max_price":43.75,"avg_price":43.75,"std_dev":0.0,"store_count":4,"price_range":0.0,"range_pct":0.0}],"promotional_effectiveness":{"lift":{"fp_units_per_day":2.52,"disc_units_per_day":2.92,"lift_pct":16.3,"fp_avg_revenue_per_unit":124.42500000000001,"disc_avg_revenue_per_unit":103.25},"by_deal":[{"deal_name":"Industry - 30% Off","uses":81,"revenue":6998.2500076293945,"discounts":2999.2500019073486,"units":170.0,"cost":3997.524999999441,"margin":42.9,"discount_depth":60.0},{"deal_name":"Industry 30% Off","uses":50,"revenue":6863.250017166138,"discounts":2959.2500042915344,"units":118.0,"cost":4246.25,"margin":38.1,"discount_depth":60.2},{"deal_name":"Veterans - 10% Off","uses":6,"revenue":933.75,"discounts":103.75,"units":14.0,"cost":347.5499999988824,"margin":62.8,"discount_depth":20.0},{"deal_name":"Jackpot - Locals 30% Off","uses":4,"revenue":201.25,"discounts":86.25,"units":8.0,"cost":110.0,"margin":45.3,"discount_depth":60.0},{"deal_name":"Senior - 10% Off","uses":4,"revenue":382.5,"discounts":42.5,"units":8.0,"cost":171.25,"margin":55.2,"discount_depth":20.0},{"deal_name":"Employee 30% - NOT FRIDAYS","uses":3,"revenue":394.50000762939453,"discounts":240.50000190734863,"units":6.0,"cost":251.25,"margin":36.3,"discount_depth":75.8},{"deal_name":"Employee - 40% OFF","uses":1,"revenue":37.5,"discounts":25.0,"units":2.0,"cost":20.0,"margin":46.7,"discount_depth":80.0},{"deal_name":"LVAC - 25% Off","uses":1,"revenue":75.0,"discounts":25.0,"units":2.0,"cost":43.75,"margin":41.7,"discount_depth":50.0},{"deal_name":"Store Credit - $25","uses":1,"revenue":131.274995803833,"discounts":181.22499465942383,"units":2.0,"cost":40.0,"margin":69.5,"discount_depth":116.0}]},"growth_opportunities":[{"type":"sku_expansion","title":"Add '420 MINI HUNI BADGER' to 1 more store(s)","detail":"Carried in 6 stores. Missing from: Elevation Oasis","priority":"medium"},{"type":"sku_expansion","title":"Add 'BULLET BUBBLER - HUNI BADGER' to 5 more store(s)","detail":"Carried in 2 stores. Missing from: Elevation Springs, Elevation Downtown, Elevation Midtown, Elevation Boulevard, Elevation Parkway","priority":"medium"},{"type":"sku_expansion","title":"Add 'CELL KING 18650 BATTERY 2PK' to 1 more store(s)","detail":"Carried in 6 stores. Missing from: Elevation Downtown","priority":"medium"},{"type":"sku_expansion","title":"Add 'HIGH TEMP TIP - HUNI BADGER' to 2 more store(s)","detail":"Carried in 5 stores. Missing from: Elevation Downtown, Elevation Parkway","priority":"medium"},{"type":"sku_expansion","title":"Add 'HUNI BADGER BULLET BUBBLER' to 5 more store(s)","detail":"Carried in 2 stores. Missing from: Elevation Oasis, Elevation Downtown, Elevation Midtown, Elevation Boulevard, Elevation Parkway","priority":"medium"},{"type":"velocity","title":"Improve velocity in ACCESSORY","detail":"Velocity index 7 (below category average). 0.7 units/day vs 10.3 avg.","priority":"medium"},{"type":"velocity","title":"Improve velocity in nan","detail":"Velocity index 0 (below category average). 0.0 units/day vs 0.0 avg.","priority":"medium"}],"trend":[{"period":"2024-01","revenue":3511.7498779296875,"cost":1467.7499389648438,"margin":58.2,"units":64,"transactions":58,"profit":2043.9999389648438,"revenue_change_pct":null,"units_change_pct":null,"margin_change_pts":null},{"period":"2024-02","revenue":3130.2499389648438,"cost":1796.3250732421875,"margin":42.6,"units":54,"transactions":50,"profit":1333.9250183105469,"revenue_change_pct":-10.9,"units_change_pct":-15.6,"margin_change_pts":-15.6},{"period":"2024-03","revenue":3635.0,"cost":1858.800048828125,"margin":48.9,"units":72,"transactions":68,"profit":1776.199951171875,"revenue_change_pct":16.1,"units_change_pct":33.3,"margin_change_pts":6.2},{"period":"2024-04","revenue":4280.0,"cost":1848.9250183105469,"margin":56.8,"units":84,"transactions":80,"profit":2431.074981689453,"revenue_change_pct":17.7,"units_change_pct":16.7,"margin_change_pts":7.9},{"period":"2024-05","revenue":3621.925048828125,"cost":1642.5999450683594,"margin":54.6,"units":62,"transactions":62,"profit":1979.324951171875,"revenue_change_pct":-15.4,"units_change_pct":-26.2,"margin_change_pts":-2.2},{"period":"2024-06","revenue":1858.75,"cost":1105.0,"margin":40.6,"units":38,"transactions":38,"profit":753.75,"revenue_change_pct":-48.7,"units_change_pct":-38.7,"margin_change_pts":-14.1},{"period":"2024-07","revenue":1010.0,"cost":507.5,"margin":49.8,"units":32,"transactions":30,"profit":502.5,"revenue_change_pct":-45.7,"units_change_pct":-15.8,"margin_change_pts":9.2},{"period":"2024-08","revenue":1657.5,"cost":801.2750244140625,"margin":51.7,"units":50,"transactions":44,"profit":856.2249755859375,"revenue_change_pct":64.1,"units_change_pct":56.2,"margin_change_pts":1.9},{"period":"2024-09","revenue":1738.75,"cost":396.4500045776367,"margin":77.2,"units":32,"transactions":30,"profit":1342.2999572753906,"revenue_change_pct":4.9,"units_change_pct":-36.0,"margin_change_pts":25.5},{"period":"2024-10","revenue":1043.75,"cost":332.5749969482422,"margin":68.1,"units":24,"transactions":24,"profit":711.1750030517578,"revenue_change_pct":-40.0,"units_change_pct":-25.0,"margin_change_pts":-9.1},{"period":"2024-11","revenue":1511.25,"cost":588.9249801635742,"margin":61.0,"units":32,"transactions":32,"profit":922.3249816894531,"revenue_change_pct":44.8,"units_change_pct":33.3,"margin_change_pts":-7.1},{"period":"2024-12","revenue":1742.5,"cost":547.6499938964844,"margin":68.6,"units":34,"transactions":34,"profit":1194.8500061035156,"revenue_change_pct":15.3,"units_change_pct":6.2,"margin_change_pts":7.5},{"period":"2025-01","revenue":1981.25,"cost":962.550048828125,"margin":51.4,"units":36,"transactions":32,"profit":1018.7000274658203,"revenue_change_pct":13.7,"units_change_pct":5.9,"margin_change_pts":-17.2},{"period":"2025-02","revenue":272.5,"cost":75.02500057220459,"margin":72.5,"units":10,"transactions":10,"profit":197.47501373291016,"revenue_change_pct":-86.2,"units_change_pct":-72.2,"margin_change_pts":21.1},{"period":"2025-03","revenue":2688.75,"cost":1337.5250244140625,"margin":50.3,"units":28,"transactions":24,"profit":1351.2249755859375,"revenue_change_pct":886.7,"units_change_pct":180.0,"margin_change_pts":-22.2},{"period":"2025-04","revenue":1021.25,"cost":428.80001068115234,"margin":58.0,"units":18,"transactions":16,"profit":592.4500274658203,"revenue_change_pct":-62.0,"units_change_pct":-35.7,"margin_change_pts":7.8},{"period":"2025-05","revenue":1016.25,"cost":601.25,"margin":40.8,"units":10,"transactions":10,"profit":415.0,"revenue_change_pct":-0.5,"units_change_pct":-44.4,"margin_change_pts":-17.2},{"period":"2025-06","revenue":1794.6249389648438,"cost":923.75,"margin":48.5,"units":44,"transactions":40,"profit":870.8750152587891,"revenue_change_pct":76.6,"units_change_pct":340.0,"margin_change_pts":7.7},{"period":"2025-07","revenue":4465.625,"cost":2426.25,"margin":45.7,"units":62,"transactions":52,"profit":2039.375,"revenue_change_pct":148.8,"units_change_pct":40.9,"margin_change_pts":-2.9},{"period":"2025-08","revenue":1746.0499572753906,"cost":901.25,"margin":48.4,"units":50,"transactions":46,"profit":844.8000335693359,"revenue_change_pct":-60.9,"units_change_pct":-19.4,"margin_change_pts":2.7},{"period":"2025-09","revenue":3877.7499389648438,"cost":2007.5,"margin":48.2,"units":50,"transactions":50,"profit":1870.2499389648438,"revenue_change_pct":122.1,"units_change_pct":0,"margin_change_pts":-0.2},{"period":"2025-10","revenue":3173.9999389648438,"cost":1656.25,"margin":47.8,"units":58,"transactions":46,"profit":1517.7499389648438,"revenue_change_pct":-18.1,"units_change_pct":16.0,"margin_change_pts":-0.4},{"period":"2025-11","revenue":2728.9999389648438,"cost":1461.25,"margin":46.5,"units":46,"transactions":40,"profit":1267.750015258789,"revenue_change_pct":-14.0,"units_change_pct":-20.7,"margin_change_pts":-1.4},{"period":"2025-12","revenue":1726.2750244140625,"cost":882.5,"margin":48.9,"units":16,"transactions":12,"profit":843.7750244140625,"revenue_change_pct":-36.7,"units_change_pct":-65.2,"margin_change_pts":2.4},{"period":"2026-01","revenue":2589.5001220703125,"cost":1697.5,"margin":34.4,"units":30,"transactions":28,"profit":891.9999694824219,"revenue_change_pct":50.0,"units_change_pct":87.5,"margin_change_pts":-14.4}]}