{"brand":"HUNI BADGER","date_range":"2024-01-01 00:00:00 to 2026-01-31 00:00:00","period_label":"All Time","summary":{"total_units":1036,"total_revenue":57824.2529296875,"total_cost":28255.17578125,"total_discounts":16528.24951171875,"total_profit":29569.07470703125,"overall_margin":51.099998474121094,"fp_margin":65.4000015258789,"disc_margin":39.900001525878906,"pct_full_price":44.099998474121094,"avg_discount_rate":22.200000762939453,"fp_revenue":25505.0,"disc_revenue":32319.25048828125,"unique_customers":792,"brand":"HUNI BADGER","date_range":"2024-01-01 00:00:00 to 2026-01-31 00:00:00","months_count":50,"avg_monthly_cost":1130.2,"cost_per_unit":54.55,"primary_category":"ACCESSORY","primary_cat_margin":61.099998474121094,"category_rank":5,"category_total":136,"margin_vs_category":-10.0,"velocity_rank":11},"category_breakdown":[{"category_clean":"ACCESSORY","units":1026,"revenue":55899.248046875,"cost":27067.67578125,"profit":28831.57470703125,"discounts":16053.24951171875,"margin":51.599998474121094,"category_avg_margin":61.099998474121094,"vs_category":-9.5,"rank":5.0,"total_brands":136.0}],"trend":[{"period":"2024-01","revenue":3511.7498779296875,"cost":1467.7499389648438,"margin":58.2,"units":64,"transactions":58,"profit":2043.9999389648438,"revenue_change_pct":null,"units_change_pct":null,"margin_change_pts":null},{"period":"2024-02","revenue":3130.2499389648438,"cost":1796.3250732421875,"margin":42.6,"units":54,"transactions":50,"profit":1333.9250183105469,"revenue_change_pct":-10.9,"units_change_pct":-15.6,"margin_change_pts":-15.6},{"period":"2024-03","revenue":3635.0,"cost":1858.800048828125,"margin":48.9,"units":72,"transactions":68,"profit":1776.199951171875,"revenue_change_pct":16.1,"units_change_pct":33.3,"margin_change_pts":6.2},{"period":"2024-04","revenue":4280.0,"cost":1848.9250183105469,"margin":56.8,"units":84,"transactions":80,"profit":2431.074981689453,"revenue_change_pct":17.7,"units_change_pct":16.7,"margin_change_pts":7.9},{"period":"2024-05","revenue":3621.925048828125,"cost":1642.5999450683594,"margin":54.6,"units":62,"transactions":62,"profit":1979.324951171875,"revenue_change_pct":-15.4,"units_change_pct":-26.2,"margin_change_pts":-2.2},{"period":"2024-06","revenue":1858.75,"cost":1105.0,"margin":40.6,"units":38,"transactions":38,"profit":753.75,"revenue_change_pct":-48.7,"units_change_pct":-38.7,"margin_change_pts":-14.1},{"period":"2024-07","revenue":1010.0,"cost":507.5,"margin":49.8,"units":32,"transactions":30,"profit":502.5,"revenue_change_pct":-45.7,"units_change_pct":-15.8,"margin_change_pts":9.2},{"period":"2024-08","revenue":1657.5,"cost":801.2750244140625,"margin":51.7,"units":50,"transactions":44,"profit":856.2249755859375,"revenue_change_pct":64.1,"units_change_pct":56.2,"margin_change_pts":1.9},{"period":"2024-09","revenue":1738.75,"cost":396.4500045776367,"margin":77.2,"units":32,"transactions":30,"profit":1342.2999572753906,"revenue_change_pct":4.9,"units_change_pct":-36.0,"margin_change_pts":25.5},{"period":"2024-10","revenue":1043.75,"cost":332.5749969482422,"margin":68.1,"units":24,"transactions":24,"profit":711.1750030517578,"revenue_change_pct":-40.0,"units_change_pct":-25.0,"margin_change_pts":-9.1},{"period":"2024-11","revenue":1511.25,"cost":588.9249801635742,"margin":61.0,"units":32,"transactions":32,"profit":922.3249816894531,"revenue_change_pct":44.8,"units_change_pct":33.3,"margin_change_pts":-7.1},{"period":"2024-12","revenue":1742.5,"cost":547.6499938964844,"margin":68.6,"units":34,"transactions":34,"profit":1194.8500061035156,"revenue_change_pct":15.3,"units_change_pct":6.2,"margin_change_pts":7.5},{"period":"2025-01","revenue":1981.25,"cost":962.550048828125,"margin":51.4,"units":36,"transactions":32,"profit":1018.7000274658203,"revenue_change_pct":13.7,"units_change_pct":5.9,"margin_change_pts":-17.2},{"period":"2025-02","revenue":272.5,"cost":75.02500057220459,"margin":72.5,"units":10,"transactions":10,"profit":197.47501373291016,"revenue_change_pct":-86.2,"units_change_pct":-72.2,"margin_change_pts":21.1},{"period":"2025-03","revenue":2688.75,"cost":1337.5250244140625,"margin":50.3,"units":28,"transactions":24,"profit":1351.2249755859375,"revenue_change_pct":886.7,"units_change_pct":180.0,"margin_change_pts":-22.2},{"period":"2025-04","revenue":1021.25,"cost":428.80001068115234,"margin":58.0,"units":18,"transactions":16,"profit":592.4500274658203,"revenue_change_pct":-62.0,"units_change_pct":-35.7,"margin_change_pts":7.8},{"period":"2025-05","revenue":1016.25,"cost":601.25,"margin":40.8,"units":10,"transactions":10,"profit":415.0,"revenue_change_pct":-0.5,"units_change_pct":-44.4,"margin_change_pts":-17.2},{"period":"2025-06","revenue":1794.6249389648438,"cost":923.75,"margin":48.5,"units":44,"transactions":40,"profit":870.8750152587891,"revenue_change_pct":76.6,"units_change_pct":340.0,"margin_change_pts":7.7},{"period":"2025-07","revenue":4465.625,"cost":2426.25,"margin":45.7,"units":62,"transactions":52,"profit":2039.375,"revenue_change_pct":148.8,"units_change_pct":40.9,"margin_change_pts":-2.9},{"period":"2025-08","revenue":1746.0499572753906,"cost":901.25,"margin":48.4,"units":50,"transactions":46,"profit":844.8000335693359,"revenue_change_pct":-60.9,"units_change_pct":-19.4,"margin_change_pts":2.7},{"period":"2025-09","revenue":3877.7499389648438,"cost":2007.5,"margin":48.2,"units":50,"transactions":50,"profit":1870.2499389648438,"revenue_change_pct":122.1,"units_change_pct":0,"margin_change_pts":-0.2},{"period":"2025-10","revenue":3173.9999389648438,"cost":1656.25,"margin":47.8,"units":58,"transactions":46,"profit":1517.7499389648438,"revenue_change_pct":-18.1,"units_change_pct":16.0,"margin_change_pts":-0.4},{"period":"2025-11","revenue":2728.9999389648438,"cost":1461.25,"margin":46.5,"units":46,"transactions":40,"profit":1267.750015258789,"revenue_change_pct":-14.0,"units_change_pct":-20.7,"margin_change_pts":-1.4},{"period":"2025-12","revenue":1726.2750244140625,"cost":882.5,"margin":48.9,"units":16,"transactions":12,"profit":843.7750244140625,"revenue_change_pct":-36.7,"units_change_pct":-65.2,"margin_change_pts":2.4},{"period":"2026-01","revenue":2589.5001220703125,"cost":1697.5,"margin":34.4,"units":30,"transactions":28,"profit":891.9999694824219,"revenue_change_pct":50.0,"units_change_pct":87.5,"margin_change_pts":-14.4}],"share_of_category":[{"category":"ACCESSORY","brand_revenue":55899.2529296875,"category_revenue":4128754.0625,"revenue_share_pct":1.399999976158142,"brand_units":1026,"category_units":2130096,"units_share_pct":0.0},{"category":0.0,"brand_revenue":0.0,"category_revenue":0.0,"revenue_share_pct":0.0,"brand_units":0,"category_units":0,"units_share_pct":0.0}],"share_of_category_trend":{"ACCESSORY":[{"period":"2024-01","brand_revenue":3511.7498779296875,"category_revenue":153543.9453125,"share_pct":2.299999952316284},{"period":"2024-02","brand_revenue":2780.2499389648438,"category_revenue":152399.47265625,"share_pct":1.7999999523162842},{"period":"2024-03","brand_revenue":3635.0,"category_revenue":154678.876953125,"share_pct":2.4000000953674316},{"period":"2024-04","brand_revenue":3780.0,"category_revenue":163353.65234375,"share_pct":2.299999952316284},{"period":"2024-05","brand_revenue":3621.925048828125,"category_revenue":179676.4453125,"share_pct":2.0},{"period":"2024-06","brand_revenue":1508.75,"category_revenue":185008.828125,"share_pct":0.800000011920929},{"period":"2024-07","brand_revenue":1010.0,"category_revenue":186675.46875,"share_pct":0.5},{"period":"2024-08","brand_revenue":1657.5,"category_revenue":180226.328125,"share_pct":0.8999999761581421},{"period":"2024-09","brand_revenue":1738.75,"category_revenue":162386.298828125,"share_pct":1.100000023841858},{"period":"2024-10","brand_revenue":1043.75,"category_revenue":166088.73046875,"share_pct":0.6000000238418579},{"period":"2024-11","brand_revenue":1511.25,"category_revenue":171706.09375,"share_pct":0.8999999761581421},{"period":"2024-12","brand_revenue":1742.5,"category_revenue":176502.03125,"share_pct":1.0},{"period":"2025-01","brand_revenue":1981.25,"category_revenue":167261.34765625,"share_pct":1.2000000476837158},{"period":"2025-02","brand_revenue":272.5,"category_revenue":155260.927734375,"share_pct":0.20000000298023224},{"period":"2025-03","brand_revenue":2688.75,"category_revenue":176420.390625,"share_pct":1.5},{"period":"2025-04","brand_revenue":646.25,"category_revenue":182694.82421875,"share_pct":0.4000000059604645},{"period":"2025-05","brand_revenue":1016.25,"category_revenue":179904.4921875,"share_pct":0.6000000238418579},{"period":"2025-06","brand_revenue":1794.6249389648438,"category_revenue":161148.75,"share_pct":1.100000023841858},{"period":"2025-07","brand_revenue":4465.625,"category_revenue":165549.8046875,"share_pct":2.700000047683716},{"period":"2025-08","brand_revenue":1746.0499572753906,"category_revenue":171752.05078125,"share_pct":1.0},{"period":"2025-09","brand_revenue":3527.7499389648438,"category_revenue":168198.9453125,"share_pct":2.0999999046325684},{"period":"2025-10","brand_revenue":3173.9999389648438,"category_revenue":171844.55078125,"share_pct":1.7999999523162842},{"period":"2025-11","brand_revenue":2728.9999389648438,"category_revenue":172839.74609375,"share_pct":1.600000023841858},{"period":"2025-12","brand_revenue":1726.2750244140625,"category_revenue":141954.873046875,"share_pct":1.2000000476837158},{"period":"2026-01","brand_revenue":2589.5001220703125,"category_revenue":81677.1484375,"share_pct":3.200000047683716}]},"discount_depth":[{"tier":"0% (Full Price)","transactions":402,"pct_of_transactions":39.9,"revenue":25505.0,"avg_discount":0.0},{"tier":"1-10%","transactions":36,"pct_of_transactions":3.6,"revenue":2265.0,"avg_discount":19.600000381469727},{"tier":"11-20%","transactions":22,"pct_of_transactions":2.2,"revenue":2066.1749267578125,"avg_discount":39.20000076293945},{"tier":"21-30%","transactions":14,"pct_of_transactions":1.4,"revenue":929.375,"avg_discount":49.20000076293945},{"tier":"31%+","transactions":138,"pct_of_transactions":13.7,"revenue":5652.7001953125,"avg_discount":108.5999984741211}],"velocity":{"units_per_day":1.36,"revenue_per_day":76.17499828338623,"avg_units_per_txn":2.16,"days_of_data":759,"total_units":1036,"total_transactions":956},"velocity_by_category":[{"category":"ACCESSORY","brand_units_per_day":1.34,"category_avg_units_per_day":20.56,"velocity_index":6.6,"brand_rev_per_unit":43.59,"category_rev_per_unit":1.55,"brands_in_category":136},{"category":0.0,"brand_units_per_day":0.0,"category_avg_units_per_day":0,"velocity_index":0,"brand_rev_per_unit":0.0,"category_rev_per_unit":0.0,"brands_in_category":0}],"deals":[{"deal_name":"Industry - 30% Off","times_used":162,"units":170.0,"revenue":6998.2500076293945,"discounts":2999.2500019073486,"cost":3997.524999999441,"profit":3000.724997520447,"pre_discount_revenue":9997.5,"margin":42.9,"avg_discount":60.0},{"deal_name":"Industry 30% Off","times_used":100,"units":118.0,"revenue":6863.250017166138,"discounts":2959.2500042915344,"cost":4246.25,"profit":2616.9999957084656,"pre_discount_revenue":9822.5,"margin":38.1,"avg_discount":60.2},{"deal_name":"Veterans - 10% Off","times_used":12,"units":14.0,"revenue":933.75,"discounts":103.75,"cost":347.5499999988824,"profit":586.200008392334,"pre_discount_revenue":1037.5,"margin":62.8,"avg_discount":20.0},{"deal_name":"Jackpot - Locals 30% Off","times_used":8,"units":8.0,"revenue":201.25,"discounts":86.25,"cost":110.0,"profit":91.25,"pre_discount_revenue":287.5,"margin":45.3,"avg_discount":60.0},{"deal_name":"Senior - 10% Off","times_used":8,"units":8.0,"revenue":382.5,"discounts":42.5,"cost":171.25,"profit":211.25,"pre_discount_revenue":425.0,"margin":55.2,"avg_discount":20.0},{"deal_name":"Employee 30% - NOT FRIDAYS","times_used":6,"units":6.0,"revenue":394.50000762939453,"discounts":240.50000190734863,"cost":251.25,"profit":143.24999809265137,"pre_discount_revenue":635.0,"margin":36.3,"avg_discount":75.8},{"deal_name":"Employee - 40% OFF","times_used":2,"units":2.0,"revenue":37.5,"discounts":25.0,"cost":20.0,"profit":17.5,"pre_discount_revenue":62.5,"margin":46.7,"avg_discount":80.0},{"deal_name":"LVAC - 25% Off","times_used":2,"units":2.0,"revenue":75.0,"discounts":25.0,"cost":43.75,"profit":31.25,"pre_discount_revenue":100.0,"margin":41.7,"avg_discount":50.0},{"deal_name":"Store Credit - $25","times_used":2,"units":2.0,"revenue":131.274995803833,"discounts":181.22499465942383,"cost":40.0,"profit":91.27499580383301,"pre_discount_revenue":312.5,"margin":69.5,"avg_discount":116.0}],"top_products":[{"product":"420 MINI HUNI BADGER","units":356,"revenue":15289.3505859375,"cost":5356.4251708984375,"profit":9932.925415039062,"transactions":348,"margin":65.0},{"product":"MINI HUNI BADGER","units":132,"revenue":6039.4000244140625,"cost":2675.0,"profit":3364.4000244140625,"transactions":132,"margin":55.70000076293945},{"product":"HUNI BADGER PRO DEVICE","units":20,"revenue":4550.0,"cost":2800.0,"profit":1750.0,"transactions":20,"margin":38.5},{"product":"HUNI BADGER DEVICE","units":24,"revenue":4373.999938964844,"cost":2250.0,"profit":2123.9999389648438,"transactions":24,"margin":48.599998474121094},{"product":"Huni Badger Device - Black","units":24,"revenue":4316.625061035156,"cost":2350.0,"profit":1966.6250610351562,"transactions":24,"margin":45.599998474121094},{"product":"High Temp Huni Tip","units":122,"revenue":2925.0,"cost":1235.0,"profit":1690.0,"transactions":116,"margin":57.79999923706055},{"product":"Huni Badger Device - Nitro Green","units":14,"revenue":2445.0,"cost":1512.5,"profit":932.5,"transactions":14,"margin":38.099998474121094},{"product":"$45 MINI HUNI BADGER - MINI BADGER","units":42,"revenue":1968.75,"cost":918.75,"profit":1050.0,"transactions":42,"margin":53.29999923706055},{"product":"Huni Badger Device - Carnation Pink","units":10,"revenue":1925.0,"cost":1187.5,"profit":737.5,"transactions":10,"margin":38.29999923706055},{"product":"HIGH TEMP TIP - HUNI BADGER","units":78,"revenue":1878.125,"cost":885.0,"profit":993.125,"transactions":70,"margin":52.900001525878906},{"product":"Huni Badger Device - Limited Edition(Yellow)","units":10,"revenue":1750.0,"cost":937.5,"profit":812.5,"transactions":10,"margin":46.400001525878906},{"product":"Huni Badger Device - Crimson Red","units":8,"revenue":1750.0,"cost":950.0,"profit":800.0,"transactions":8,"margin":45.70000076293945},{"product":"Low Temp Huni Tip","units":64,"revenue":1615.0,"cost":690.0,"profit":925.0,"transactions":60,"margin":57.29999923706055},{"product":"Huni Badger Device - Candy Purple","units":8,"revenue":1153.2499694824219,"cost":800.0,"profit":353.25000762939453,"transactions":8,"margin":30.600000381469727},{"product":"Huni Badger Device - Teal Blue","units":6,"revenue":1062.5,"cost":712.5,"profit":350.0,"transactions":6,"margin":32.900001525878906},{"product":"HUNI BADGER PRO DEVICE - FORTUNATE YOUTH BLUE","units":4,"revenue":1041.25,"cost":650.0,"profit":391.25,"transactions":4,"margin":37.599998474121094},{"product":"CELL KING 18650 BATTERY 2PK","units":28,"revenue":817.5,"cost":455.0,"profit":362.5,"transactions":26,"margin":44.29999923706055},{"product":"Huni Badger X2 Charger","units":24,"revenue":450.0,"cost":210.0,"profit":240.0,"transactions":24,"margin":53.29999923706055},{"product":"MINI BULLET BUBBLER - HUNI BADGER","units":10,"revenue":442.5,"cost":375.0,"profit":67.5,"transactions":10,"margin":15.300000190734863},{"product":"MINI HUNI BADGER - HUNI BADGER","units":10,"revenue":400.0,"cost":231.25,"profit":168.75,"transactions":10,"margin":42.20000076293945},{"product":"BULLET BUBBLER - HUNI BADGER","units":6,"revenue":352.5,"cost":281.25,"profit":71.25,"transactions":6,"margin":20.200000762939453},{"product":"Huni Badger Device - BROWN","units":2,"revenue":350.0,"cost":237.5,"profit":112.5,"transactions":2,"margin":32.099998474121094},{"product":"HUNI BADGER BULLET BUBBLER","units":4,"revenue":270.0,"cost":187.5,"profit":82.5,"transactions":4,"margin":30.600000381469727},{"product":"Huni Badger Cleaning Kit","units":8,"revenue":220.24999618530273,"cost":110.0,"profit":110.24999618530273,"transactions":8,"margin":50.099998474121094},{"product":"Huni Badger Low Temp Tip","units":8,"revenue":175.0,"cost":80.0,"profit":95.0,"transactions":8,"margin":54.29999923706055}],"products_by_store":{"Elevation Springs":[{"product":"MINI HUNI BADGER","units":50,"revenue":2190.0,"cost":1035.0,"profit":1155.0,"transactions":50,"margin":52.70000076293945},{"product":"$45 MINI HUNI BADGER - MINI BADGER","units":42,"revenue":1968.75,"cost":918.75,"profit":1050.0,"transactions":42,"margin":53.29999923706055},{"product":"HUNI BADGER DEVICE","units":8,"revenue":1575.0,"cost":750.0,"profit":825.0,"transactions":8,"margin":52.400001525878906},{"product":"Huni Badger Device - Nitro Green","units":8,"revenue":1416.9999694824219,"cost":850.0,"profit":567.0000076293945,"transactions":8,"margin":40.0},{"product":"Huni Badger Device - Crimson Red","units":6,"revenue":1350.0,"cost":712.5,"profit":637.5,"transactions":6,"margin":47.20000076293945},{"product":"High Temp Huni Tip","units":50,"revenue":1212.5,"cost":500.0,"profit":712.5,"transactions":50,"margin":58.79999923706055},{"product":"HUNI BADGER PRO DEVICE - FORTUNATE YOUTH BLUE","units":4,"revenue":1041.25,"cost":650.0,"profit":391.25,"transactions":4,"margin":37.599998474121094},{"product":"Huni Badger Device - Carnation Pink","units":4,"revenue":850.0,"cost":475.0,"profit":375.0,"transactions":4,"margin":44.099998474121094},{"product":"HUNI BADGER PRO DEVICE","units":4,"revenue":707.5,"cost":650.0,"profit":57.5,"transactions":4,"margin":8.100000381469727},{"product":"Huni Badger Device - Limited Edition(Yellow)","units":4,"revenue":700.0,"cost":375.0,"profit":325.0,"transactions":4,"margin":46.400001525878906},{"product":"HIGH TEMP TIP - HUNI BADGER","units":20,"revenue":518.75,"cost":200.0,"profit":318.75,"transactions":18,"margin":61.400001525878906},{"product":"MINI HUNI BADGER - HUNI BADGER","units":10,"revenue":400.0,"cost":231.25,"profit":168.75,"transactions":10,"margin":42.20000076293945},{"product":"Huni Badger Device - Teal Blue","units":2,"revenue":350.0,"cost":237.5,"profit":112.5,"transactions":2,"margin":32.099998474121094},{"product":"Huni Badger Device - BROWN","units":2,"revenue":350.0,"cost":237.5,"profit":112.5,"transactions":2,"margin":32.099998474121094},{"product":"MINI BULLET BUBBLER - HUNI BADGER","units":8,"revenue":292.5,"cost":300.0,"profit":-7.5,"transactions":8,"margin":-2.5999999046325684}],"Elevation Mesa":[{"product":"420 MINI HUNI BADGER","units":102,"revenue":3910.7998657226562,"cost":2231.25,"profit":1679.5500183105469,"transactions":100,"margin":42.900001525878906},{"product":"HUNI BADGER PRO DEVICE","units":6,"revenue":1500.0,"cost":712.5,"profit":787.5,"transactions":6,"margin":52.5},{"product":"MINI HUNI BADGER","units":26,"revenue":1035.0,"cost":520.0,"profit":515.0,"transactions":26,"margin":49.79999923706055},{"product":"HUNI BADGER DEVICE","units":4,"revenue":661.5000152587891,"cost":375.0,"profit":286.49999618530273,"transactions":4,"margin":43.29999923706055},{"product":"High Temp Huni Tip","units":26,"revenue":625.0,"cost":260.0,"profit":365.0,"transactions":26,"margin":58.400001525878906},{"product":"Huni Badger Device - Nitro Green","units":2,"revenue":377.99999237060547,"cost":187.5,"profit":190.49999237060547,"transactions":2,"margin":50.400001525878906},{"product":"HIGH TEMP TIP - HUNI BADGER","units":14,"revenue":356.25,"cost":140.0,"profit":216.25,"transactions":14,"margin":60.70000076293945},{"product":"Huni Badger Device - Black","units":2,"revenue":330.75000762939453,"cost":187.5,"profit":143.24999809265137,"transactions":2,"margin":43.29999923706055},{"product":"Huni Badger Device - Candy Purple","units":2,"revenue":236.25,"cost":187.5,"profit":48.75,"transactions":2,"margin":20.600000381469727},{"product":"CELL KING 18650 BATTERY 2PK","units":8,"revenue":217.5,"cost":130.0,"profit":87.5,"transactions":8,"margin":40.20000076293945},{"product":"Low Temp Huni Tip","units":8,"revenue":193.75,"cost":80.0,"profit":113.75,"transactions":8,"margin":58.70000076293945},{"product":"BULLET BUBBLER - HUNI BADGER","units":2,"revenue":140.0,"cost":93.75,"profit":46.25,"transactions":2,"margin":33.0},{"product":"HUNI BADGER BULLET BUBBLER","units":2,"revenue":112.5,"cost":93.75,"profit":18.75,"transactions":2,"margin":16.700000762939453},{"product":"Huni Badger Low Temp Tip","units":2,"revenue":43.75,"cost":20.0,"profit":23.75,"transactions":2,"margin":54.29999923706055}],"Elevation Oasis":[{"product":"MINI HUNI BADGER","units":40,"revenue":2063.7750244140625,"cost":800.0,"profit":1263.7750244140625,"transactions":40,"margin":61.20000076293945},{"product":"HUNI BADGER DEVICE","units":6,"revenue":937.5,"cost":562.5,"profit":375.0,"transactions":6,"margin":40.0},{"product":"Huni Badger Device - Black","units":4,"revenue":935.0,"cost":425.0,"profit":510.0,"transactions":4,"margin":54.5},{"product":"HUNI BADGER PRO DEVICE","units":4,"revenue":872.5,"cost":725.0,"profit":147.5,"transactions":4,"margin":16.899999618530273},{"product":"Low Temp Huni Tip","units":28,"revenue":722.5,"cost":330.0,"profit":392.5,"transactions":26,"margin":54.29999923706055},{"product":"Huni Badger Device - Teal Blue","units":2,"revenue":462.5,"cost":237.5,"profit":225.0,"transactions":2,"margin":48.599998474121094},{"product":"High Temp Huni Tip","units":14,"revenue":418.75,"cost":155.0,"profit":263.75,"transactions":14,"margin":63.0},{"product":"Huni Badger Device - Crimson Red","units":2,"revenue":400.0,"cost":237.5,"profit":162.5,"transactions":2,"margin":40.599998474121094},{"product":"Huni Badger Device - Carnation Pink","units":2,"revenue":375.0,"cost":237.5,"profit":137.5,"transactions":2,"margin":36.70000076293945},{"product":"HIGH TEMP TIP - HUNI BADGER","units":14,"revenue":350.0,"cost":175.0,"profit":175.0,"transactions":14,"margin":50.0},{"product":"BULLET BUBBLER - HUNI BADGER","units":4,"revenue":212.5,"cost":187.5,"profit":25.0,"transactions":4,"margin":11.800000190734863},{"product":"Huni Badger X2 Charger","units":8,"revenue":160.0,"cost":70.0,"profit":90.0,"transactions":8,"margin":56.20000076293945},{"product":"MINI BULLET BUBBLER - HUNI BADGER","units":2,"revenue":150.0,"cost":75.0,"profit":75.0,"transactions":2,"margin":50.0},{"product":"CELL KING 18650 BATTERY 2PK","units":2,"revenue":75.0,"cost":32.5,"profit":42.5,"transactions":2,"margin":56.70000076293945}],"Elevation Downtown":[{"product":"420 MINI HUNI BADGER","units":14,"revenue":635.625,"cost":367.5,"profit":268.125,"transactions":12,"margin":42.20000076293945}],"Elevation Midtown":[{"product":"420 MINI HUNI BADGER","units":114,"revenue":5863.75,"cost":1.4249999821186066,"profit":5862.325439453125,"transactions":112,"margin":100.0},{"product":"Huni Badger Device - Black","units":8,"revenue":1485.0,"cost":750.0,"profit":735.0,"transactions":8,"margin":49.5},{"product":"Huni Badger Device - Nitro Green","units":2,"revenue":400.0,"cost":237.5,"profit":162.5,"transactions":2,"margin":40.599998474121094},{"product":"Low Temp Huni Tip","units":12,"revenue":323.75,"cost":120.0,"profit":203.75,"transactions":10,"margin":62.900001525878906},{"product":"Huni Badger Cleaning Kit","units":6,"revenue":188.99999618530273,"cost":82.5,"profit":106.49999618530273,"transactions":6,"margin":56.29999923706055},{"product":"High Temp Huni Tip","units":8,"revenue":168.75,"cost":80.0,"profit":88.75,"transactions":6,"margin":52.599998474121094},{"product":"CELL KING 18650 BATTERY 2PK","units":4,"revenue":112.5,"cost":65.0,"profit":47.5,"transactions":4,"margin":42.20000076293945},{"product":"HIGH TEMP TIP - HUNI BADGER","units":2,"revenue":62.5,"cost":20.0,"profit":42.5,"transactions":2,"margin":68.0},{"product":"Huni Badger X2 Charger","units":2,"revenue":35.0,"cost":17.5,"profit":17.5,"transactions":2,"margin":50.0}],"Elevation Boulevard":[{"product":"420 MINI HUNI BADGER","units":46,"revenue":1774.1749572753906,"cost":1006.25,"profit":767.9250335693359,"transactions":46,"margin":43.29999923706055},{"product":"HUNI BADGER PRO DEVICE","units":4,"revenue":1041.25,"cost":475.0,"profit":566.25,"transactions":4,"margin":54.400001525878906},{"product":"Huni Badger Device - Candy Purple","units":6,"revenue":916.9999694824219,"cost":612.5,"profit":304.50000762939453,"transactions":6,"margin":33.20000076293945},{"product":"Huni Badger Device - Black","units":6,"revenue":880.7499694824219,"cost":612.5,"profit":268.25000762939453,"transactions":6,"margin":30.5},{"product":"Huni Badger Device - Carnation Pink","units":4,"revenue":700.0,"cost":475.0,"profit":225.0,"transactions":4,"margin":32.099998474121094},{"product":"Huni Badger Device - Limited Edition(Yellow)","units":4,"revenue":700.0,"cost":375.0,"profit":325.0,"transactions":4,"margin":46.400001525878906},{"product":"HIGH TEMP TIP - HUNI BADGER","units":28,"revenue":590.625,"cost":350.0,"profit":240.625,"transactions":22,"margin":40.70000076293945},{"product":"High Temp Huni Tip","units":24,"revenue":500.0,"cost":240.0,"profit":260.0,"transactions":20,"margin":52.0},{"product":"Low Temp Huni Tip","units":10,"revenue":256.25,"cost":100.0,"profit":156.25,"transactions":10,"margin":61.0},{"product":"Huni Badger Device - Teal Blue","units":2,"revenue":250.0,"cost":237.5,"profit":12.5,"transactions":2,"margin":5.0},{"product":"CELL KING 18650 BATTERY 2PK","units":6,"revenue":180.0,"cost":97.5,"profit":82.5,"transactions":4,"margin":45.79999923706055},{"product":"Huni Badger X2 Charger","units":6,"revenue":85.0,"cost":52.5,"profit":32.5,"transactions":6,"margin":38.20000076293945},{"product":"HUNI BADGER MOUTHPIECE","units":2,"revenue":17.5,"cost":17.5,"profit":0.0,"transactions":2,"margin":0.0}],"Elevation Parkway":[{"product":"420 MINI HUNI BADGER","units":78,"revenue":3005.0,"cost":1706.25,"profit":1298.75,"transactions":76,"margin":43.20000076293945},{"product":"HUNI BADGER DEVICE","units":6,"revenue":1200.0,"cost":562.5,"profit":637.5,"transactions":6,"margin":53.099998474121094},{"product":"MINI HUNI BADGER","units":16,"revenue":750.625,"cost":320.0,"profit":430.625,"transactions":16,"margin":57.400001525878906},{"product":"Huni Badger Device - Black","units":4,"revenue":685.1249694824219,"cost":375.0,"profit":310.12500762939453,"transactions":4,"margin":45.29999923706055},{"product":"HUNI BADGER PRO DEVICE","units":2,"revenue":428.75,"cost":237.5,"profit":191.25,"transactions":2,"margin":44.599998474121094},{"product":"Huni Badger Device - Limited Edition(Yellow)","units":2,"revenue":350.0,"cost":187.5,"profit":162.5,"transactions":2,"margin":46.400001525878906},{"product":"Huni Badger Device - Nitro Green","units":2,"revenue":250.0,"cost":237.5,"profit":12.5,"transactions":2,"margin":5.0},{"product":"Huni Badger X2 Charger","units":8,"revenue":170.0,"cost":70.0,"profit":100.0,"transactions":8,"margin":58.79999923706055},{"product":"CELL KING 18650 BATTERY 2PK","units":4,"revenue":127.5,"cost":65.0,"profit":62.5,"transactions":4,"margin":49.0},{"product":"Low Temp Huni Tip","units":6,"revenue":118.75,"cost":60.0,"profit":58.75,"transactions":6,"margin":49.5}]},"store_summary":[{"store_clean":"Elevation Springs","units":250,"revenue":15694.000244140625,"cost":8572.5,"profit":7121.500244140625,"discounts":4006.0000610351562,"margin":45.400001525878906,"discount_rate":20.299999237060547},{"store_clean":"Elevation Mesa","units":206,"revenue":9741.0498046875,"cost":5218.75,"profit":4522.300109863281,"discounts":3183.9498901367188,"margin":46.400001525878906,"discount_rate":24.600000381469727},{"store_clean":"Elevation Midtown","units":158,"revenue":8640.250244140625,"cost":1373.9250183105469,"profit":7266.3250732421875,"discounts":1334.7500610351562,"margin":84.0999984741211,"discount_rate":13.399999618530273},{"store_clean":"Elevation Oasis","units":132,"revenue":8135.0250244140625,"cost":4250.0,"profit":3885.0250244140625,"discounts":2229.9749755859375,"margin":47.79999923706055,"discount_rate":21.5},{"store_clean":"Elevation Boulevard","units":148,"revenue":7892.550048828125,"cost":4651.25,"profit":3241.300048828125,"discounts":3312.449951171875,"margin":41.099998474121094,"discount_rate":29.600000381469727},{"store_clean":"Elevation Parkway","units":128,"revenue":7085.7501220703125,"cost":3821.25,"profit":3264.5001220703125,"discounts":2309.250030517578,"margin":46.099998474121094,"discount_rate":24.600000381469727},{"store_clean":"Elevation Downtown","units":14,"revenue":635.625,"cost":367.5,"profit":268.125,"discounts":151.875,"margin":42.20000076293945,"discount_rate":19.299999237060547}],"recommendations":[{"severity":"yellow","title":"CATEGORY BENCHMARK GAP","detail":"Overall margin (51.1%) trails ACCESSORY average (61.1%) by 10.0 pts.","action":"Negotiate cost reduction or increase retail price."},{"severity":"info","title":"VOLUME LEVERAGE","detail":"$23,130 revenue provides negotiating leverage.","action":"Use volume as leverage in next vendor meeting."}],"comparison":null}