{"brand":"AMA","date_range":"2024-01-01 00:00:00 to 2026-01-31 00:00:00","period_label":"All Time","summary":{"total_units":34,"total_revenue":420.7250213623047,"total_cost":170.0,"total_discounts":79.27499771118164,"total_profit":250.72500228881836,"overall_margin":59.599998474121094,"fp_margin":66.69999694824219,"disc_margin":51.5,"pct_full_price":53.5,"avg_discount_rate":15.899999618530273,"fp_revenue":225.0,"disc_revenue":195.72500228881836,"unique_customers":32,"brand":"AMA","date_range":"2024-01-01 00:00:00 to 2026-01-31 00:00:00","months_count":6,"avg_monthly_cost":56.675000000000004,"cost_per_unit":10.0,"primary_category":"PRE ROLL","primary_cat_margin":48.29999923706055,"category_rank":42,"category_total":46,"margin_vs_category":11.300000190734863,"velocity_rank":42},"category_breakdown":[{"category_clean":"PRE ROLL","units":22,"revenue":231.97500228881836,"cost":82.5,"profit":149.47500228881836,"discounts":43.02499771118164,"margin":64.4000015258789,"category_avg_margin":48.29999923706055,"vs_category":16.1,"rank":42.0,"total_brands":46.0},{"category_clean":"INFUSED PRE ROLL","units":10,"revenue":162.5,"cost":75.0,"profit":87.5,"discounts":25.0,"margin":53.79999923706055,"category_avg_margin":47.29999923706055,"vs_category":6.5,"rank":25.0,"total_brands":25.0},{"category_clean":"CONCENTRATE","units":2,"revenue":26.25,"cost":12.5,"profit":13.75,"discounts":11.25,"margin":52.400001525878906,"category_avg_margin":45.900001525878906,"vs_category":6.5,"rank":27.0,"total_brands":27.0}],"trend":[{"period":"2024-06","revenue":26.25,"cost":12.5,"margin":52.4,"units":2,"transactions":2,"profit":13.75,"revenue_change_pct":null,"units_change_pct":null,"margin_change_pts":null},{"period":"2024-11","revenue":231.97500228881836,"cost":82.5,"margin":64.4,"units":22,"transactions":22,"profit":149.47500228881836,"revenue_change_pct":783.7,"units_change_pct":1000.0,"margin_change_pts":12.1},{"period":"2025-12","revenue":162.5,"cost":75.0,"margin":53.8,"units":10,"transactions":10,"profit":87.5,"revenue_change_pct":-29.9,"units_change_pct":-54.5,"margin_change_pts":-10.6}],"share_of_category":[{"category":"PRE ROLL","brand_revenue":231.97500228881836,"category_revenue":14009791.25,"revenue_share_pct":0.0,"brand_units":22,"category_units":1485736,"units_share_pct":0.0},{"category":"INFUSED PRE ROLL","brand_revenue":162.5,"category_revenue":10308101.25,"revenue_share_pct":0.0,"brand_units":10,"category_units":488074,"units_share_pct":0.0},{"category":"CONCENTRATE","brand_revenue":26.25,"category_revenue":7866357.5,"revenue_share_pct":0.0,"brand_units":2,"category_units":316632,"units_share_pct":0.0}],"share_of_category_trend":{"PRE ROLL":[{"period":"2024-01","brand_revenue":0.0,"category_revenue":508338.515625,"share_pct":0.0},{"period":"2024-02","brand_revenue":0.0,"category_revenue":489393.671875,"share_pct":0.0},{"period":"2024-03","brand_revenue":0.0,"category_revenue":520052.3828125,"share_pct":0.0},{"period":"2024-04","brand_revenue":0.0,"category_revenue":491300.6640625,"share_pct":0.0},{"period":"2024-05","brand_revenue":0.0,"category_revenue":542202.890625,"share_pct":0.0},{"period":"2024-06","brand_revenue":0.0,"category_revenue":507288.8671875,"share_pct":0.0},{"period":"2024-07","brand_revenue":0.0,"category_revenue":524250.9765625,"share_pct":0.0},{"period":"2024-08","brand_revenue":0.0,"category_revenue":612518.7109375,"share_pct":0.0},{"period":"2024-09","brand_revenue":0.0,"category_revenue":586543.0078125,"share_pct":0.0},{"period":"2024-10","brand_revenue":0.0,"category_revenue":641449.1796875,"share_pct":0.0},{"period":"2024-11","brand_revenue":231.97500228881836,"category_revenue":579866.71875,"share_pct":0.0},{"period":"2024-12","brand_revenue":0.0,"category_revenue":582999.5703125,"share_pct":0.0},{"period":"2025-01","brand_revenue":0.0,"category_revenue":544095.3125,"share_pct":0.0},{"period":"2025-02","brand_revenue":0.0,"category_revenue":500875.5859375,"share_pct":0.0},{"period":"2025-03","brand_revenue":0.0,"category_revenue":551422.0703125,"share_pct":0.0},{"period":"2025-04","brand_revenue":0.0,"category_revenue":568189.375,"share_pct":0.0},{"period":"2025-05","brand_revenue":0.0,"category_revenue":565516.875,"share_pct":0.0},{"period":"2025-06","brand_revenue":0.0,"category_revenue":560506.71875,"share_pct":0.0},{"period":"2025-07","brand_revenue":0.0,"category_revenue":600916.09375,"share_pct":0.0},{"period":"2025-08","brand_revenue":0.0,"category_revenue":620247.5,"share_pct":0.0},{"period":"2025-09","brand_revenue":0.0,"category_revenue":608971.09375,"share_pct":0.0},{"period":"2025-10","brand_revenue":0.0,"category_revenue":645293.1640625,"share_pct":0.0},{"period":"2025-11","brand_revenue":0.0,"category_revenue":581113.4765625,"share_pct":0.0},{"period":"2025-12","brand_revenue":0.0,"category_revenue":553088.5546875,"share_pct":0.0},{"period":"2026-01","brand_revenue":0.0,"category_revenue":523350.9375,"share_pct":0.0}],"INFUSED PRE ROLL":[{"period":"2024-01","brand_revenue":0.0,"category_revenue":410907.8515625,"share_pct":0.0},{"period":"2024-02","brand_revenue":0.0,"category_revenue":458711.484375,"share_pct":0.0},{"period":"2024-03","brand_revenue":0.0,"category_revenue":427464.375,"share_pct":0.0},{"period":"2024-04","brand_revenue":0.0,"category_revenue":428699.9609375,"share_pct":0.0},{"period":"2024-05","brand_revenue":0.0,"category_revenue":501098.3203125,"share_pct":0.0},{"period":"2024-06","brand_revenue":0.0,"category_revenue":477320.78125,"share_pct":0.0},{"period":"2024-07","brand_revenue":0.0,"category_revenue":479382.109375,"share_pct":0.0},{"period":"2024-08","brand_revenue":0.0,"category_revenue":474359.1015625,"share_pct":0.0},{"period":"2024-09","brand_revenue":0.0,"category_revenue":424280.1171875,"share_pct":0.0},{"period":"2024-10","brand_revenue":0.0,"category_revenue":470840.6640625,"share_pct":0.0},{"period":"2024-11","brand_revenue":0.0,"category_revenue":424285.1171875,"share_pct":0.0},{"period":"2024-12","brand_revenue":0.0,"category_revenue":432093.1640625,"share_pct":0.0},{"period":"2025-01","brand_revenue":0.0,"category_revenue":358002.890625,"share_pct":0.0},{"period":"2025-02","brand_revenue":0.0,"category_revenue":325080.17578125,"share_pct":0.0},{"period":"2025-03","brand_revenue":0.0,"category_revenue":347380.078125,"share_pct":0.0},{"period":"2025-04","brand_revenue":0.0,"category_revenue":401341.40625,"share_pct":0.0},{"period":"2025-05","brand_revenue":0.0,"category_revenue":378076.09375,"share_pct":0.0},{"period":"2025-06","brand_revenue":0.0,"category_revenue":354019.6484375,"share_pct":0.0},{"period":"2025-07","brand_revenue":0.0,"category_revenue":416008.203125,"share_pct":0.0},{"period":"2025-08","brand_revenue":0.0,"category_revenue":425283.28125,"share_pct":0.0},{"period":"2025-09","brand_revenue":0.0,"category_revenue":378313.75,"share_pct":0.0},{"period":"2025-10","brand_revenue":0.0,"category_revenue":389168.3203125,"share_pct":0.0},{"period":"2025-11","brand_revenue":0.0,"category_revenue":390541.3671875,"share_pct":0.0},{"period":"2025-12","brand_revenue":162.5,"category_revenue":392812.34375,"share_pct":0.0},{"period":"2026-01","brand_revenue":0.0,"category_revenue":342630.7421875,"share_pct":0.0}],"CONCENTRATE":[{"period":"2024-01","brand_revenue":0.0,"category_revenue":351129.609375,"share_pct":0.0},{"period":"2024-02","brand_revenue":0.0,"category_revenue":371224.4921875,"share_pct":0.0},{"period":"2024-03","brand_revenue":0.0,"category_revenue":375964.296875,"share_pct":0.0},{"period":"2024-04","brand_revenue":0.0,"category_revenue":352745.859375,"share_pct":0.0},{"period":"2024-05","brand_revenue":0.0,"category_revenue":346027.5,"share_pct":0.0},{"period":"2024-06","brand_revenue":26.25,"category_revenue":310723.3984375,"share_pct":0.0},{"period":"2024-07","brand_revenue":0.0,"category_revenue":336220.078125,"share_pct":0.0},{"period":"2024-08","brand_revenue":0.0,"category_revenue":324004.04296875,"share_pct":0.0},{"period":"2024-09","brand_revenue":0.0,"category_revenue":326834.1796875,"share_pct":0.0},{"period":"2024-10","brand_revenue":0.0,"category_revenue":324500.859375,"share_pct":0.0},{"period":"2024-11","brand_revenue":0.0,"category_revenue":351240.0390625,"share_pct":0.0},{"period":"2024-12","brand_revenue":0.0,"category_revenue":324145.4296875,"share_pct":0.0},{"period":"2025-01","brand_revenue":0.0,"category_revenue":325749.19921875,"share_pct":0.0},{"period":"2025-02","brand_revenue":0.0,"category_revenue":300499.0234375,"share_pct":0.0},{"period":"2025-03","brand_revenue":0.0,"category_revenue":298171.5234375,"share_pct":0.0},{"period":"2025-04","brand_revenue":0.0,"category_revenue":343355.625,"share_pct":0.0},{"period":"2025-05","brand_revenue":0.0,"category_revenue":288836.62109375,"share_pct":0.0},{"period":"2025-06","brand_revenue":0.0,"category_revenue":280928.33984375,"share_pct":0.0},{"period":"2025-07","brand_revenue":0.0,"category_revenue":283604.1796875,"share_pct":0.0},{"period":"2025-08","brand_revenue":0.0,"category_revenue":274773.76953125,"share_pct":0.0},{"period":"2025-09","brand_revenue":0.0,"category_revenue":264599.19921875,"share_pct":0.0},{"period":"2025-10","brand_revenue":0.0,"category_revenue":277515.46875,"share_pct":0.0},{"period":"2025-11","brand_revenue":0.0,"category_revenue":295773.3203125,"share_pct":0.0},{"period":"2025-12","brand_revenue":0.0,"category_revenue":267042.05078125,"share_pct":0.0},{"period":"2026-01","brand_revenue":0.0,"category_revenue":270749.70703125,"share_pct":0.0}]},"discount_depth":[{"tier":"0% (Full Price)","transactions":16,"pct_of_transactions":47.1,"revenue":225.0,"avg_discount":0.0},{"tier":"1-10%","transactions":2,"pct_of_transactions":5.9,"revenue":22.5,"avg_discount":20.0},{"tier":"11-20%","transactions":4,"pct_of_transactions":11.8,"revenue":61.25,"avg_discount":36.599998474121094},{"tier":"21-30%","transactions":0,"pct_of_transactions":0.0,"revenue":0.0,"avg_discount":0},{"tier":"31%+","transactions":8,"pct_of_transactions":23.5,"revenue":59.47500228881836,"avg_discount":81.0}],"velocity":{"units_per_day":0.06,"revenue_per_day":0.7500000298023224,"avg_units_per_txn":2.0,"days_of_data":564,"total_units":34,"total_transactions":34},"velocity_by_category":[{"category":"INFUSED PRE ROLL","brand_units_per_day":0.02,"category_avg_units_per_day":25.62,"velocity_index":0.1,"brand_rev_per_unit":13.0,"category_rev_per_unit":16.9,"brands_in_category":25},{"category":"PRE ROLL","brand_units_per_day":0.02,"category_avg_units_per_day":42.38,"velocity_index":0.1,"brand_rev_per_unit":8.44,"category_rev_per_unit":7.54,"brands_in_category":46},{"category":"CONCENTRATE","brand_units_per_day":0.0,"category_avg_units_per_day":15.38,"velocity_index":0.0,"brand_rev_per_unit":10.5,"category_rev_per_unit":19.88,"brands_in_category":27}],"deals":[{"deal_name":"Industry - 30% Off","times_used":2,"units":2.0,"revenue":26.25,"discounts":11.25,"cost":12.5,"profit":13.75,"pre_discount_revenue":37.5,"margin":52.4,"avg_discount":60.0},{"deal_name":"Industry 30% Off","times_used":2,"units":2.0,"revenue":26.25,"discounts":11.25,"cost":15.0,"profit":11.25,"pre_discount_revenue":37.5,"margin":42.9,"avg_discount":60.0},{"deal_name":"Veterans - 10% Off","times_used":2,"units":2.0,"revenue":22.5,"discounts":2.5,"cost":7.5,"profit":15.0,"pre_discount_revenue":25.0,"margin":66.7,"avg_discount":20.0}],"top_products":[{"product":"BREAKFAST CEREAL PRE ROLL - AMA","units":22,"revenue":231.97500228881836,"cost":82.5,"profit":149.47500228881836,"transactions":22,"margin":64.4000015258789},{"product":"TANGIE COOKIE INFUSED PRE ROLL - AMA","units":8,"revenue":125.0,"cost":60.0,"profit":65.0,"transactions":8,"margin":52.0},{"product":"ATOMIC FIRE INFUSED PRE ROLL - AMA","units":2,"revenue":37.5,"cost":15.0,"profit":22.5,"transactions":2,"margin":60.0},{"product":"CLOUDBERRY BADDER - AMA","units":2,"revenue":26.25,"cost":12.5,"profit":13.75,"transactions":2,"margin":52.400001525878906}],"products_by_store":{"Elevation Springs":[{"product":"TANGIE COOKIE INFUSED PRE ROLL - AMA","units":6,"revenue":98.75,"cost":45.0,"profit":53.75,"transactions":6,"margin":54.400001525878906}],"Elevation Mesa":[{"product":"BREAKFAST CEREAL PRE ROLL - AMA","units":22,"revenue":231.97500228881836,"cost":82.5,"profit":149.47500228881836,"transactions":22,"margin":64.4000015258789},{"product":"CLOUDBERRY BADDER - AMA","units":2,"revenue":26.25,"cost":12.5,"profit":13.75,"transactions":2,"margin":52.400001525878906}],"Elevation Oasis":[{"product":"ATOMIC FIRE INFUSED PRE ROLL - AMA","units":2,"revenue":37.5,"cost":15.0,"profit":22.5,"transactions":2,"margin":60.0}],"Elevation Boulevard":[{"product":"TANGIE COOKIE INFUSED PRE ROLL - AMA","units":2,"revenue":26.25,"cost":15.0,"profit":11.25,"transactions":2,"margin":42.900001525878906}]},"store_summary":[{"store_clean":"Elevation Mesa","units":24,"revenue":258.22500228881836,"cost":95.0,"profit":163.22500228881836,"discounts":54.27499771118164,"margin":63.20000076293945,"discount_rate":17.399999618530273},{"store_clean":"Elevation Springs","units":6,"revenue":98.75,"cost":45.0,"profit":53.75,"discounts":13.75,"margin":54.400001525878906,"discount_rate":12.199999809265137},{"store_clean":"Elevation Oasis","units":2,"revenue":37.5,"cost":15.0,"profit":22.5,"discounts":0.0,"margin":60.0,"discount_rate":0.0},{"store_clean":"Elevation Boulevard","units":2,"revenue":26.25,"cost":15.0,"profit":11.25,"discounts":11.25,"margin":42.900001525878906,"discount_rate":30.0}],"recommendations":[],"comparison":null}