{"brand":"CYCLONES","date_range":"2024-01-01 00:00:00 to 2026-01-31 00:00:00","period_label":"All Time","summary":{"total_units":12,"total_revenue":43.88999938964844,"total_cost":10.079999923706055,"total_discounts":11.190000534057617,"total_profit":33.80999755859375,"overall_margin":77.0,"fp_margin":81.69999694824219,"disc_margin":69.19999694824219,"pct_full_price":62.70000076293945,"avg_discount_rate":20.299999237060547,"fp_revenue":27.540000915527344,"disc_revenue":16.350000381469727,"brand":"CYCLONES","date_range":"2024-01-01 00:00:00 to 2026-01-31 00:00:00","primary_category":"ACCESSORY","store_coverage":"1/7","stores_present":["Thrive Jackpot"],"stores_missing":["Thrive Cactus","Thrive Cheyenne","Thrive Main Street","Thrive Reno","Thrive Sahara","Thrive Sammy"],"velocity_rank":78,"velocity_total":136},"distribution":[{"store":"Thrive Cactus","carries_brand":false,"sku_count":0,"revenue":0,"units":0,"store_total_revenue":20455500.0,"brand_share_pct":0},{"store":"Thrive Cheyenne","carries_brand":false,"sku_count":0,"revenue":0,"units":0,"store_total_revenue":19012896.0,"brand_share_pct":0},{"store":"Thrive Jackpot","carries_brand":true,"sku_count":1,"revenue":43.88999938964844,"units":12,"store_total_revenue":22420058.0,"brand_share_pct":0.0},{"store":"Thrive Main Street","carries_brand":false,"sku_count":0,"revenue":0,"units":0,"store_total_revenue":778094.875,"brand_share_pct":0},{"store":"Thrive Reno","carries_brand":false,"sku_count":0,"revenue":0,"units":0,"store_total_revenue":12340074.0,"brand_share_pct":0},{"store":"Thrive Sahara","carries_brand":false,"sku_count":0,"revenue":0,"units":0,"store_total_revenue":11503146.0,"brand_share_pct":0},{"store":"Thrive Sammy","carries_brand":false,"sku_count":0,"revenue":0,"units":0,"store_total_revenue":8794803.0,"brand_share_pct":0}],"share_of_category":[{"category":"ACCESSORY","brand_revenue":43.88999938964844,"category_revenue":1651501.625,"revenue_share_pct":0.0,"brand_units":12,"category_units":1065048,"units_share_pct":0.0}],"share_of_category_trend":{"ACCESSORY":[{"period":"2024-01","brand_revenue":0.0,"category_revenue":61417.578125,"share_pct":0.0},{"period":"2024-02","brand_revenue":0.0,"category_revenue":60959.7890625,"share_pct":0.0},{"period":"2024-03","brand_revenue":0.0,"category_revenue":61871.55078125,"share_pct":0.0},{"period":"2024-04","brand_revenue":0.0,"category_revenue":65341.4609375,"share_pct":0.0},{"period":"2024-05","brand_revenue":0.0,"category_revenue":71870.578125,"share_pct":0.0},{"period":"2024-06","brand_revenue":0.0,"category_revenue":74003.53125,"share_pct":0.0},{"period":"2024-07","brand_revenue":0.0,"category_revenue":74670.1875,"share_pct":0.0},{"period":"2024-08","brand_revenue":0.0,"category_revenue":72090.53125,"share_pct":0.0},{"period":"2024-09","brand_revenue":0.0,"category_revenue":64954.51953125,"share_pct":0.0},{"period":"2024-10","brand_revenue":0.0,"category_revenue":66435.4921875,"share_pct":0.0},{"period":"2024-11","brand_revenue":0.0,"category_revenue":68682.4375,"share_pct":0.0},{"period":"2024-12","brand_revenue":0.0,"category_revenue":70600.8125,"share_pct":0.0},{"period":"2025-01","brand_revenue":0.0,"category_revenue":66904.5390625,"share_pct":0.0},{"period":"2025-02","brand_revenue":0.0,"category_revenue":62104.37109375,"share_pct":0.0},{"period":"2025-03","brand_revenue":0.0,"category_revenue":70568.15625,"share_pct":0.0},{"period":"2025-04","brand_revenue":0.0,"category_revenue":73077.9296875,"share_pct":0.0},{"period":"2025-05","brand_revenue":4.590000152587891,"category_revenue":71961.796875,"share_pct":0.0},{"period":"2025-06","brand_revenue":22.940000534057617,"category_revenue":64459.5,"share_pct":0.0},{"period":"2025-07","brand_revenue":0.0,"category_revenue":66219.921875,"share_pct":0.0},{"period":"2025-08","brand_revenue":9.180000305175781,"category_revenue":68700.8203125,"share_pct":0.0},{"period":"2025-09","brand_revenue":0.0,"category_revenue":67279.578125,"share_pct":0.0},{"period":"2025-10","brand_revenue":0.0,"category_revenue":68737.8203125,"share_pct":0.0},{"period":"2025-11","brand_revenue":7.180000305175781,"category_revenue":69135.8984375,"share_pct":0.0},{"period":"2025-12","brand_revenue":0.0,"category_revenue":56781.94921875,"share_pct":0.0},{"period":"2026-01","brand_revenue":0.0,"category_revenue":32670.859375,"share_pct":0.0}]},"velocity_by_category":[{"category":"ACCESSORY","brand_units_per_day":0.02,"category_avg_units_per_day":10.28,"velocity_index":0.2,"brand_rev_per_unit":3.66,"category_rev_per_unit":1.55,"brands_in_category":136}],"store_gaps":[{"store":"Thrive Cactus","category":"ACCESSORY","category_revenue_at_store":359352.96875,"opportunity":"Brand not carried"},{"store":"Thrive Reno","category":"ACCESSORY","category_revenue_at_store":318626.5,"opportunity":"Brand not carried"},{"store":"Thrive Cheyenne","category":"ACCESSORY","category_revenue_at_store":221087.65625,"opportunity":"Brand not carried"},{"store":"Thrive Sahara","category":"ACCESSORY","category_revenue_at_store":186593.15625,"opportunity":"Brand not carried"},{"store":"Thrive Sammy","category":"ACCESSORY","category_revenue_at_store":174303.78125,"opportunity":"Brand not carried"},{"store":"Thrive Main Street","category":"ACCESSORY","category_revenue_at_store":24615.880859375,"opportunity":"Brand not carried"}],"product_mix":{"top":[{"product":"TOASTED HEMP CONES 2 PK - CYCLONES","units":12,"revenue":43.88999938964844,"cost":10.079999923706055,"profit":33.80999755859375,"stores":1,"transactions":10,"margin":77.0}],"bottom":[],"expansion":[]},"pricing_consistency":[],"promotional_effectiveness":{"lift":{"fp_units_per_day":1.2,"disc_units_per_day":1.2,"lift_pct":0.0,"fp_avg_revenue_per_unit":4.59,"disc_avg_revenue_per_unit":2.73},"by_deal":[{"deal_name":"Employee - 40% OFF","uses":1,"revenue":2.75,"discounts":1.840000033378601,"units":1.0,"cost":0.8399999737739563,"margin":69.5,"discount_depth":40.1},{"deal_name":"Employee 30% - NOT FRIDAYS","uses":1,"revenue":3.2100000381469727,"discounts":1.3799999952316284,"units":1.0,"cost":0.8399999737739563,"margin":73.8,"discount_depth":30.1},{"deal_name":"Jackpot - Locals 30% Off","uses":1,"revenue":3.2100000381469727,"discounts":1.3799999952316284,"units":1.0,"cost":0.8399999737739563,"margin":73.8,"discount_depth":30.1}]},"growth_opportunities":[{"type":"distribution","title":"Expand to Thrive Cactus","detail":"Store has $359,353 in ACCESSORY \u2014 categories where CYCLONES competes.","priority":"high"},{"type":"distribution","title":"Expand to Thrive Cheyenne","detail":"Store has $221,088 in ACCESSORY \u2014 categories where CYCLONES competes.","priority":"high"},{"type":"distribution","title":"Expand to Thrive Main Street","detail":"Store has $24,616 in ACCESSORY \u2014 categories where CYCLONES competes.","priority":"high"},{"type":"distribution","title":"Expand to Thrive Reno","detail":"Store has $318,626 in ACCESSORY \u2014 categories where CYCLONES competes.","priority":"high"},{"type":"distribution","title":"Expand to Thrive Sahara","detail":"Store has $186,593 in ACCESSORY \u2014 categories where CYCLONES competes.","priority":"high"},{"type":"distribution","title":"Expand to Thrive Sammy","detail":"Store has $174,304 in ACCESSORY \u2014 categories where CYCLONES competes.","priority":"high"},{"type":"velocity","title":"Improve velocity in ACCESSORY","detail":"Velocity index 0 (below category average). 0.0 units/day vs 10.3 avg.","priority":"medium"}],"trend":[{"period":"2025-05","revenue":4.590000152587891,"cost":0.8399999737739563,"margin":81.7,"units":1,"transactions":1,"profit":3.75,"revenue_change_pct":null,"units_change_pct":null,"margin_change_pts":null},{"period":"2025-06","revenue":22.940000534057617,"cost":5.039999961853027,"margin":78.0,"units":6,"transactions":6,"profit":17.899999618530273,"revenue_change_pct":399.8,"units_change_pct":500.0,"margin_change_pts":-3.7},{"period":"2025-08","revenue":9.180000305175781,"cost":1.6799999475479126,"margin":81.7,"units":2,"transactions":1,"profit":7.5,"revenue_change_pct":-60.0,"units_change_pct":-66.7,"margin_change_pts":3.7},{"period":"2025-11","revenue":7.180000305175781,"cost":2.5199999809265137,"margin":64.9,"units":3,"transactions":2,"profit":4.659999847412109,"revenue_change_pct":-21.8,"units_change_pct":50.0,"margin_change_pts":-16.8}]}