{"brand":"JASPER","date_range":"2024-01-01 00:00:00 to 2026-01-31 00:00:00","period_label":"All Time","summary":{"total_units":91994,"total_revenue":2020927.34375,"total_cost":1012654.21875,"total_discounts":1330385.15625,"total_profit":1008273.125,"overall_margin":49.900001525878906,"fp_margin":67.80000305175781,"disc_margin":47.900001525878906,"pct_full_price":10.100000381469727,"avg_discount_rate":39.70000076293945,"fp_revenue":203807.5,"disc_revenue":1817119.84375,"brand":"JASPER","date_range":"2024-01-01 00:00:00 to 2026-01-31 00:00:00","primary_category":"FLOWER","store_coverage":"6/7","stores_present":["Elevation Springs","Elevation Mesa","Elevation Oasis","Elevation Midtown","Elevation Boulevard","Elevation Parkway"],"stores_missing":["Elevation Downtown"],"velocity_rank":11,"velocity_total":64},"distribution":[{"store":"Elevation Springs","carries_brand":true,"sku_count":88,"revenue":383243.203125,"units":17422,"store_total_revenue":51138750.0,"brand_share_pct":0.699999988079071},{"store":"Elevation Mesa","carries_brand":true,"sku_count":80,"revenue":537838.75,"units":24788,"store_total_revenue":47532240.0,"brand_share_pct":1.100000023841858},{"store":"Elevation Oasis","carries_brand":true,"sku_count":82,"revenue":394435.15625,"units":17386,"store_total_revenue":56050145.0,"brand_share_pct":0.699999988079071},{"store":"Elevation Downtown","carries_brand":false,"sku_count":0,"revenue":0.0,"units":0,"store_total_revenue":1945237.1875,"brand_share_pct":0},{"store":"Elevation Midtown","carries_brand":true,"sku_count":76,"revenue":188468.5546875,"units":9166,"store_total_revenue":30850185.0,"brand_share_pct":0.6000000238418579},{"store":"Elevation Boulevard","carries_brand":true,"sku_count":70,"revenue":320379.84375,"units":14516,"store_total_revenue":28757865.0,"brand_share_pct":1.100000023841858},{"store":"Elevation Parkway","carries_brand":true,"sku_count":64,"revenue":196561.71875,"units":8716,"store_total_revenue":21987007.5,"brand_share_pct":0.8999999761581421}],"share_of_category":[{"category":"FLOWER","brand_revenue":1831396.09375,"category_revenue":77755450.0,"revenue_share_pct":2.4000000953674316,"brand_units":69598,"category_units":2708446,"units_share_pct":2.6},{"category":"PRE ROLL","brand_revenue":188774.21875,"category_revenue":14009791.25,"revenue_share_pct":1.2999999523162842,"brand_units":22326,"category_units":1485736,"units_share_pct":1.5},{"category":"TESTER","brand_revenue":757.0000457763672,"category_revenue":5668.800048828125,"revenue_share_pct":13.399999618530273,"brand_units":70,"category_units":186,"units_share_pct":37.6}],"share_of_category_trend":{"FLOWER":[{"period":"2024-01","brand_revenue":90806.552734375,"category_revenue":3552357.8125,"share_pct":2.5999999046325684},{"period":"2024-02","brand_revenue":66072.0751953125,"category_revenue":3535245.625,"share_pct":1.899999976158142},{"period":"2024-03","brand_revenue":87325.8984375,"category_revenue":3693805.625,"share_pct":2.4000000953674316},{"period":"2024-04","brand_revenue":127132.529296875,"category_revenue":3541899.6875,"share_pct":3.5999999046325684},{"period":"2024-05","brand_revenue":62328.447265625,"category_revenue":3537479.375,"share_pct":1.7999999523162842},{"period":"2024-06","brand_revenue":83700.947265625,"category_revenue":3403269.6875,"share_pct":2.5},{"period":"2024-07","brand_revenue":79066.5771484375,"category_revenue":3457705.9375,"share_pct":2.299999952316284},{"period":"2024-08","brand_revenue":173925.64453125,"category_revenue":3453819.375,"share_pct":5.0},{"period":"2024-09","brand_revenue":157368.125,"category_revenue":3316441.5625,"share_pct":4.699999809265137},{"period":"2024-10","brand_revenue":111326.123046875,"category_revenue":3585775.0,"share_pct":3.0999999046325684},{"period":"2024-11","brand_revenue":195347.83203125,"category_revenue":3454855.3125,"share_pct":5.699999809265137},{"period":"2024-12","brand_revenue":199776.58203125,"category_revenue":3226567.8125,"share_pct":6.199999809265137},{"period":"2025-01","brand_revenue":94623.75,"category_revenue":2984938.125,"share_pct":3.200000047683716},{"period":"2025-02","brand_revenue":62658.92578125,"category_revenue":2816220.0,"share_pct":2.200000047683716},{"period":"2025-03","brand_revenue":60666.5771484375,"category_revenue":2911379.6875,"share_pct":2.0999999046325684},{"period":"2025-04","brand_revenue":50243.125,"category_revenue":3118895.3125,"share_pct":1.600000023841858},{"period":"2025-05","brand_revenue":90938.75,"category_revenue":2887345.0,"share_pct":3.0999999046325684},{"period":"2025-06","brand_revenue":37500.10009765625,"category_revenue":2773698.125,"share_pct":1.399999976158142},{"period":"2025-07","brand_revenue":587.5,"category_revenue":2782763.125,"share_pct":0.0},{"period":"2025-08","brand_revenue":0.0,"category_revenue":2733122.8125,"share_pct":0.0},{"period":"2025-09","brand_revenue":0.0,"category_revenue":2603501.5625,"share_pct":0.0},{"period":"2025-10","brand_revenue":0.0,"category_revenue":2663705.0,"share_pct":0.0},{"period":"2025-11","brand_revenue":0.0,"category_revenue":2700189.0625,"share_pct":0.0},{"period":"2025-12","brand_revenue":0.0,"category_revenue":2515209.53125,"share_pct":0.0},{"period":"2026-01","brand_revenue":0.0,"category_revenue":2505261.875,"share_pct":0.0}],"PRE ROLL":[{"period":"2024-01","brand_revenue":2723.75,"category_revenue":508338.515625,"share_pct":0.5},{"period":"2024-02","brand_revenue":6688.0999755859375,"category_revenue":489393.671875,"share_pct":1.399999976158142},{"period":"2024-03","brand_revenue":6629.525146484375,"category_revenue":520052.3828125,"share_pct":1.2999999523162842},{"period":"2024-04","brand_revenue":8880.0,"category_revenue":491300.6640625,"share_pct":1.7999999523162842},{"period":"2024-05","brand_revenue":13074.87548828125,"category_revenue":542202.890625,"share_pct":2.4000000953674316},{"period":"2024-06","brand_revenue":7830.250244140625,"category_revenue":507288.8671875,"share_pct":1.5},{"period":"2024-07","brand_revenue":8915.32470703125,"category_revenue":524250.9765625,"share_pct":1.7000000476837158},{"period":"2024-08","brand_revenue":7021.25,"category_revenue":612518.7109375,"share_pct":1.100000023841858},{"period":"2024-09","brand_revenue":11797.125244140625,"category_revenue":586543.0078125,"share_pct":2.0},{"period":"2024-10","brand_revenue":23274.7509765625,"category_revenue":641449.1796875,"share_pct":3.5999999046325684},{"period":"2024-11","brand_revenue":8319.824829101562,"category_revenue":579866.71875,"share_pct":1.399999976158142},{"period":"2024-12","brand_revenue":10920.0,"category_revenue":582999.5703125,"share_pct":1.899999976158142},{"period":"2025-01","brand_revenue":9366.14990234375,"category_revenue":544095.3125,"share_pct":1.7000000476837158},{"period":"2025-02","brand_revenue":6036.7498779296875,"category_revenue":500875.5859375,"share_pct":1.2000000476837158},{"period":"2025-03","brand_revenue":10579.69970703125,"category_revenue":551422.0703125,"share_pct":1.899999976158142},{"period":"2025-04","brand_revenue":16900.699462890625,"category_revenue":568189.375,"share_pct":3.0},{"period":"2025-05","brand_revenue":21812.77587890625,"category_revenue":565516.875,"share_pct":3.9000000953674316},{"period":"2025-06","brand_revenue":6054.5001220703125,"category_revenue":560506.71875,"share_pct":1.100000023841858},{"period":"2025-07","brand_revenue":546.5000152587891,"category_revenue":600916.09375,"share_pct":0.10000000149011612},{"period":"2025-08","brand_revenue":256.00000381469727,"category_revenue":620247.5,"share_pct":0.0},{"period":"2025-09","brand_revenue":703.125,"category_revenue":608971.09375,"share_pct":0.10000000149011612},{"period":"2025-10","brand_revenue":443.25000762939453,"category_revenue":645293.1640625,"share_pct":0.10000000149011612},{"period":"2025-11","brand_revenue":0.0,"category_revenue":581113.4765625,"share_pct":0.0},{"period":"2025-12","brand_revenue":0.0,"category_revenue":553088.5546875,"share_pct":0.0},{"period":"2026-01","brand_revenue":0.0,"category_revenue":523350.9375,"share_pct":0.0}],"TESTER":[{"period":"2024-01","brand_revenue":0.0,"category_revenue":4033.75,"share_pct":0.0},{"period":"2024-04","brand_revenue":0.0,"category_revenue":85.0,"share_pct":0.0},{"period":"2024-05","brand_revenue":0.0,"category_revenue":145.24999618530273,"share_pct":0.0},{"period":"2024-09","brand_revenue":0.0,"category_revenue":462.5,"share_pct":0.0},{"period":"2024-11","brand_revenue":0.0,"category_revenue":61.25,"share_pct":0.0},{"period":"2025-03","brand_revenue":0.0,"category_revenue":49.000000953674316,"share_pct":0.0},{"period":"2025-05","brand_revenue":25.0,"category_revenue":25.0,"share_pct":100.0},{"period":"2025-06","brand_revenue":156.75000190734863,"category_revenue":156.75000190734863,"share_pct":100.0},{"period":"2025-07","brand_revenue":399.24999237060547,"category_revenue":399.24999237060547,"share_pct":100.0},{"period":"2025-08","brand_revenue":176.00000381469727,"category_revenue":248.50000381469727,"share_pct":70.80000305175781},{"period":"2025-09","brand_revenue":0.0,"category_revenue":2.549999952316284,"share_pct":0.0}]},"velocity_by_category":[{"category":"TESTER","brand_units_per_day":0.1,"category_avg_units_per_day":0.02,"velocity_index":338.7,"brand_rev_per_unit":8.65,"category_rev_per_unit":24.38,"brands_in_category":9},{"category":"FLOWER","brand_units_per_day":91.34,"category_avg_units_per_day":55.54,"velocity_index":164.5,"brand_rev_per_unit":21.05,"category_rev_per_unit":22.97,"brands_in_category":64},{"category":"PRE ROLL","brand_units_per_day":29.3,"category_avg_units_per_day":42.38,"velocity_index":69.1,"brand_rev_per_unit":6.76,"category_rev_per_unit":7.54,"brands_in_category":46}],"store_gaps":[{"store":"Elevation Downtown","category":"FLOWER","category_revenue_at_store":324929.8828125,"opportunity":"Brand not carried"},{"store":"Elevation Downtown","category":"PRE ROLL","category_revenue_at_store":196139.1015625,"opportunity":"Brand not carried"}],"product_mix":{"top":[{"product":"MANGO MINTALITY EIGHTH - JASPER","units":7914,"revenue":244335.87890625,"cost":140243.75,"profit":104092.12890625,"stores":6,"transactions":5418,"margin":42.599998474121094},{"product":"GMO SHERBERT EIGHTH - JASPER","units":6380,"revenue":175300.09765625,"cost":96711.953125,"profit":78588.1494140625,"stores":6,"transactions":4458,"margin":44.79999923706055},{"product":"BUBBA DIAGONAL EIGHTH - JASPER","units":6844,"revenue":160799.921875,"cost":78381.376953125,"profit":82418.5546875,"stores":6,"transactions":4496,"margin":51.29999923706055},{"product":"SOUR DURBAN COOKIES EIGHTH - JASPER","units":4498,"revenue":118663.779296875,"cost":56376.25,"profit":62287.5244140625,"stores":6,"transactions":3422,"margin":52.5},{"product":"RUBY VIOLET EIGHTH - JASPER","units":3744,"revenue":96787.5,"cost":46800.0,"profit":49987.5,"stores":6,"transactions":2812,"margin":51.599998474121094},{"product":"GEORGIA PIE EIGHTH - JASPER","units":3730,"revenue":94580.17578125,"cost":46666.25,"profit":47913.92578125,"stores":6,"transactions":2880,"margin":50.70000076293945},{"product":"LEMON MACMELON EIGHTH - JASPER","units":3684,"revenue":93455.37109375,"cost":50648.75,"profit":42806.6259765625,"stores":6,"transactions":2800,"margin":45.79999923706055},{"product":"SOAP EIGHTH - JASPER","units":4102,"revenue":89364.423828125,"cost":51275.0,"profit":38089.42626953125,"stores":6,"transactions":2406,"margin":42.599998474121094},{"product":"TROP CHERRY EIGHTH - JASPER","units":3238,"revenue":80554.2236328125,"cost":40287.5,"profit":40266.72607421875,"stores":6,"transactions":2288,"margin":50.0},{"product":"BRITNEYS FROZEN LEMONS EIGHTH - JASPER","units":2950,"revenue":80487.6513671875,"cost":43860.0,"profit":36627.64892578125,"stores":6,"transactions":2086,"margin":45.5},{"product":"DOSILATO EIGHTH - JASPER","units":2610,"revenue":66551.0498046875,"cost":32625.0,"profit":33926.0498046875,"stores":6,"transactions":1912,"margin":51.0},{"product":"DOUBLE BAKED CAKE EIGHTH - JASPER","units":2204,"revenue":60762.5,"cost":33655.0,"profit":27107.5,"stores":6,"transactions":1456,"margin":44.599998474121094},{"product":"APPLE FRITTER EIGHTH - JASPER","units":2216,"revenue":56675.80078125,"cost":27700.0,"profit":28975.80078125,"stores":6,"transactions":1652,"margin":51.099998474121094},{"product":"GOVERNMINT OASIS EIGHTH - JASPER","units":1442,"revenue":38166.6748046875,"cost":18025.0,"profit":20141.6748046875,"stores":6,"transactions":1100,"margin":52.79999923706055},{"product":"APPLES N BANANAS EIGHTH - JASPER","units":1398,"revenue":36134.375,"cost":17475.0,"profit":18659.375,"stores":5,"transactions":988,"margin":51.599998474121094},{"product":"MANGO MINTALITY PRE ROLL - JASPER","units":3708,"revenue":35986.59912109375,"cost":12705.0,"profit":23281.59912109375,"stores":6,"transactions":2998,"margin":64.69999694824219},{"product":"GMO ROOTBEER EIGHTH - JASPER","units":1404,"revenue":35703.75,"cost":17550.0,"profit":18153.75,"stores":6,"transactions":1094,"margin":50.79999923706055},{"product":"SPRITZER EIGHTH - JASPER","units":1142,"revenue":32967.42431640625,"cost":17726.25,"profit":15241.175537109375,"stores":6,"transactions":798,"margin":46.20000076293945},{"product":"GOVERNMINT OASIS PRE ROLL - JASPER","units":3888,"revenue":30967.7490234375,"cost":5175.0,"profit":25792.7490234375,"stores":6,"transactions":3086,"margin":83.30000305175781},{"product":"PAPAYA BOMB EIGHTH - JASPER","units":1204,"revenue":30548.30078125,"cost":15050.0,"profit":15498.299560546875,"stores":6,"transactions":1014,"margin":50.70000076293945}],"bottom":[{"product":"SOUR DURBAN COOKIES PRE ROLL - JASPER","units":1056,"revenue":8270.075073242188,"cost":3960.0,"profit":4310.0750732421875,"stores":3,"transactions":836,"margin":52.099998474121094},{"product":"ZEALOUSY PRE ROLL - JASPER","units":986,"revenue":7650.999755859375,"cost":1232.5,"profit":6418.499755859375,"stores":3,"transactions":754,"margin":83.9000015258789},{"product":"CARIBBEAN COOKIES PRE ROLL - JASPER","units":800,"revenue":7052.82470703125,"cost":3000.0,"profit":4052.8250122070312,"stores":4,"transactions":656,"margin":57.5},{"product":"WHITE RAINBOW PRE ROLL - JASPER","units":874,"revenue":7016.6497802734375,"cost":1092.5,"profit":5924.1497802734375,"stores":4,"transactions":638,"margin":84.4000015258789},{"product":"MENAGE EIGHTH - JASPER","units":320,"revenue":6623.75,"cost":3200.0,"profit":3423.75,"stores":3,"transactions":98,"margin":51.70000076293945},{"product":"BIKO KUSH EIGHTH - JASPER","units":192,"revenue":5017.5,"cost":2400.0,"profit":2617.5,"stores":1,"transactions":168,"margin":52.20000076293945},{"product":"BRITNEYS FROZEN LEMONS PRE ROLL - JASPER","units":196,"revenue":1933.3749389648438,"cost":735.0,"profit":1198.375015258789,"stores":1,"transactions":172,"margin":62.0},{"product":"MOROCCAN PEACHES PRE ROLL - JASPER","units":198,"revenue":1607.5,"cost":742.5,"profit":865.0,"stores":1,"transactions":162,"margin":53.79999923706055},{"product":"ZEALOUSY #7 PRE ROLL - JASPER","units":88,"revenue":668.75,"cost":110.0,"profit":558.75,"stores":1,"transactions":76,"margin":83.5999984741211},{"product":"SLURTY3 EIGHTH - JASPER","units":24,"revenue":602.5,"cost":300.0,"profit":302.5,"stores":1,"transactions":22,"margin":50.20000076293945}],"expansion":[{"product":"APPLES N BANANAS EIGHTH - JASPER","current_stores":5,"total_stores":6,"missing_stores":["Elevation Midtown"],"revenue":36134.375},{"product":"STRAWBERRY DURBAN EIGHTH - JASPER","current_stores":5,"total_stores":6,"missing_stores":["Elevation Midtown"],"revenue":30123.75},{"product":"POMELO EIGHTH - JASPER","current_stores":5,"total_stores":6,"missing_stores":["Elevation Parkway"],"revenue":21865.50048828125},{"product":"MALTESE ORANGE EIGHTH - JASPER","current_stores":2,"total_stores":6,"missing_stores":["Elevation Springs","Elevation Midtown","Elevation Boulevard","Elevation Parkway"],"revenue":20781.2744140625},{"product":"LEMON PASTRIES EIGHTH - JASPER","current_stores":3,"total_stores":6,"missing_stores":["Elevation Springs","Elevation Oasis","Elevation Parkway"],"revenue":16930.0},{"product":"GRAPE CANYONZ EIGHTH - JASPER","current_stores":4,"total_stores":6,"missing_stores":["Elevation Oasis","Elevation Boulevard"],"revenue":16717.82470703125},{"product":"ZASHIMI EIGHTH - JASPER","current_stores":4,"total_stores":6,"missing_stores":["Elevation Boulevard","Elevation Parkway"],"revenue":16318.75},{"product":"CARIBBEAN COOKIES EIGHTH - JASPER","current_stores":4,"total_stores":6,"missing_stores":["Elevation Boulevard","Elevation Parkway"],"revenue":15099.749755859375},{"product":"ZEALOUSY #20 PRE ROLL - JASPER","current_stores":3,"total_stores":6,"missing_stores":["Elevation Midtown","Elevation Boulevard","Elevation Parkway"],"revenue":9500.299682617188},{"product":"KREAM PIE EIGHTH - JASPER","current_stores":2,"total_stores":6,"missing_stores":["Elevation Mesa","Elevation Midtown","Elevation Boulevard","Elevation Parkway"],"revenue":9487.5}]},"pricing_consistency":[{"product":"GOVERNMINT OASIS EIGHTH - JASPER","min_price":50.71052631578947,"max_price":76.6796875,"avg_price":56.33141658913245,"std_dev":4.042316303562069,"store_count":12,"price_range":25.969161184210527,"range_pct":46.1},{"product":"SPRITZER EIGHTH - JASPER","min_price":51.15931492225797,"max_price":71.76191057477679,"avg_price":60.61124342140226,"std_dev":3.527651038120786,"store_count":12,"price_range":20.602595652518822,"range_pct":34.0},{"product":"SOAP EIGHTH - JASPER","min_price":40.22215251681171,"max_price":53.671875,"avg_price":46.33691727693254,"std_dev":1.996414126301939,"store_count":12,"price_range":13.449722483188289,"range_pct":29.0},{"product":"POMELO EIGHTH - JASPER","min_price":43.84510869565218,"max_price":56.25,"avg_price":49.82080203826695,"std_dev":1.8823697144766514,"store_count":10,"price_range":12.404891304347823,"range_pct":24.9},{"product":"GMO SHERBERT PRE ROLL - JASPER","min_price":17.954545454545453,"max_price":22.78894472361809,"avg_price":19.71146453319906,"std_dev":0.6618598646207946,"store_count":12,"price_range":4.834399269072636,"range_pct":24.5},{"product":"ZASHIMI EIGHTH - JASPER","min_price":41.2109375,"max_price":50.4296875,"avg_price":44.78092972950269,"std_dev":1.7803564978608202,"store_count":8,"price_range":9.21875,"range_pct":20.6},{"product":"MANGO MINTALITY PRE ROLL - JASPER","min_price":18.035029749716482,"max_price":21.97901675575658,"avg_price":19.7944120738652,"std_dev":0.6570995775220368,"store_count":12,"price_range":3.943987006040097,"range_pct":19.9},{"product":"GRAPE CANYONZ EIGHTH - JASPER","min_price":56.97128772735596,"max_price":69.74999237060547,"avg_price":66.15348169019452,"std_dev":2.463520808635639,"store_count":8,"price_range":12.77870464324951,"range_pct":19.3},{"product":"GOVERNMINT OASIS PRE ROLL - JASPER","min_price":14.54056215094754,"max_price":17.533057346816893,"avg_price":16.207747917676684,"std_dev":0.41603666294503316,"store_count":12,"price_range":2.9924951958693513,"range_pct":18.5},{"product":"STRAWBERRY DURBAN EIGHTH - JASPER","min_price":57.33158151726974,"max_price":68.49609375,"avg_price":63.44497418989215,"std_dev":1.682878628861271,"store_count":10,"price_range":11.164512232730264,"range_pct":17.6},{"product":"LEMON MACMELON EIGHTH - JASPER","min_price":45.86122047244095,"max_price":54.147562980651855,"avg_price":50.544815328451435,"std_dev":1.2038807363874742,"store_count":12,"price_range":8.286342508210911,"range_pct":16.4},{"product":"SPRITZER PRE ROLL - JASPER","min_price":14.983716942798132,"max_price":17.614216524011947,"avg_price":16.159183308787224,"std_dev":0.3856082540843815,"store_count":12,"price_range":2.6304995812138143,"range_pct":16.3},{"product":"WHITE RAINBOW PRE ROLL - JASPER","min_price":15.493589743589745,"max_price":18.1,"avg_price":16.4401585190857,"std_dev":0.4664796086956684,"store_count":8,"price_range":2.6064102564102565,"range_pct":15.9},{"product":"BUBBA DIAGONAL EIGHTH - JASPER","min_price":44.13146158854167,"max_price":51.50727169447211,"avg_price":47.28806598559159,"std_dev":1.2788586905998645,"store_count":12,"price_range":7.375810105930443,"range_pct":15.6},{"product":"CARIBBEAN COOKIES EIGHTH - JASPER","min_price":60.5818594873479,"max_price":70.76249694824219,"avg_price":66.7466793866753,"std_dev":1.856483771980177,"store_count":8,"price_range":10.180637460894282,"range_pct":15.3},{"product":"GMO SHERBERT EIGHTH - JASPER","min_price":51.95337793848536,"max_price":60.37687377929687,"avg_price":55.34745897789194,"std_dev":1.2128881625190677,"store_count":12,"price_range":8.423495840811519,"range_pct":15.2},{"product":"RUBY VIOLET PRE ROLL - JASPER","min_price":17.5,"max_price":20.25,"avg_price":18.58741407914595,"std_dev":0.4177205827178497,"store_count":10,"price_range":2.749999999999999,"range_pct":14.8},{"product":"LEMON MACMELON PRE ROLL - JASPER","min_price":15.774999999999999,"max_price":18.25,"avg_price":16.782138010225548,"std_dev":0.4431380903714987,"store_count":12,"price_range":2.4750000000000005,"range_pct":14.7},{"product":"MANGO MINTALITY EIGHTH - JASPER","min_price":58.43783154899691,"max_price":66.61773200757577,"avg_price":61.488567721622395,"std_dev":1.1690821937711124,"store_count":12,"price_range":8.179900458578846,"range_pct":13.3},{"product":"GEORGIA PIE EIGHTH - JASPER","min_price":45.41052356564621,"max_price":52.139259154853946,"avg_price":50.40921122466574,"std_dev":0.9964567327321656,"store_count":12,"price_range":6.728735589207737,"range_pct":13.3},{"product":"ZEALOUSY #20 PRE ROLL - JASPER","min_price":14.094737435159413,"max_price":15.965189873417723,"avg_price":15.019975769525711,"std_dev":0.3741544824208786,"store_count":6,"price_range":1.8704524382583099,"range_pct":12.5},{"product":"TROP CHERRY EIGHTH - JASPER","min_price":47.162195424564544,"max_price":53.44265892392113,"avg_price":50.0891658560812,"std_dev":1.058857657179466,"store_count":12,"price_range":6.2804634993565855,"range_pct":12.5},{"product":"DOUBLE BAKED CAKE EIGHTH - JASPER","min_price":52.67265319824219,"max_price":59.502601623535156,"avg_price":55.518191378975565,"std_dev":1.0155502333689697,"store_count":12,"price_range":6.829948425292969,"range_pct":12.3},{"product":"LEMON PASTRIES EIGHTH - JASPER","min_price":50.78947368421052,"max_price":56.55499877929688,"avg_price":54.156135043591675,"std_dev":1.2008526361423204,"store_count":6,"price_range":5.765525095086357,"range_pct":10.6},{"product":"ZEALOUSY PRE ROLL - JASPER","min_price":14.79695431472081,"max_price":16.346153846153847,"avg_price":15.689779306405153,"std_dev":0.32048373667654667,"store_count":6,"price_range":1.5491995314330342,"range_pct":9.9},{"product":"CARIBBEAN COOKIES PRE ROLL - JASPER","min_price":16.912499999999998,"max_price":18.61575012207031,"avg_price":17.63206253051758,"std_dev":0.320440741232704,"store_count":8,"price_range":1.7032501220703122,"range_pct":9.7},{"product":"BRITNEYS FROZEN LEMONS EIGHTH - JASPER","min_price":53.349609375,"max_price":57.87185381043632,"avg_price":54.79021380822832,"std_dev":0.6362847389402099,"store_count":12,"price_range":4.522244435436322,"range_pct":8.3},{"product":"RAINBOW SQUISHEE EIGHTH - JASPER","min_price":47.5,"max_price":51.05769230769231,"avg_price":49.75667371490604,"std_dev":0.5600522578199145,"store_count":12,"price_range":3.5576923076923084,"range_pct":7.2},{"product":"DOUBLE BAKED CAKE PRE ROLL - JASPER","min_price":15.087209302325581,"max_price":16.198979591836736,"avg_price":15.639846191995666,"std_dev":0.17980173390501442,"store_count":12,"price_range":1.1117702895111536,"range_pct":7.1},{"product":"SOUR DURBAN COOKIES EIGHTH - JASPER","min_price":50.70932539682539,"max_price":54.23395597017729,"avg_price":52.807795066618624,"std_dev":0.6334058603868945,"store_count":12,"price_range":3.5246305733518923,"range_pct":6.7}],"promotional_effectiveness":{"lift":{"fp_units_per_day":13.3,"disc_units_per_day":144.14,"lift_pct":983.0,"fp_avg_revenue_per_unit":56.3,"disc_avg_revenue_per_unit":42.875},"by_deal":[{"deal_name":"Stock & Save - 1/4 for $40","uses":11380,"revenue":934985.9500026703,"discounts":681935.3000020981,"units":37394.0,"cost":465622.4749999726,"margin":50.2,"discount_depth":84.4},{"deal_name":"Stock & Save - PR - 5 for $30","uses":3151,"revenue":82576.8749988079,"discounts":53768.12500059605,"units":10984.0,"cost":25425.0,"margin":69.2,"discount_depth":78.8},{"deal_name":"Industry - 30% Off","uses":1814,"revenue":91116.24888300896,"discounts":39413.74973475933,"units":4061.0,"cost":42348.624999988824,"margin":53.5,"discount_depth":60.4},{"deal_name":"Jasper 1/4 for $40","uses":1552,"revenue":191156.6250038147,"discounts":170662.1249961853,"units":7649.0,"cost":124613.94999988377,"margin":34.8,"discount_depth":94.4},{"deal_name":"Jasper 1/4 for $50","uses":685,"revenue":100172.87499904633,"discounts":56260.875000953674,"units":3226.0,"cost":57264.37499993481,"margin":42.8,"discount_depth":72.0},{"deal_name":"30% Off Special","uses":595,"revenue":22291.499921679497,"discounts":9621.000056266785,"units":1418.0,"cost":8993.75,"margin":59.7,"discount_depth":60.2},{"deal_name":"Stock & Save - Jasper 1/2 Ounce - $65","uses":477,"revenue":84886.25000238419,"discounts":73101.24999523163,"units":4176.0,"cost":49090.0,"margin":42.2,"discount_depth":92.6},{"deal_name":"Jasper 1/4 for $45","uses":381,"revenue":50430.0,"discounts":36325.0,"units":1794.0,"cost":28917.449999921955,"margin":42.7,"discount_depth":83.8},{"deal_name":"$99 Ounce","uses":211,"revenue":30870.850191116333,"discounts":56191.65174007416,"units":1990.0,"cost":24155.0,"margin":21.8,"discount_depth":129.0},{"deal_name":"4/20 50% Off!!!!","uses":189,"revenue":11855.0,"discounts":11855.0,"units":594.0,"cost":7998.32499998156,"margin":32.5,"discount_depth":100.0},{"deal_name":"1/2 Ounce H+G for $60","uses":177,"revenue":21358.75,"discounts":28647.5,"units":1143.0,"cost":13837.5,"margin":35.2,"discount_depth":114.6},{"deal_name":"Senior - 10% Off","uses":173,"revenue":18203.37456226349,"discounts":2066.625027358532,"units":549.0,"cost":7251.299999998882,"margin":60.2,"discount_depth":20.4},{"deal_name":"Jasper 1/2 for $80","uses":125,"revenue":28064.125003814697,"discounts":26480.875000953674,"units":1123.0,"cost":19498.32499996759,"margin":30.5,"discount_depth":97.0},{"deal_name":"4/20 2025 - Flower / Infused","uses":124,"revenue":4552.5,"discounts":4552.5,"units":336.0,"cost":2830.0,"margin":37.8,"discount_depth":100.0},{"deal_name":"Veterans - 10% Off","uses":117,"revenue":7647.999806404114,"discounts":870.7500123977661,"units":288.0,"cost":2865.0499999988824,"margin":62.5,"discount_depth":20.4},{"deal_name":"Jackpot - Locals 30% Off","uses":90,"revenue":4307.799959182739,"discounts":1913.449993133545,"units":204.0,"cost":1911.25,"margin":55.6,"discount_depth":61.6},{"deal_name":"Senior / Veterans - 20% Off","uses":82,"revenue":9552.00002670288,"discounts":2419.25000667572,"units":313.0,"cost":4266.349999997765,"margin":55.3,"discount_depth":40.4},{"deal_name":"GW - BOGO Jasper 1/8ths","uses":78,"revenue":8264.899621009827,"discounts":8510.10039806366,"units":384.0,"cost":4800.0,"margin":41.9,"discount_depth":101.4},{"deal_name":"25-30% Off","uses":63,"revenue":3063.3500003814697,"discounts":1342.8999996185303,"units":170.0,"cost":918.0249999882653,"margin":70.0,"discount_depth":61.0},{"deal_name":"Industry 30% Off","uses":57,"revenue":1310.7500004768372,"discounts":561.7500013113022,"units":120.0,"cost":570.0,"margin":56.5,"discount_depth":60.0}]},"growth_opportunities":[{"type":"distribution","title":"Expand to Elevation Downtown","detail":"Store has $208,428 in FLOWER, PRE ROLL \u2014 categories where JASPER competes.","priority":"high"},{"type":"sku_expansion","title":"Add 'APPLES N BANANAS EIGHTH - JASPER' to 1 more store(s)","detail":"Carried in 5 stores. Missing from: Elevation Midtown","priority":"medium"},{"type":"sku_expansion","title":"Add 'CARIBBEAN COOKIES EIGHTH - JASPER' to 2 more store(s)","detail":"Carried in 4 stores. Missing from: Elevation Boulevard, Elevation Parkway","priority":"medium"},{"type":"sku_expansion","title":"Add 'CARIBBEAN COOKIES PRE ROLL - JASPER' to 2 more store(s)","detail":"Carried in 4 stores. Missing from: Elevation Springs, Elevation Mesa","priority":"medium"},{"type":"sku_expansion","title":"Add 'GEORGIA PIE PRE ROLL - JASPER' to 1 more store(s)","detail":"Carried in 5 stores. Missing from: Elevation Parkway","priority":"medium"},{"type":"sku_expansion","title":"Add 'GRANDI GUAVA PRE ROLL - JASPER' to 1 more store(s)","detail":"Carried in 5 stores. Missing from: Elevation Parkway","priority":"medium"},{"type":"velocity","title":"Improve velocity in PRE ROLL","detail":"Velocity index 69 (below category average). 14.7 units/day vs 21.2 avg.","priority":"medium"}],"trend":[{"period":"2024-01","revenue":93530.302734375,"cost":50821.25,"margin":45.7,"units":2844,"transactions":1648,"profit":42709.0478515625,"revenue_change_pct":null,"units_change_pct":null,"margin_change_pts":null},{"period":"2024-02","revenue":72760.17578125,"cost":45516.25,"margin":37.4,"units":2882,"transactions":1670,"profit":27243.92578125,"revenue_change_pct":-22.2,"units_change_pct":1.3,"margin_change_pts":-8.2},{"period":"2024-03","revenue":93955.419921875,"cost":55136.69921875,"margin":41.3,"units":3562,"transactions":1958,"profit":38818.7255859375,"revenue_change_pct":29.1,"units_change_pct":23.6,"margin_change_pts":3.9},{"period":"2024-04","revenue":136012.529296875,"cost":72327.2265625,"margin":46.8,"units":5140,"transactions":2840,"profit":63685.2978515625,"revenue_change_pct":44.8,"units_change_pct":44.3,"margin_change_pts":5.5},{"period":"2024-05","revenue":75403.3251953125,"cost":33597.099609375,"margin":55.4,"units":2974,"transactions":2240,"profit":41806.2255859375,"revenue_change_pct":-44.6,"units_change_pct":-42.1,"margin_change_pts":8.6},{"period":"2024-06","revenue":91531.201171875,"cost":54500.0,"margin":40.5,"units":3776,"transactions":2222,"profit":37031.201171875,"revenue_change_pct":21.4,"units_change_pct":27.0,"margin_change_pts":-15.0},{"period":"2024-07","revenue":87981.904296875,"cost":41591.8017578125,"margin":52.7,"units":3658,"transactions":2212,"profit":46390.09765625,"revenue_change_pct":-3.9,"units_change_pct":-3.1,"margin_change_pts":12.3},{"period":"2024-08","revenue":180946.89453125,"cost":90912.900390625,"margin":49.8,"units":7676,"transactions":4274,"profit":90034.00390625,"revenue_change_pct":105.7,"units_change_pct":109.8,"margin_change_pts":-3.0},{"period":"2024-09","revenue":169165.25390625,"cost":78280.2001953125,"margin":53.7,"units":7564,"transactions":4718,"profit":90885.048828125,"revenue_change_pct":-6.5,"units_change_pct":-1.5,"margin_change_pts":4.0},{"period":"2024-10","revenue":134600.87890625,"cost":57757.5,"margin":57.1,"units":7272,"transactions":4482,"profit":76843.3740234375,"revenue_change_pct":-20.4,"units_change_pct":-3.9,"margin_change_pts":3.4},{"period":"2024-11","revenue":203667.65625,"cost":95852.5,"margin":52.9,"units":8560,"transactions":5288,"profit":107815.146484375,"revenue_change_pct":51.3,"units_change_pct":17.7,"margin_change_pts":-4.2},{"period":"2024-12","revenue":210696.58203125,"cost":99353.30078125,"margin":52.8,"units":9196,"transactions":5936,"profit":111343.271484375,"revenue_change_pct":3.5,"units_change_pct":7.4,"margin_change_pts":-0.1},{"period":"2025-01","revenue":103989.90234375,"cost":46795.0,"margin":55.0,"units":4838,"transactions":2886,"profit":57194.90234375,"revenue_change_pct":-50.6,"units_change_pct":-47.4,"margin_change_pts":2.2},{"period":"2025-02","revenue":68695.673828125,"cost":42957.5,"margin":37.5,"units":4250,"transactions":1716,"profit":25738.17626953125,"revenue_change_pct":-33.9,"units_change_pct":-12.2,"margin_change_pts":-17.5},{"period":"2025-03","revenue":71246.2744140625,"cost":32795.0,"margin":54.0,"units":3906,"transactions":2508,"profit":38451.2744140625,"revenue_change_pct":3.7,"units_change_pct":-8.1,"margin_change_pts":16.5},{"period":"2025-04","revenue":67143.8232421875,"cost":31792.5,"margin":52.7,"units":4202,"transactions":2922,"profit":35351.32568359375,"revenue_change_pct":-5.8,"units_change_pct":7.6,"margin_change_pts":-1.3},{"period":"2025-05","revenue":112776.5234375,"cost":59190.0,"margin":47.5,"units":6910,"transactions":3414,"profit":53586.5234375,"revenue_change_pct":68.0,"units_change_pct":64.4,"margin_change_pts":-5.1},{"period":"2025-06","revenue":43711.34765625,"cost":22402.5,"margin":48.7,"units":2482,"transactions":1302,"profit":21308.85009765625,"revenue_change_pct":-61.2,"units_change_pct":-64.1,"margin_change_pts":1.2},{"period":"2025-07","revenue":1533.2499694824219,"cost":487.5,"margin":68.2,"units":124,"transactions":108,"profit":1045.7499694824219,"revenue_change_pct":-96.5,"units_change_pct":-95.0,"margin_change_pts":19.5},{"period":"2025-08","revenue":432.00000762939453,"cost":130.0,"margin":69.9,"units":56,"transactions":52,"profit":302.00000762939453,"revenue_change_pct":-71.8,"units_change_pct":-54.8,"margin_change_pts":1.7},{"period":"2025-09","revenue":703.125,"cost":300.0,"margin":57.3,"units":80,"transactions":66,"profit":403.125,"revenue_change_pct":62.8,"units_change_pct":42.9,"margin_change_pts":-12.6},{"period":"2025-10","revenue":443.25000762939453,"cost":157.5,"margin":64.5,"units":42,"transactions":40,"profit":285.75000762939453,"revenue_change_pct":-37.0,"units_change_pct":-47.5,"margin_change_pts":7.1}]}